[{"id":"c123011p-9300675001113","store":"coles","name":"Classic Coke","price":1.5,"oldPrice":3,"categoryId":"drink","imagePath":"https://shop.coles.com.au/wcsstore/Coles-CAS/images/1/2/3/123011.jpg","cupPrice":"$1.20 per 1l","unit":"ea","packageSize":"1.25l","barcode":["9300675001113","9300675001021"],"brand":"Coca-Cola"},{"id":"c9577540p-5011546451466","store":"coles","name":"Cappuccino Sachets 10 Pack","price":3.15,"oldPrice":6.3,"categoryId":"drink","imagePath":"https://shop.coles.com.au/wcsstore/Coles-CAS/images/9/5/7/9577540.jpg","cupPrice":"$2.39 per 100g","unit":"ea","packageSize":"132g","barcode":["5011546451466"],"brand":"Nescafe"},{"id":"c2993706p-9300675079488","store":"coles","name":"No Sugar Soft Drink Coke","price":1.5,"oldPrice":3,"categoryId":"drink","imagePath":"https://shop.coles.com.au/wcsstore/Coles-CAS/images/2/9/9/2993706.jpg","cupPrice":"$1.20 per 1l","unit":"ea","packageSize":"1.25l","barcode":["9300675079488"],"brand":"Coca Cola"},{"id":"c4461854p-8801055061815","store":"coles","name":"Caramel Latte Sachets 10 Pack","price":3.15,"oldPrice":6.3,"categoryId":"drink","imagePath":"https://shop.coles.com.au/wcsstore/Coles-CAS/images/4/4/6/4461854.jpg","cupPrice":"$1.85 per 100g","unit":"ea","packageSize":"170g","barcode":["8801055061815"],"brand":"Nescafe"},{"id":"c419211p-9300675011037","store":"coles","name":"Diet Coke Soft Drink","price":1.5,"oldPrice":3,"categoryId":"drink","imagePath":"https://shop.coles.com.au/wcsstore/Coles-CAS/images/4/1/9/419211.jpg","cupPrice":"$1.20 per 1l","unit":"ea","packageSize":"1.25l","barcode":["9300675011037","9300675011020"],"brand":"Coca-Cola"},{"id":"c9391600p-93916004","store":"coles","name":"Vanilla Flavour Coke","price":1.5,"oldPrice":3,"categoryId":"drink","imagePath":"https://shop.coles.com.au/wcsstore/Coles-CAS/images/9/3/9/9391600.jpg","cupPrice":"$1.20 per 1l","unit":"ea","packageSize":"1.25l","barcode":["93916004","9300675020961"],"brand":"Coca-Cola"},{"id":"c5694097p-8801055062287","store":"coles","name":"Strong Cappuccino Sachets 10 Pack","price":3.15,"oldPrice":6.3,"categoryId":"drink","imagePath":"https://shop.coles.com.au/wcsstore/Coles-CAS/images/5/6/9/5694097.jpg","cupPrice":"$2.39 per 100g","unit":"ea","packageSize":"132g","barcode":["8801055062287"],"brand":"Nescafe"},{"id":"c4462846p-8801055061808","store":"coles","name":"Vanilla Latte Sachets 10 Pack","price":3.15,"oldPrice":6.3,"categoryId":"drink","imagePath":"https://shop.coles.com.au/wcsstore/Coles-CAS/images/4/4/6/4462846.jpg","cupPrice":"$1.70 per 100g","unit":"ea","packageSize":"185g","barcode":["8801055061808"],"brand":"Nescafe"},{"id":"c4461832p-8801055062799","store":"coles","name":"Mocha Sachets 10 Pack","price":3.15,"oldPrice":6.3,"categoryId":"drink","imagePath":"https://shop.coles.com.au/wcsstore/Coles-CAS/images/4/4/6/4461832.jpg","cupPrice":"$1.75 per 100g","unit":"ea","packageSize":"180g","barcode":["8801055062799","8801055061792"],"brand":"Nescafe"},{"id":"c5117333p-9300675018128","store":"coles","name":"Caffeine Free Diet Coke","price":1.5,"oldPrice":3,"categoryId":"drink","imagePath":"https://shop.coles.com.au/wcsstore/Coles-CAS/images/5/1/1/5117333.jpg","cupPrice":"$1.20 per 1l","unit":"ea","packageSize":"1.25l","barcode":["9300675018128","9300675018012"],"brand":"Coca-Cola"},{"id":"c6851055p-8000070019683","store":"coles","name":"Qualita Oro Medium Roast Smooth Ground Coffee","price":8,"oldPrice":16,"categoryId":"drink","imagePath":"https://shop.coles.com.au/wcsstore/Coles-CAS/images/6/8/5/6851055.jpg","cupPrice":"$1.60 per 100g","unit":"ea","packageSize":"500g","barcode":["8000070019683","400003099320","8000070012325"],"brand":"Lavazza"},{"id":"c6851099p-400003099313","store":"coles","name":"Qualita Oro Medium Roast Smooth Coffee Beans","price":8,"oldPrice":16,"categoryId":"drink","imagePath":"https://shop.coles.com.au/wcsstore/Coles-CAS/images/6/8/5/6851099.jpg","cupPrice":"$1.60 per 100g","unit":"ea","packageSize":"500g","barcode":["400003099313","8000070019362","8000070019690"],"brand":"Lavazza"},{"id":"c4491550p-8801055061846","store":"coles","name":"Hazelnut Latte Sachets 10 Pack","price":3.15,"oldPrice":6.3,"categoryId":"drink","imagePath":"https://shop.coles.com.au/wcsstore/Coles-CAS/images/4/4/9/4491550.jpg","cupPrice":"$1.75 per 100g","unit":"ea","packageSize":"180g","barcode":["8801055061846"],"brand":"Nescafe"},{"id":"c490012p-9312631801118","store":"coles","name":"Pure Ceylon Premium Tea Bags 100 pack","price":2.55,"oldPrice":5.1,"categoryId":"drink","imagePath":"https://shop.coles.com.au/wcsstore/Coles-CAS/images/4/9/0/490012.jpg","cupPrice":"$0.03 per 1ea","unit":"ea","packageSize":"200g","barcode":["9312631801118","9312631138894","9310378072006"],"brand":"Dilmah"},{"id":"c4976854p-8801055062195","store":"coles","name":"Skim Cappuccino Sachets 10 Pack","price":3.15,"oldPrice":6.3,"categoryId":"drink","imagePath":"https://shop.coles.com.au/wcsstore/Coles-CAS/images/4/9/7/4976854.jpg","cupPrice":"$2.39 per 100g","unit":"ea","packageSize":"132g","barcode":["8801055062195"],"brand":"Nescafe"},{"id":"c9505163p-9312631133196","store":"coles","name":"Pure Ceylon Extra Strength Tea Bags 100 pack","price":3.2,"oldPrice":6.4,"categoryId":"drink","imagePath":"https://shop.coles.com.au/wcsstore/Coles-CAS/images/9/5/0/9505163.jpg","cupPrice":"$1.33 per 100g","unit":"ea","packageSize":"240g","barcode":["9312631133196","9312631129625"],"brand":"Dilmah"},{"id":"c3271060p-9300675085519","store":"coles","name":"Vanilla Flavour No Sugar Coke","price":1.5,"oldPrice":3,"categoryId":"drink","imagePath":"https://shop.coles.com.au/wcsstore/Coles-CAS/images/3/2/7/3271060.jpg","cupPrice":"$1.20 per 1l","unit":"ea","packageSize":"1.25l","barcode":["9300675085519"],"brand":"Coca-Cola"},{"id":"c4976956p-9300605126411","store":"coles","name":"Decaffeinated Cappuccino Sachets 10 Pack","price":3.15,"oldPrice":6.3,"categoryId":"drink","imagePath":"https://shop.coles.com.au/wcsstore/Coles-CAS/images/4/9/7/4976956.jpg","cupPrice":"$2.01 per 100g","unit":"ea","packageSize":"157g","barcode":["9300605126411","8801055062812"],"brand":"Nescafe"},{"id":"c2687890p-9300605100220","store":"coles","name":"Special Edition Salted Caramel Latte Coffee 10 Sachets","price":3.15,"oldPrice":6.3,"categoryId":"drink","imagePath":"https://shop.coles.com.au/wcsstore/Coles-CAS/images/2/6/8/2687890.jpg","cupPrice":"$3.15 per 100g","unit":"ea","packageSize":"180g","barcode":["9300605100220"],"brand":"Nescafe"},{"id":"c5046009p-9310159615002","store":"coles","name":"Pure Ceylon Premium Loose Leaf Tea","price":2.45,"oldPrice":4.9,"categoryId":"drink","imagePath":"https://shop.coles.com.au/wcsstore/Coles-CAS/images/5/0/4/5046009.jpg","cupPrice":"$0.98 per 100g","unit":"ea","packageSize":"250g","barcode":["9310159615002","9312631122190","9312631808865"],"brand":"Dilmah"},{"id":"c3208518p","store":"coles","name":"Profondo Coffee Beans","price":9,"oldPrice":18,"categoryId":"drink","imagePath":"https://shop.coles.com.au/wcsstore/Coles-CAS/images/3/2/0/3208518.jpg","cupPrice":"$1.80 per 100g","unit":"ea","packageSize":"500g","brand":"L'or"},{"id":"c3192746p","store":"coles","name":"Unsweetened Like Milk","price":2,"oldPrice":4,"categoryId":"drink","imagePath":"https://shop.coles.com.au/wcsstore/Coles-CAS/images/3/1/9/3192746.jpg","cupPrice":"$2.00 per 1l","unit":"ea","packageSize":"1l","brand":"Australia's Own"},{"id":"c3636817p-9300605090552","store":"coles","name":"White Choc Mocha Coffee Sachets","price":3.15,"oldPrice":6.3,"categoryId":"drink","imagePath":"https://shop.coles.com.au/wcsstore/Coles-CAS/images/3/6/3/3636817.jpg","cupPrice":"$0.32 per 1ea","unit":"ea","packageSize":"10 pack","barcode":["9300605090552"],"brand":"Nescafe"},{"id":"c3511403p-9300605127104","store":"coles","name":"Gold Creme Brulee Latte Coffee Sachets  8 pack","price":3.15,"oldPrice":6.3,"categoryId":"drink","imagePath":"https://shop.coles.com.au/wcsstore/Coles-CAS/images/3/5/1/3511403.jpg","cupPrice":"$2.25 per 100g","unit":"ea","packageSize":"140g","barcode":["9300605127104"],"brand":"Nescafe"},{"id":"c3208529p","store":"coles","name":"Onyx Espresso Coffee Beans","price":9,"oldPrice":18,"categoryId":"drink","imagePath":"https://shop.coles.com.au/wcsstore/Coles-CAS/images/3/2/0/3208529.jpg","cupPrice":"$1.80 per 100g","unit":"ea","packageSize":"500g","brand":"L'OR"},{"id":"c3511844p-9300605127395","store":"coles","name":"Gold Cappuccino Intense Coffee Sachets Strong 8 pack","price":3.15,"oldPrice":6.3,"categoryId":"drink","imagePath":"https://shop.coles.com.au/wcsstore/Coles-CAS/images/3/5/1/3511844.jpg","cupPrice":"$2.56 per 100g","unit":"ea","packageSize":"123g","barcode":["9300605127395"],"brand":"Nescafe"},{"id":"c3511822p-9300605127388","store":"coles","name":"Gold Cappuccino Original Coffee Sachets Medium 8 pack","price":3.15,"oldPrice":6.3,"categoryId":"drink","imagePath":"https://shop.coles.com.au/wcsstore/Coles-CAS/images/3/5/1/3511822.jpg","cupPrice":"$2.56 per 100g","unit":"ea","packageSize":"123g","barcode":["9300605127388"],"brand":"Nescafe"},{"id":"c3511390p-9300605127098","store":"coles","name":"Gold Roasted Hazelnut Mocha Coffee Sachets 8 pack","price":3.15,"oldPrice":6.3,"categoryId":"drink","imagePath":"https://shop.coles.com.au/wcsstore/Coles-CAS/images/3/5/1/3511390.jpg","cupPrice":"$2.19 per 100g","unit":"ea","packageSize":"144g","barcode":["9300605127098"],"brand":"Nescafe"},{"id":"c3515222p-8000070029910","store":"coles","name":"Qualita ORO Mountain Grown Ground Coffee","price":8,"oldPrice":16,"categoryId":"drink","imagePath":"https://shop.coles.com.au/wcsstore/Coles-CAS/images/3/5/1/3515222.jpg","cupPrice":"$1.60 per 100g","unit":"ea","packageSize":"500g","barcode":["8000070029910"],"brand":"Lavazza"}]