[{"id":"c8434627p-9310213541353","store":"coles","name":"Frozen Crumbed Chicken Breast Tenders","price":3.97,"oldPrice":7.95,"categoryId":"freezer","imagePath":"https://shop.coles.com.au/wcsstore/Coles-CAS/images/8/4/3/8434627.jpg","cupPrice":"$9.93 per 1kg","unit":"ea","packageSize":"400g","barcode":["9310213541353","9310213565892"],"brand":"Steggles"},{"id":"c5886780p-9310076667498","store":"coles","name":"Frozen Yum Cha Entertainer Pack","price":7,"oldPrice":14,"categoryId":"freezer","imagePath":"https://shop.coles.com.au/wcsstore/Coles-CAS/images/5/8/8/5886780.jpg","cupPrice":"$0.70 per 100g","unit":"ea","packageSize":"1kg","barcode":["9310076667498"],"brand":"Ho Mai"},{"id":"c5164399p-400002883357","store":"coles","name":"Frozen Blueberries","price":2.82,"oldPrice":5.65,"categoryId":"freezer","imagePath":"https://shop.coles.com.au/wcsstore/Coles-CAS/images/5/1/6/5164399.jpg","cupPrice":"$9.40 per 1kg","unit":"ea","packageSize":"300g","barcode":["400002883357","9344372002783","9311008049177","9300766041172"],"brand":"Creative Gourmet"},{"id":"c2356724p-9318122381008","store":"coles","name":"Frozen Pork & Chive Dumplings 10 Pieces","price":2.5,"oldPrice":5,"categoryId":"freezer","imagePath":"https://shop.coles.com.au/wcsstore/Coles-CAS/images/2/3/5/2356724.jpg","cupPrice":"$1.25 per 100g","unit":"ea","packageSize":"200g","barcode":["9318122381008"],"brand":"Hong Kong Dim Sim Kitchen"},{"id":"c2719952p-9310213171383","store":"coles","name":"Frozen Sweet Chilli Chicken Breast Tenders","price":3.97,"oldPrice":7.95,"categoryId":"freezer","imagePath":"https://shop.coles.com.au/wcsstore/Coles-CAS/images/2/7/1/2719952.jpg","cupPrice":"$9.93 per 1kg","unit":"ea","packageSize":"400g","barcode":["9310213171383","9310213541346","9310213540905"],"brand":"Steggles"},{"id":"c2719963p-9313690171044","store":"coles","name":"Frozen Southern Style Chicken Breast Tenders","price":3.97,"oldPrice":7.95,"categoryId":"freezer","imagePath":"https://shop.coles.com.au/wcsstore/Coles-CAS/images/2/7/1/2719963.jpg","cupPrice":"$9.93 per 1kg","unit":"ea","packageSize":"400g","barcode":["9313690171044","9310213541339","9310213540912"],"brand":"Steggles"},{"id":"c3059972p-9344372003179","store":"coles","name":"Frozen Banana Chunks","price":2.5,"oldPrice":5,"categoryId":"freezer","imagePath":"https://shop.coles.com.au/wcsstore/Coles-CAS/images/3/0/5/3059972.jpg","cupPrice":"$5.00 per 1kg","unit":"ea","packageSize":"500g","barcode":["9344372003179"],"brand":"Creative Gourmet"},{"id":"c5077986p-9310076666378","store":"coles","name":"Frozen Chicken Mini Dim Sim","price":5,"oldPrice":10,"categoryId":"freezer","imagePath":"https://shop.coles.com.au/wcsstore/Coles-CAS/images/5/0/7/5077986.jpg","cupPrice":"$0.76 per 100g","unit":"ea","packageSize":"660g","barcode":["9310076666378"],"brand":"Golden Wok"},{"id":"c2356688p-9318122383828","store":"coles","name":"Frozen BBQ Pork Buns 6 Pieces","price":2.5,"oldPrice":5,"categoryId":"freezer","imagePath":"https://shop.coles.com.au/wcsstore/Coles-CAS/images/2/3/5/2356688.jpg","cupPrice":"$1.25 per 100g","unit":"ea","packageSize":"200g","barcode":["9318122383828"],"brand":"Hong Kong Dim Sim Kitchen"},{"id":"c3230754p","store":"coles","name":"Frozen Honey Soy Frozen Chicken Breast Tenders","price":3.97,"oldPrice":7.95,"categoryId":"freezer","imagePath":"https://shop.coles.com.au/wcsstore/Coles-CAS/images/3/2/3/3230754.jpg","cupPrice":"$9.93 per 1kg","unit":"ea","packageSize":"400g","barcode":null,"brand":"Steggles"},{"id":"c3573047p-9344372004619","store":"coles","name":"Frozen Passionfruit Pulp","price":2.82,"oldPrice":5.65,"categoryId":"freezer","imagePath":"https://shop.coles.com.au/wcsstore/Coles-CAS/images/3/5/7/3573047.jpg","cupPrice":"$9.40 per 1kg","unit":"ea","packageSize":"300g","barcode":["9344372004619"],"brand":"Creative Gourmet"},{"id":"c5164388p-9344372002950","store":"coles","name":"Frozen Raspberries","price":2.82,"oldPrice":5.65,"categoryId":"freezer","imagePath":"https://shop.coles.com.au/wcsstore/Coles-CAS/images/5/1/6/5164388.jpg","cupPrice":"$9.40 per 1kg","unit":"ea","packageSize":"300g","barcode":["9344372002950","9300766040991","9311008049993"],"brand":"Creative Gourmet"},{"id":"c2356702p-9318122386300","store":"coles","name":"Frozen Siu Mai 10 Pieces","price":2.5,"oldPrice":5,"categoryId":"freezer","imagePath":"https://shop.coles.com.au/wcsstore/Coles-CAS/images/2/3/5/2356702.jpg","cupPrice":"$1.25 per 100g","unit":"ea","packageSize":"200g","barcode":["9318122386300"],"brand":"Hong Kong Dim Sim Kitchen"},{"id":"c2719974p-400003131037","store":"coles","name":"Frozen Hot & Spicy Chicken Breast Tenders","price":3.97,"oldPrice":7.95,"categoryId":"freezer","imagePath":"https://shop.coles.com.au/wcsstore/Coles-CAS/images/2/7/1/2719974.jpg","cupPrice":"$9.93 per 1kg","unit":"ea","packageSize":"400g","barcode":["400003131037","9310213540899","9310213541360"],"brand":"Steggles"},{"id":"c3573070p-9344372004626","store":"coles","name":"Frozen Pink Dragonfruit Chunks","price":2.82,"oldPrice":5.65,"categoryId":"freezer","imagePath":"https://shop.coles.com.au/wcsstore/Coles-CAS/images/3/5/7/3573070.jpg","cupPrice":"$9.40 per 1kg","unit":"ea","packageSize":"300g","barcode":["9344372004626"],"brand":"Creative Gourmet"},{"id":"c3407310p","store":"coles","name":"Peanut Butter Chocolate Cones","price":4.25,"oldPrice":8.5,"categoryId":"freezer","imagePath":"https://shop.coles.com.au/wcsstore/Coles-CAS/images/3/4/0/3407310.jpg","cupPrice":"$0.90 per 100ml","unit":"ea","packageSize":"472ml","barcode":null,"brand":"Reese's"},{"id":"c3407274p-9310161014510","store":"coles","name":"Peanut Butter Chocolate Ice Cream Tub","price":4.25,"oldPrice":8.5,"categoryId":"freezer","imagePath":"https://shop.coles.com.au/wcsstore/Coles-CAS/images/3/4/0/3407274.jpg","cupPrice":"$0.90 per 100ml","unit":"ea","packageSize":"473ml","barcode":["9310161014510"],"brand":"Reese's"},{"id":"c3544945p-9310161014541","store":"coles","name":"Peanut Butter Chocolate Ice Cream Sticks 4 pack","price":4.25,"oldPrice":8.5,"categoryId":"freezer","imagePath":"https://shop.coles.com.au/wcsstore/Coles-CAS/images/3/5/4/3544945.jpg","cupPrice":"$1.18 per 100ml","unit":"ea","packageSize":"360ml","barcode":["9310161014541"],"brand":"Reese's"},{"id":"c3051132p-8935239904060","store":"coles","name":"Frozen Family Dumpling Pack 20 Pieces","price":8.5,"oldPrice":17,"categoryId":"freezer","imagePath":"https://shop.coles.com.au/wcsstore/Coles-CAS/images/3/0/5/3051132.jpg","cupPrice":"$1.36 per 100g","unit":"ea","packageSize":"625g","barcode":["8935239904060"],"brand":"Mr.Chen's"},{"id":"c3407300p-9310161014558","store":"coles","name":"Frozen Cookies 'N' Cr√®me Sticks","price":4.25,"oldPrice":8.5,"categoryId":"freezer","imagePath":"https://shop.coles.com.au/wcsstore/Coles-CAS/images/3/4/0/3407300.jpg","cupPrice":"$0.90 per 100ml","unit":"ea","packageSize":"473ml","barcode":["9310161014558"],"brand":"Hershey's"},{"id":"c3706843p-9310663405861","store":"coles","name":"Lemon Zesty Zing Naked Pies 6 Pack","price":3.5,"oldPrice":7,"categoryId":"freezer","imagePath":"https://shop.coles.com.au/wcsstore/Coles-CAS/images/3/7/0/3706843.jpg","cupPrice":"$1.30 per 100g","unit":"ea","packageSize":"270g","barcode":["9310663405861"],"brand":"Mrs Mac's"},{"id":"c3734816p-028989103017","store":"coles","name":"Grillers Classic Mince","price":4,"oldPrice":8,"categoryId":"freezer","imagePath":"https://shop.coles.com.au/wcsstore/Coles-CAS/images/3/7/3/3734816.jpg","cupPrice":"$1.18 per 100g","unit":"ea","packageSize":"340g","barcode":["028989103017"],"brand":"Morningstar Farms"},{"id":"c3734791p-028989102935","store":"coles","name":"Garden Veggie Burgers","price":3.5,"oldPrice":7,"categoryId":"freezer","imagePath":"https://shop.coles.com.au/wcsstore/Coles-CAS/images/3/7/3/3734791.jpg","cupPrice":"$1.31 per 100g","unit":"ea","packageSize":"268g","barcode":["028989102935"],"brand":"Morningstar Farms"}]