[
  {
    "apiUrl": "https://shop.coles.com.au/search/resources/store/20529/productview/bySeoUrlKeyword/tip-top-english-muffins-original?catalogId=27101",
    "id": "c332394p-9339423003253",
    "store": "coles",
    "name": "Original English Muffins 6 Pack",
    "brand": "Tip Top",
    "price": 2.5,
    "orgPrice": 5,
    "categoryIds": ["bakery"],
    "imagePath": "https://shop.coles.com.au/wcsstore/Coles-CAS/images/3/3/2/332394.jpg",
    "cupPrice": "$0.63 per 100g",
    "unit": "ea",
    "packageSize": "400g",
    "barcode": ["9339423003253", "9310043000167"],
    "isAvailable": true,
    "locations": ["vic", "qld", "nsw", "wa", "act", "nt"]
  },
  {
    "apiUrl": "https://shop.coles.com.au/search/resources/store/20529/productview/bySeoUrlKeyword/golden-crumpet-breaks?catalogId=27101",
    "id": "c6034275p-9310043003557",
    "store": "coles",
    "name": "Crumpet Square 6 pack",
    "brand": "Golden",
    "price": 2.1,
    "orgPrice": 4.2,
    "categoryIds": ["bakery"],
    "imagePath": "https://shop.coles.com.au/wcsstore/Coles-CAS/images/6/0/3/6034275.jpg",
    "cupPrice": "$0.35 per 1ea",
    "unit": "ea",
    "packageSize": "425g",
    "barcode": ["9310043003557", "9310043003434"],
    "isAvailable": true,
    "locations": ["vic", "qld", "nsw", "wa", "act", "nt"]
  },
  {
    "apiUrl": "https://shop.coles.com.au/search/resources/store/20529/productview/bySeoUrlKeyword/tip-top-english-muffins-wholemeal?catalogId=27101",
    "id": "c5137320p-9339423003260",
    "store": "coles",
    "name": "Wholemeal English Muffins 6 Pack",
    "brand": "Tip Top",
    "price": 2.5,
    "orgPrice": 5,
    "categoryIds": ["bakery"],
    "imagePath": "https://shop.coles.com.au/wcsstore/Coles-CAS/images/5/1/3/5137320.jpg",
    "cupPrice": "$0.63 per 100g",
    "unit": "ea",
    "packageSize": "400g",
    "barcode": ["9339423003260", "9310043000433"],
    "isAvailable": true,
    "locations": ["vic", "qld", "nsw", "wa", "act", "nt"]
  },
  {
    "apiUrl": "https://shop.coles.com.au/search/resources/store/20529/productview/bySeoUrlKeyword/tip-top-english-muffins-spicy-fruit?catalogId=27101",
    "id": "c9795915p-9339423003284",
    "store": "coles",
    "name": "Spicy Fruit English Muffins",
    "brand": "Tip Top",
    "price": 2.5,
    "orgPrice": 5,
    "categoryIds": ["bakery"],
    "imagePath": "https://shop.coles.com.au/wcsstore/Coles-CAS/images/9/7/9/9795915.jpg",
    "cupPrice": "$0.42 per 1ea",
    "unit": "ea",
    "packageSize": "6 pack",
    "barcode": ["9339423003284", "9310043009238"],
    "isAvailable": true,
    "locations": ["vic", "qld", "nsw", "wa", "act", "nt"]
  },
  {
    "apiUrl": "https://shop.coles.com.au/search/resources/store/20529/productview/bySeoUrlKeyword/tip-top-english-muffins-multigrain?catalogId=27101",
    "id": "c293099p-9339423003277",
    "store": "coles",
    "name": "Multigrain English Muffins 6 Pack",
    "brand": "Tip Top",
    "price": 2.5,
    "orgPrice": 5,
    "categoryIds": ["bakery"],
    "imagePath": "https://shop.coles.com.au/wcsstore/Coles-CAS/images/2/9/3/293099.jpg",
    "cupPrice": "$0.63 per 100g",
    "unit": "ea",
    "packageSize": "400g",
    "barcode": ["9339423003277", "9310043000419"],
    "isAvailable": true,
    "locations": ["vic", "qld", "nsw", "wa", "act", "nt"]
  },
  {
    "apiUrl": "https://shop.coles.com.au/search/resources/store/20529/productview/bySeoUrlKeyword/cadbury-mini-rolls-chocolate-5-pack?catalogId=27101",
    "id": "c1967369p-5000221506867",
    "store": "coles",
    "name": "Milk Chocolate Mini Rolls 5 pack",
    "brand": "Cadbury",
    "price": 1.87,
    "orgPrice": 3.75,
    "categoryIds": ["bakery"],
    "imagePath": "https://shop.coles.com.au/wcsstore/Coles-CAS/images/1/9/6/1967369.jpg",
    "cupPrice": "$1.63 per 100g",
    "unit": "ea",
    "packageSize": "115g",
    "barcode": ["5000221506867", "5000221506621"],
    "isAvailable": true,
    "locations": ["vic", "qld", "nsw", "wa", "tas", "act", "nt"]
  },
  {
    "apiUrl": "https://shop.coles.com.au/search/resources/store/20529/productview/bySeoUrlKeyword/cadbury-chocolate-cake-bars?catalogId=27101",
    "id": "c2995982p-5000221603184",
    "store": "coles",
    "name": "Milk Chocolate Cake Bars",
    "brand": "Cadbury",
    "price": 1.87,
    "orgPrice": 3.75,
    "categoryIds": ["bakery"],
    "imagePath": "https://shop.coles.com.au/wcsstore/Coles-CAS/images/2/9/9/2995982.jpg",
    "cupPrice": "$1.78 per 100g",
    "unit": "ea",
    "packageSize": "105g",
    "barcode": ["5000221603184"],
    "isAvailable": true,
    "locations": ["vic", "qld", "nsw", "wa", "tas", "act", "nt"]
  },
  {
    "apiUrl": "https://shop.coles.com.au/search/resources/store/20529/productview/bySeoUrlKeyword/cadbury-mini-rolls-raspberry-5pk?catalogId=27101",
    "id": "c2847726p-5000221600077",
    "store": "coles",
    "name": "Raspberry Mini Rolls 5 pack",
    "brand": "Cadbury",
    "price": 1.87,
    "orgPrice": 3.75,
    "categoryIds": ["bakery"],
    "imagePath": "https://shop.coles.com.au/wcsstore/Coles-CAS/images/2/8/4/2847726.jpg",
    "cupPrice": "$1.44 per 100g",
    "unit": "ea",
    "packageSize": "130g",
    "barcode": ["5000221600077"],
    "isAvailable": true,
    "locations": ["vic", "qld", "nsw", "wa", "tas", "act", "nt"]
  },
  {
    "apiUrl": "https://shop.coles.com.au/search/resources/store/20529/productview/bySeoUrlKeyword/cadbury-caramel-cake-bars?catalogId=27101",
    "id": "c2995993p-5000221603177",
    "store": "coles",
    "name": "Caramel Cake Bars",
    "brand": "Cadbury",
    "price": 1.87,
    "orgPrice": 3.75,
    "categoryIds": ["bakery"],
    "imagePath": "https://shop.coles.com.au/wcsstore/Coles-CAS/images/2/9/9/2995993.jpg",
    "cupPrice": "$1.78 per 100g",
    "unit": "ea",
    "packageSize": "105g",
    "barcode": ["5000221603177"],
    "isAvailable": true,
    "locations": ["vic", "qld", "nsw", "wa", "tas", "act", "nt"]
  },
  {
    "apiUrl": "https://shop.coles.com.au/search/resources/store/20529/productview/bySeoUrlKeyword/arnotts-biscuits-shapes-chicken-crimpy?catalogId=27101",
    "id": "c8638285p-9310072026312",
    "store": "coles",
    "name": "Chicken Crimpy Shapes",
    "brand": "Arnott's",
    "price": 1.6,
    "orgPrice": 3.2,
    "categoryIds": ["pantry"],
    "imagePath": "https://shop.coles.com.au/wcsstore/Coles-CAS/images/8/6/3/8638285.jpg",
    "cupPrice": "$0.91 per 100g",
    "unit": "ea",
    "packageSize": "175g",
    "barcode": ["9310072026312"],
    "isAvailable": true,
    "locations": ["vic", "sa", "qld", "nsw", "wa", "tas", "act", "nt"]
  },
  {
    "apiUrl": "https://shop.coles.com.au/search/resources/store/20529/productview/bySeoUrlKeyword/arnotts-crispbread-cruskits-original?catalogId=27101",
    "id": "c358682p-9310072000831",
    "store": "coles",
    "name": "Original Cruskits",
    "brand": "Arnott's",
    "price": 1.75,
    "orgPrice": null,
    "categoryIds": ["pantry"],
    "imagePath": "https://shop.coles.com.au/wcsstore/Coles-CAS/images/3/5/8/358682.jpg",
    "cupPrice": "$1.40 per 100g",
    "unit": "ea",
    "packageSize": "125g",
    "barcode": ["9310072000831"],
    "isAvailable": true,
    "locations": ["vic", "sa", "qld", "nsw", "wa", "tas", "act", "nt"]
  },
  {
    "apiUrl": "https://shop.coles.com.au/search/resources/store/20529/productview/bySeoUrlKeyword/arnotts-chocolate-biscuits-tim-tams-original?catalogId=27101",
    "id": "c329607p-9310072015316",
    "store": "coles",
    "name": "Original Chocolate Tim Tam",
    "brand": "Arnott's",
    "price": 1.82,
    "orgPrice": 3.65,
    "categoryIds": ["pantry"],
    "imagePath": "https://shop.coles.com.au/wcsstore/Coles-CAS/images/3/2/9/329607.jpg",
    "cupPrice": "$0.91 per 100g",
    "unit": "ea",
    "packageSize": "200g",
    "barcode": [
      "9310072015316",
      "9310072000282",
      "871455000002",
      "9310072022628"
    ],
    "isAvailable": true,
    "locations": ["vic", "sa", "qld", "nsw", "wa", "tas", "act", "nt"]
  },
  {
    "apiUrl": "https://shop.coles.com.au/search/resources/store/20529/productview/bySeoUrlKeyword/campbells-real-stock-chicken?catalogId=27101",
    "id": "c8157935p-9300644043601",
    "store": "coles",
    "name": "Real Chicken Stock",
    "brand": "Campbell's",
    "price": 2,
    "orgPrice": 4,
    "categoryIds": ["pantry"],
    "imagePath": "https://shop.coles.com.au/wcsstore/Coles-CAS/images/8/1/5/8157935.jpg",
    "cupPrice": "$0.20 per 100ml",
    "unit": "ea",
    "packageSize": "1l",
    "barcode": ["9300644043601"],
    "isAvailable": true,
    "locations": ["vic", "sa", "qld", "nsw", "wa", "tas", "act", "nt"]
  },
  {
    "apiUrl": "https://shop.coles.com.au/search/resources/store/20529/productview/bySeoUrlKeyword/la-espanola-extra-virgin-olive-oil-5833557p?catalogId=27101",
    "id": "c5833557p-8410660510092",
    "store": "coles",
    "name": "Extra Virgin Olive Oil",
    "brand": "La Espanola",
    "price": 7,
    "orgPrice": 14,
    "categoryIds": ["pantry"],
    "imagePath": "https://shop.coles.com.au/wcsstore/Coles-CAS/images/5/8/3/5833557.jpg",
    "cupPrice": "$0.70 per 100ml",
    "unit": "ea",
    "packageSize": "1l",
    "barcode": ["8410660510092"],
    "isAvailable": true,
    "locations": ["vic", "sa", "qld", "nsw", "wa", "tas", "act", "nt"]
  },
  {
    "apiUrl": "https://shop.coles.com.au/search/resources/store/20529/productview/bySeoUrlKeyword/doritos-cheese-supreme-corn-chips-2358333p?catalogId=27101",
    "id": "c2358333p-9310015241925",
    "store": "coles",
    "name": "Cheese Supreme Corn Chips",
    "brand": "Doritos",
    "price": 1.75,
    "orgPrice": 3.5,
    "categoryIds": ["pantry"],
    "imagePath": "https://shop.coles.com.au/wcsstore/Coles-CAS/images/2/3/5/2358333.jpg",
    "cupPrice": "$1.03 per 100g",
    "unit": "ea",
    "packageSize": "170g",
    "barcode": ["9310015241925"],
    "isAvailable": true,
    "locations": ["vic", "sa", "qld", "nsw", "wa", "tas", "act", "nt"]
  },
  {
    "apiUrl": "https://shop.coles.com.au/search/resources/store/20529/productview/bySeoUrlKeyword/arnotts-original-bbq-shapes?catalogId=27101",
    "id": "c2734446p-9310072028866",
    "store": "coles",
    "name": "Original BBQ Shapes",
    "brand": "Arnott's",
    "price": 1.6,
    "orgPrice": 3.2,
    "categoryIds": ["pantry"],
    "imagePath": "https://shop.coles.com.au/wcsstore/Coles-CAS/images/2/7/3/2734446.jpg",
    "cupPrice": "$0.91 per 100g",
    "unit": "ea",
    "packageSize": "175g",
    "barcode": ["9310072028866"],
    "isAvailable": true,
    "locations": ["vic", "sa", "qld", "nsw", "wa", "tas", "act", "nt"]
  },
  {
    "apiUrl": "https://shop.coles.com.au/search/resources/store/20529/productview/bySeoUrlKeyword/arnotts-hot-dog-shapes?catalogId=27101",
    "id": "c2734457p-9310072028934",
    "store": "coles",
    "name": "Original Pizza Shapes",
    "brand": "Arnott's",
    "price": 1.6,
    "orgPrice": 3.2,
    "categoryIds": ["pantry"],
    "imagePath": "https://shop.coles.com.au/wcsstore/Coles-CAS/images/2/7/3/2734457.jpg",
    "cupPrice": "$0.84 per 100g",
    "unit": "ea",
    "packageSize": "190g",
    "barcode": ["9310072028934", "9310072028903"],
    "isAvailable": true,
    "locations": ["vic", "sa", "qld", "nsw", "wa", "tas", "act", "nt"]
  },
  {
    "apiUrl": "https://shop.coles.com.au/search/resources/store/20529/productview/bySeoUrlKeyword/mcvities-biscuits-digestive-milk-chocolate?catalogId=27101",
    "id": "c6109035p-5000396015898",
    "store": "coles",
    "name": "Digestives Milk Chocolate Wheat Biscuits",
    "brand": "McVitie's",
    "price": 1.97,
    "orgPrice": 3.95,
    "categoryIds": ["pantry"],
    "imagePath": "https://shop.coles.com.au/wcsstore/Coles-CAS/images/6/1/0/6109035.jpg",
    "cupPrice": "$0.66 per 100g",
    "unit": "ea",
    "packageSize": "300g",
    "barcode": ["5000396015898"],
    "isAvailable": true,
    "locations": ["vic", "sa", "qld", "nsw", "wa", "tas", "act", "nt"]
  },
  {
    "apiUrl": "https://shop.coles.com.au/search/resources/store/20529/productview/bySeoUrlKeyword/arnotts-chocolate-biscuits-tim-tams-double-coat-chocolate?catalogId=27101",
    "id": "c7029292p-9310072013855",
    "store": "coles",
    "name": "Double Coat Chocolate Tim Tam",
    "brand": "Arnott's",
    "price": 1.82,
    "orgPrice": 3.65,
    "categoryIds": ["pantry"],
    "imagePath": "https://shop.coles.com.au/wcsstore/Coles-CAS/images/7/0/2/7029292.jpg",
    "cupPrice": "$0.91 per 100g",
    "unit": "ea",
    "packageSize": "200g",
    "barcode": ["9310072013855"],
    "isAvailable": true,
    "locations": ["vic", "sa", "qld", "nsw", "wa", "tas", "act", "nt"]
  },
  {
    "apiUrl": "https://shop.coles.com.au/search/resources/store/20529/productview/bySeoUrlKeyword/arnotts-biscuits-shapes-cheddar?catalogId=27101",
    "id": "c8638263p-9310072026282",
    "store": "coles",
    "name": "Cheddar Shapes",
    "brand": "Arnott's",
    "price": 1.6,
    "orgPrice": 3.2,
    "categoryIds": ["pantry"],
    "imagePath": "https://shop.coles.com.au/wcsstore/Coles-CAS/images/8/6/3/8638263.jpg",
    "cupPrice": "$0.91 per 100g",
    "unit": "ea",
    "packageSize": "175g",
    "barcode": ["9310072026282"],
    "isAvailable": true,
    "locations": ["vic", "sa", "qld", "nsw", "wa", "tas", "act", "nt"]
  },
  {
    "apiUrl": "https://shop.coles.com.au/search/resources/store/20529/productview/bySeoUrlKeyword/uncle-tobys-cereal-cheerios-multigrain?catalogId=27101",
    "id": "c1175145p-9300605088078",
    "store": "coles",
    "name": "Cheerios Multigrains Cereal",
    "brand": "Uncle Tobys",
    "price": 3.25,
    "orgPrice": 6.5,
    "categoryIds": ["pantry"],
    "imagePath": "https://shop.coles.com.au/wcsstore/Coles-CAS/images/1/1/7/1175145.jpg",
    "cupPrice": "$0.56 per 100g",
    "unit": "ea",
    "packageSize": "580g",
    "barcode": ["9300605088078"],
    "isAvailable": true,
    "locations": ["vic", "sa", "qld", "nsw", "wa", "tas", "act", "nt"]
  },
  {
    "apiUrl": "https://shop.coles.com.au/search/resources/store/20529/productview/bySeoUrlKeyword/arnotts-biscuits-shapes-cheese-bacon?catalogId=27101",
    "id": "c8638241p-9310072026275",
    "store": "coles",
    "name": "Cheese & Bacon Shapes",
    "brand": "Arnott's",
    "price": 1.6,
    "orgPrice": 3.2,
    "categoryIds": ["pantry"],
    "imagePath": "https://shop.coles.com.au/wcsstore/Coles-CAS/images/8/6/3/8638241.jpg",
    "cupPrice": "$0.89 per 100g",
    "unit": "ea",
    "packageSize": "180g",
    "barcode": ["9310072026275"],
    "isAvailable": true,
    "locations": ["vic", "sa", "qld", "nsw", "wa", "tas", "act", "nt"]
  },
  {
    "apiUrl": "https://shop.coles.com.au/search/resources/store/20529/productview/bySeoUrlKeyword/uncle-tobys-cereal-plus-antioxidant?catalogId=27101",
    "id": "c8937956p-9300605063587",
    "store": "coles",
    "name": "Plus Antioxidant Cereal",
    "brand": "Uncle Tobys",
    "price": 3.75,
    "orgPrice": 7.5,
    "categoryIds": ["pantry"],
    "imagePath": "https://shop.coles.com.au/wcsstore/Coles-CAS/images/8/9/3/8937956.jpg",
    "cupPrice": "$0.49 per 100g",
    "unit": "ea",
    "packageSize": "765g",
    "barcode": ["9300605063587", "9300605132610"],
    "isAvailable": true,
    "locations": ["vic", "sa", "qld", "nsw", "wa", "tas", "act", "nt"]
  },
  {
    "apiUrl": "https://shop.coles.com.au/search/resources/store/20529/productview/bySeoUrlKeyword/campbells-real-stock-vegetable?catalogId=27101",
    "id": "c8053838p-9300644043625",
    "store": "coles",
    "name": "Real Vegetable Stock",
    "brand": "Campbell's",
    "price": 2,
    "orgPrice": 4,
    "categoryIds": ["pantry"],
    "imagePath": "https://shop.coles.com.au/wcsstore/Coles-CAS/images/8/0/5/8053838.jpg",
    "cupPrice": "$0.20 per 100ml",
    "unit": "ea",
    "packageSize": "1l",
    "barcode": ["9300644043625"],
    "isAvailable": true,
    "locations": ["vic", "sa", "qld", "nsw", "wa", "tas", "act", "nt"]
  },
  {
    "apiUrl": "https://shop.coles.com.au/search/resources/store/20529/productview/bySeoUrlKeyword/campbells-real-stock-beef?catalogId=27101",
    "id": "c8055800p-9300644043618",
    "store": "coles",
    "name": "Real Beef Stock",
    "brand": "Campbell's",
    "price": 2,
    "orgPrice": 4,
    "categoryIds": ["pantry"],
    "imagePath": "https://shop.coles.com.au/wcsstore/Coles-CAS/images/8/0/5/8055800.jpg",
    "cupPrice": "$0.20 per 100ml",
    "unit": "ea",
    "packageSize": "1l",
    "barcode": ["9300644043618"],
    "isAvailable": true,
    "locations": ["vic", "sa", "qld", "nsw", "wa", "tas", "act", "nt"]
  },
  {
    "apiUrl": "https://shop.coles.com.au/search/resources/store/20529/productview/bySeoUrlKeyword/john-west-tempters-tuna-onion-tomato-savoury-sauce?catalogId=27101",
    "id": "c384718p-9300654310526",
    "store": "coles",
    "name": "Tempters Tuna Onion & Tomato Savoury Sauce",
    "brand": "John West",
    "price": 1.15,
    "orgPrice": 2.3,
    "categoryIds": ["pantry"],
    "imagePath": "https://shop.coles.com.au/wcsstore/Coles-CAS/images/3/8/4/384718.jpg",
    "cupPrice": "$12.11 per 1kg",
    "unit": "ea",
    "packageSize": "95g",
    "barcode": [
      "9300654310526",
      "9300462348230",
      "93667449",
      "93340441",
      "93654012"
    ],
    "isAvailable": true,
    "locations": ["vic", "sa", "qld", "nsw", "wa", "tas", "act", "nt"]
  },
  {
    "apiUrl": "https://shop.coles.com.au/search/resources/store/20529/productview/bySeoUrlKeyword/uncle-tobys-oats-porridge-traditional-254971p?catalogId=27101",
    "id": "c254971p-9310060011030",
    "store": "coles",
    "name": "Traditional Porridge Oats",
    "brand": "Uncle Tobys",
    "price": 3,
    "orgPrice": null,
    "categoryIds": ["pantry"],
    "imagePath": "https://shop.coles.com.au/wcsstore/Coles-CAS/images/2/5/4/254971.jpg",
    "cupPrice": "$0.30 per 100g",
    "unit": "ea",
    "packageSize": "1kg",
    "barcode": ["9310060011030"],
    "isAvailable": true,
    "locations": ["vic", "sa", "qld", "nsw", "wa", "tas", "act", "nt"]
  },
  {
    "apiUrl": "https://shop.coles.com.au/search/resources/store/20529/productview/bySeoUrlKeyword/uncle-tobys-oats-quick-porridge-152009p?catalogId=27101",
    "id": "c152009p-9310060012037",
    "store": "coles",
    "name": "Quick Oats Porridge",
    "brand": "Uncle Tobys",
    "price": 3,
    "orgPrice": null,
    "categoryIds": ["pantry"],
    "imagePath": "https://shop.coles.com.au/wcsstore/Coles-CAS/images/1/5/2/152009.jpg",
    "cupPrice": "$0.30 per 100g",
    "unit": "ea",
    "packageSize": "1kg",
    "barcode": ["9310060012037"],
    "isAvailable": true,
    "locations": ["vic", "sa", "qld", "nsw", "wa", "tas", "act", "nt"]
  },
  {
    "apiUrl": "https://shop.coles.com.au/search/resources/store/20529/productview/bySeoUrlKeyword/nestle-cereal-milo-value-pack?catalogId=27101",
    "id": "c9730410p-9300605038271",
    "store": "coles",
    "name": "Whole Grain Energy & Fibre Milo Cereal Family Pack",
    "brand": "Nestle",
    "price": 3.75,
    "orgPrice": 7.5,
    "categoryIds": ["pantry"],
    "imagePath": "https://shop.coles.com.au/wcsstore/Coles-CAS/images/9/7/3/9730410.jpg",
    "cupPrice": "$0.54 per 100g",
    "unit": "ea",
    "packageSize": "700g",
    "barcode": ["9300605038271", "9300605010741"],
    "isAvailable": true,
    "locations": ["vic", "sa", "qld", "nsw", "wa", "tas", "act", "nt"]
  },
  {
    "apiUrl": "https://shop.coles.com.au/search/resources/store/20529/productview/bySeoUrlKeyword/campbells-stock-real-chicken-salt-reduced-8837306p?catalogId=27101",
    "id": "c8837306p-9300644043632",
    "store": "coles",
    "name": "Real Salt Reduced Chicken Stock",
    "brand": "Campbell's",
    "price": 2,
    "orgPrice": 4,
    "categoryIds": ["pantry"],
    "imagePath": "https://shop.coles.com.au/wcsstore/Coles-CAS/images/8/8/3/8837306.jpg",
    "cupPrice": "$2.00 per 1l",
    "unit": "ea",
    "packageSize": "1l",
    "barcode": ["9300644043632"],
    "isAvailable": true,
    "locations": ["vic", "sa", "qld", "nsw", "wa", "tas", "act", "nt"]
  },
  {
    "apiUrl": "https://shop.coles.com.au/search/resources/store/20529/productview/bySeoUrlKeyword/doritos-original-corn-chips?catalogId=27101",
    "id": "c2358355p-9310015241949",
    "store": "coles",
    "name": "Original Corn Chips",
    "brand": "Doritos",
    "price": 1.75,
    "orgPrice": 3.5,
    "categoryIds": ["pantry"],
    "imagePath": "https://shop.coles.com.au/wcsstore/Coles-CAS/images/2/3/5/2358355.jpg",
    "cupPrice": "$1.03 per 100g",
    "unit": "ea",
    "packageSize": "170g",
    "barcode": ["9310015241949"],
    "isAvailable": true,
    "locations": ["vic", "sa", "qld", "nsw", "wa", "tas", "act", "nt"]
  },
  {
    "apiUrl": "https://shop.coles.com.au/search/resources/store/20529/productview/bySeoUrlKeyword/doritos-nacho-cheese-corn-chips-2358344p?catalogId=27101",
    "id": "c2358344p-9310015241918",
    "store": "coles",
    "name": "Nacho Cheese Corn Chips",
    "brand": "Doritos",
    "price": 1.75,
    "orgPrice": 3.5,
    "categoryIds": ["pantry"],
    "imagePath": "https://shop.coles.com.au/wcsstore/Coles-CAS/images/2/3/5/2358344.jpg",
    "cupPrice": "$1.03 per 100g",
    "unit": "ea",
    "packageSize": "170g",
    "barcode": ["9310015241918"],
    "isAvailable": true,
    "locations": ["vic", "sa", "qld", "nsw", "wa", "tas", "act", "nt"]
  },
  {
    "apiUrl": "https://shop.coles.com.au/search/resources/store/20529/productview/bySeoUrlKeyword/mcvities-biscuits-digestive-original?catalogId=27101",
    "id": "c6108010p-5000168001159",
    "store": "coles",
    "name": "Original Digestive Biscuits",
    "brand": "McVitie's",
    "price": 1.97,
    "orgPrice": 3.95,
    "categoryIds": ["pantry"],
    "imagePath": "https://shop.coles.com.au/wcsstore/Coles-CAS/images/6/1/0/6108010.jpg",
    "cupPrice": "$0.49 per 100g",
    "unit": "ea",
    "packageSize": "400g",
    "barcode": ["5000168001159", "5000396015935"],
    "isAvailable": true,
    "locations": ["vic", "sa", "qld", "nsw", "wa", "tas", "act", "nt"]
  },
  {
    "apiUrl": "https://shop.coles.com.au/search/resources/store/20529/productview/bySeoUrlKeyword/arnotts-chocolate-biscuits-tim-tams-chewy-caramel?catalogId=27101",
    "id": "c8655375p-9310072001210",
    "store": "coles",
    "name": "Chewy Caramel Tim Tam",
    "brand": "Arnott's",
    "price": 1.82,
    "orgPrice": 3.65,
    "categoryIds": ["pantry"],
    "imagePath": "https://shop.coles.com.au/wcsstore/Coles-CAS/images/8/6/5/8655375.jpg",
    "cupPrice": "$1.04 per 100g",
    "unit": "ea",
    "packageSize": "175g",
    "barcode": ["9310072001210", "9310072012100"],
    "isAvailable": true,
    "locations": ["vic", "sa", "qld", "nsw", "wa", "tas", "act", "nt"]
  },
  {
    "apiUrl": "https://shop.coles.com.au/search/resources/store/20529/productview/bySeoUrlKeyword/arnotts-biscuits-shapes-savoury?catalogId=27101",
    "id": "c8638300p-9310072026299",
    "store": "coles",
    "name": "Savoury Shapes",
    "brand": "Arnott's",
    "price": 1.6,
    "orgPrice": 3.2,
    "categoryIds": ["pantry"],
    "imagePath": "https://shop.coles.com.au/wcsstore/Coles-CAS/images/8/6/3/8638300.jpg",
    "cupPrice": "$0.86 per 100g",
    "unit": "ea",
    "packageSize": "185g",
    "barcode": ["9310072026299"],
    "isAvailable": true,
    "locations": ["vic", "sa", "qld", "nsw", "wa", "tas", "act", "nt"]
  },
  {
    "apiUrl": "https://shop.coles.com.au/search/resources/store/20529/productview/bySeoUrlKeyword/arnotts-crispbread-cruskits-light?catalogId=27101",
    "id": "c9611783p-9310072029795",
    "store": "coles",
    "name": "Light Cruskits",
    "brand": "Arnott's",
    "price": 1.75,
    "orgPrice": null,
    "categoryIds": ["pantry"],
    "imagePath": "https://shop.coles.com.au/wcsstore/Coles-CAS/images/9/6/1/9611783.jpg",
    "cupPrice": "$1.40 per 100g",
    "unit": "ea",
    "packageSize": "125g",
    "barcode": ["9310072029795", "9310072013824", "9310072013602"],
    "isAvailable": true,
    "locations": ["vic", "sa", "qld", "nsw", "wa", "tas", "act", "nt"]
  },
  {
    "apiUrl": "https://shop.coles.com.au/search/resources/store/20529/productview/bySeoUrlKeyword/arnotts-biscuits-shapes-nacho-cheese?catalogId=27101",
    "id": "c5591888p-9310072023205",
    "store": "coles",
    "name": "Nacho Cheese Shapes",
    "brand": "Arnott's",
    "price": 1.6,
    "orgPrice": 3.2,
    "categoryIds": ["pantry"],
    "imagePath": "https://shop.coles.com.au/wcsstore/Coles-CAS/images/5/5/9/5591888.jpg",
    "cupPrice": "$1.00 per 100g",
    "unit": "ea",
    "packageSize": "160g",
    "barcode": ["9310072023205"],
    "isAvailable": true,
    "locations": ["vic", "sa", "qld", "nsw", "tas", "act", "nt"]
  },
  {
    "apiUrl": "https://shop.coles.com.au/search/resources/store/20529/productview/bySeoUrlKeyword/mcvities-biscuits-digestive-dark-chocolate?catalogId=27101",
    "id": "c6109057p-5000396022308",
    "store": "coles",
    "name": "Dark Chocolate Digestive Biscuits",
    "brand": "McVitie's",
    "price": 1.97,
    "orgPrice": 3.95,
    "categoryIds": ["pantry"],
    "imagePath": "https://shop.coles.com.au/wcsstore/Coles-CAS/images/6/1/0/6109057.jpg",
    "cupPrice": "$0.66 per 100g",
    "unit": "ea",
    "packageSize": "300g",
    "barcode": ["5000396022308"],
    "isAvailable": true,
    "locations": ["vic", "sa", "qld", "nsw", "wa", "tas", "act", "nt"]
  },
  {
    "apiUrl": "https://shop.coles.com.au/search/resources/store/20529/productview/bySeoUrlKeyword/john-west-tempters-tuna-chunky-in-springwater?catalogId=27101",
    "id": "c7532777p-9300462346120",
    "store": "coles",
    "name": "Tempters Tuna Chunks in Springwater",
    "brand": "John West",
    "price": 1.15,
    "orgPrice": 2.3,
    "categoryIds": ["pantry"],
    "imagePath": "https://shop.coles.com.au/wcsstore/Coles-CAS/images/7/5/3/7532777.jpg",
    "cupPrice": "$12.11 per 1kg",
    "unit": "ea",
    "packageSize": "95g",
    "barcode": ["9300462346120"],
    "isAvailable": true,
    "locations": ["vic", "sa", "qld", "nsw", "wa", "tas", "act", "nt"]
  },
  {
    "apiUrl": "https://shop.coles.com.au/search/resources/store/20529/productview/bySeoUrlKeyword/john-west-tempters-tuna-in-olive-oil?catalogId=27101",
    "id": "c5558736p-9300462348575",
    "store": "coles",
    "name": "Tempters Tuna in Olive Oil",
    "brand": "John West",
    "price": 1.15,
    "orgPrice": 2.3,
    "categoryIds": ["pantry"],
    "imagePath": "https://shop.coles.com.au/wcsstore/Coles-CAS/images/5/5/5/5558736.jpg",
    "cupPrice": "$12.11 per 1kg",
    "unit": "ea",
    "packageSize": "95g",
    "barcode": ["9300462348575"],
    "isAvailable": true,
    "locations": ["vic", "sa", "qld", "nsw", "wa", "tas", "act", "nt"]
  },
  {
    "apiUrl": "https://shop.coles.com.au/search/resources/store/20529/productview/bySeoUrlKeyword/nescafe-cafe-menu-coffee-caramel-4461854p?catalogId=27101",
    "id": "c4461854p-8801055061815",
    "store": "coles",
    "name": "Caramel Latte Sachets 10 Pack",
    "brand": "Nescafe",
    "price": 3.15,
    "orgPrice": 6.3,
    "categoryIds": ["pantry", "drinks"],
    "imagePath": "https://shop.coles.com.au/wcsstore/Coles-CAS/images/4/4/6/4461854.jpg",
    "cupPrice": "$1.85 per 100g",
    "unit": "ea",
    "packageSize": "170g",
    "barcode": ["8801055061815"],
    "isAvailable": true,
    "locations": ["vic", "sa", "qld", "nsw", "wa", "tas", "act", "nt"]
  },
  {
    "apiUrl": "https://shop.coles.com.au/search/resources/store/20529/productview/bySeoUrlKeyword/campbells-chunky-soup-beef?catalogId=27101",
    "id": "c4915339p-9300644700702",
    "store": "coles",
    "name": "Chunky Beef Soup Can",
    "brand": "Campbell's",
    "price": 1.75,
    "orgPrice": 3.5,
    "categoryIds": ["pantry"],
    "imagePath": "https://shop.coles.com.au/wcsstore/Coles-CAS/images/4/9/1/4915339.jpg",
    "cupPrice": "$0.35 per 100g",
    "unit": "ea",
    "packageSize": "505g",
    "barcode": ["9300644700702"],
    "isAvailable": true,
    "locations": ["vic", "sa", "qld", "nsw", "wa", "tas", "act", "nt"]
  },
  {
    "apiUrl": "https://shop.coles.com.au/search/resources/store/20529/productview/bySeoUrlKeyword/nescafe-cafe-menu-coffee-cappuccino-9577540p?catalogId=27101",
    "id": "c9577540p-5011546451466",
    "store": "coles",
    "name": "Cappuccino Sachets 10 Pack",
    "brand": "Nescafe",
    "price": 3.15,
    "orgPrice": 6.3,
    "categoryIds": ["pantry", "drinks"],
    "imagePath": "https://shop.coles.com.au/wcsstore/Coles-CAS/images/9/5/7/9577540.jpg",
    "cupPrice": "$2.39 per 100g",
    "unit": "ea",
    "packageSize": "132g",
    "barcode": ["5011546451466"],
    "isAvailable": true,
    "locations": ["vic", "sa", "qld", "nsw", "wa", "tas", "act", "nt"]
  },
  {
    "apiUrl": "https://shop.coles.com.au/search/resources/store/20529/productview/bySeoUrlKeyword/uncle-tobys-oats-quick-sachets-big-bowl-creamy-honey-10-pack?catalogId=27101",
    "id": "c1736162p-9300605095953",
    "store": "coles",
    "name": "Oats Quick Sachets Big Bowl Creamy Honey 10 pack",
    "brand": "Uncle Tobys",
    "price": 3.15,
    "orgPrice": 6.3,
    "categoryIds": ["pantry"],
    "imagePath": "https://shop.coles.com.au/wcsstore/Coles-CAS/images/1/7/3/1736162.jpg",
    "cupPrice": "$0.68 per 100g",
    "unit": "ea",
    "packageSize": "460g",
    "barcode": ["9300605095953"],
    "isAvailable": true,
    "locations": ["vic", "sa", "qld", "nsw", "wa", "tas", "act", "nt"]
  },
  {
    "apiUrl": "https://shop.coles.com.au/search/resources/store/20529/productview/bySeoUrlKeyword/arnotts-shapes-crackers-vegemite-cheese?catalogId=27101",
    "id": "c3410960p-9310072030821",
    "store": "coles",
    "name": "Shapes Vegemite & Cheese Crackers",
    "brand": "Arnott's",
    "price": 1.6,
    "orgPrice": 3.2,
    "categoryIds": ["pantry"],
    "imagePath": "https://shop.coles.com.au/wcsstore/Coles-CAS/images/3/4/1/3410960.jpg",
    "cupPrice": "$0.97 per 100g",
    "unit": "ea",
    "packageSize": "165g",
    "barcode": ["9310072030821"],
    "isAvailable": true,
    "locations": ["vic", "sa", "qld", "nsw", "wa", "tas", "act", "nt"]
  },
  {
    "apiUrl": "https://shop.coles.com.au/search/resources/store/20529/productview/bySeoUrlKeyword/cadbury-bars-twirl-caramilk?catalogId=27101",
    "id": "c3698621p-9300617288084",
    "store": "coles",
    "name": "Twirl Caramilk Bars",
    "brand": "Cadbury",
    "price": 1,
    "orgPrice": 2,
    "categoryIds": ["pantry"],
    "imagePath": "https://shop.coles.com.au/wcsstore/Coles-CAS/images/3/6/9/3698621.jpg",
    "cupPrice": "$2.56 per 100g",
    "unit": "ea",
    "packageSize": "39g",
    "barcode": ["9300617288084"],
    "isAvailable": true,
    "locations": ["vic", "sa", "qld", "nsw", "wa", "tas", "nt"]
  },
  {
    "apiUrl": "https://shop.coles.com.au/search/resources/store/20529/productview/bySeoUrlKeyword/arnotts-crispbread-cruskits-rye?catalogId=27101",
    "id": "c9611772p-9310072019888",
    "store": "coles",
    "name": "Rye Cruskits",
    "brand": "Arnott's",
    "price": 1.75,
    "orgPrice": null,
    "categoryIds": ["pantry"],
    "imagePath": "https://shop.coles.com.au/wcsstore/Coles-CAS/images/9/6/1/9611772.jpg",
    "cupPrice": "$1.40 per 100g",
    "unit": "ea",
    "packageSize": "125g",
    "barcode": ["9310072019888"],
    "isAvailable": true,
    "locations": ["vic", "sa", "qld", "nsw", "wa", "tas", "act", "nt"]
  },
  {
    "apiUrl": "https://shop.coles.com.au/search/resources/store/20529/productview/bySeoUrlKeyword/uncle-tobys-cereal-cheerios-honey-oats-1175167p?catalogId=27101",
    "id": "c1175167p-9300605088900",
    "store": "coles",
    "name": "Cheerios Honey Multigrain Cereal",
    "brand": "Uncle Tobys",
    "price": 3.25,
    "orgPrice": 6.5,
    "categoryIds": ["pantry"],
    "imagePath": "https://shop.coles.com.au/wcsstore/Coles-CAS/images/1/1/7/1175167.jpg",
    "cupPrice": "$0.57 per 100g",
    "unit": "ea",
    "packageSize": "570g",
    "barcode": ["9300605088900"],
    "isAvailable": true,
    "locations": ["vic", "sa", "qld", "nsw", "wa", "tas", "act", "nt"]
  },
  {
    "apiUrl": "https://shop.coles.com.au/search/resources/store/20529/productview/bySeoUrlKeyword/nescafe-cafe-menu-coffee-mocha-4461832p?catalogId=27101",
    "id": "c4461832p-8801055062799",
    "store": "coles",
    "name": "Mocha Sachets 10 Pack",
    "brand": "Nescafe",
    "price": 3.15,
    "orgPrice": 6.3,
    "categoryIds": ["pantry", "drinks"],
    "imagePath": "https://shop.coles.com.au/wcsstore/Coles-CAS/images/4/4/6/4461832.jpg",
    "cupPrice": "$1.75 per 100g",
    "unit": "ea",
    "packageSize": "180g",
    "barcode": ["8801055062799", "8801055061792"],
    "isAvailable": true,
    "locations": ["vic", "sa", "qld", "nsw", "wa", "tas", "act", "nt"]
  },
  {
    "apiUrl": "https://shop.coles.com.au/search/resources/store/20529/productview/bySeoUrlKeyword/mars-fun-size-milky-way?catalogId=27101",
    "id": "c5225926p-9300682035637",
    "store": "coles",
    "name": "Chocolate Medium Party Share Bag 18 Pieces",
    "brand": "Milky Way",
    "price": 2.3,
    "orgPrice": 4.6,
    "categoryIds": ["pantry"],
    "imagePath": "https://shop.coles.com.au/wcsstore/Coles-CAS/images/5/2/2/5225926.jpg",
    "cupPrice": "$1.06 per 100g",
    "unit": "ea",
    "packageSize": "216g",
    "barcode": ["9300682035637", "9300682002912", "9300682013987"],
    "isAvailable": true,
    "locations": ["vic", "sa", "qld", "nsw", "wa", "tas", "act", "nt"]
  },
  {
    "apiUrl": "https://shop.coles.com.au/search/resources/store/20529/productview/bySeoUrlKeyword/cadbury-cherry-ripe-chocolate-bar?catalogId=27101",
    "id": "c136534p-9300617323266",
    "store": "coles",
    "name": "Cherry Ripe Chocolate Bar",
    "brand": "Cadbury",
    "price": 1,
    "orgPrice": 2,
    "categoryIds": ["pantry"],
    "imagePath": "https://shop.coles.com.au/wcsstore/Coles-CAS/images/1/3/6/136534.jpg",
    "cupPrice": "$1.92 per 100g",
    "unit": "ea",
    "packageSize": "52g",
    "barcode": [
      "9300617323266",
      "9300617408741",
      "9300617000426",
      "9300685000076",
      "9300617325741"
    ],
    "isAvailable": true,
    "locations": ["vic", "sa", "qld", "nsw", "wa", "tas", "act", "nt"]
  },
  {
    "apiUrl": "https://shop.coles.com.au/search/resources/store/20529/productview/bySeoUrlKeyword/cadbury-turkish-delight-chocolate-bar?catalogId=27101",
    "id": "c136498p-9300617335733",
    "store": "coles",
    "name": "Turkish Delight Chocolate Bar",
    "brand": "Fry's",
    "price": 1,
    "orgPrice": 2,
    "categoryIds": ["pantry"],
    "imagePath": "https://shop.coles.com.au/wcsstore/Coles-CAS/images/1/3/6/136498.jpg",
    "cupPrice": "$1.82 per 100g",
    "unit": "ea",
    "packageSize": "55g",
    "barcode": ["9300617335733", "9300617320289", "9300617000549"],
    "isAvailable": true,
    "locations": ["vic", "sa", "qld", "nsw", "wa", "tas", "act", "nt"]
  },
  {
    "apiUrl": "https://shop.coles.com.au/search/resources/store/20529/productview/bySeoUrlKeyword/arnotts-chocolate-biscuits-tim-tam-white?catalogId=27101",
    "id": "c7243805p-9310072025155",
    "store": "coles",
    "name": "Tim Tam White Chocolate Biscuits",
    "brand": "Arnott's",
    "price": 1.82,
    "orgPrice": 3.65,
    "categoryIds": ["pantry"],
    "imagePath": "https://shop.coles.com.au/wcsstore/Coles-CAS/images/7/2/4/7243805.jpg",
    "cupPrice": "$1.10 per 100g",
    "unit": "ea",
    "packageSize": "165g",
    "barcode": ["9310072025155"],
    "isAvailable": true,
    "locations": ["vic", "sa", "qld", "nsw", "wa", "tas", "act", "nt"]
  },
  {
    "apiUrl": "https://shop.coles.com.au/search/resources/store/20529/productview/bySeoUrlKeyword/uncle-tobys-plus-iron?catalogId=27101",
    "id": "c2264524p-9300605132627",
    "store": "coles",
    "name": "Plus Iron Cereal",
    "brand": "Uncle Tobys",
    "price": 3.75,
    "orgPrice": 7.5,
    "categoryIds": ["pantry"],
    "imagePath": "https://shop.coles.com.au/wcsstore/Coles-CAS/images/2/2/6/2264524.jpg",
    "cupPrice": "$0.53 per 100g",
    "unit": "ea",
    "packageSize": "710g",
    "barcode": ["9300605132627", "9300605101388"],
    "isAvailable": true,
    "locations": ["vic", "sa", "qld", "nsw", "wa", "tas", "act", "nt"]
  },
  {
    "apiUrl": "https://shop.coles.com.au/search/resources/store/20529/productview/bySeoUrlKeyword/tyrrells--lightly-salted-english-crisps?catalogId=27101",
    "id": "c2664431p-400003397129",
    "store": "coles",
    "name": "Lightly Salted English Crisps",
    "brand": "Tyrrells",
    "price": 2.25,
    "orgPrice": 4.5,
    "categoryIds": ["pantry"],
    "imagePath": "https://shop.coles.com.au/wcsstore/Coles-CAS/images/2/6/6/2664431.jpg",
    "cupPrice": "$1.36 per 100g",
    "unit": "ea",
    "packageSize": "165g",
    "barcode": ["400003397129", "9350515001001"],
    "isAvailable": true,
    "locations": ["vic", "sa", "qld", "nsw", "wa", "tas", "act", "nt"]
  },
  {
    "apiUrl": "https://shop.coles.com.au/search/resources/store/20529/productview/bySeoUrlKeyword/cadbury-twirl-chocolate-bar?catalogId=27101",
    "id": "c5216313p-9300617000556",
    "store": "coles",
    "name": "Twirl Chocolate Bar",
    "brand": "Cadbury",
    "price": 1,
    "orgPrice": 2,
    "categoryIds": ["pantry"],
    "imagePath": "https://shop.coles.com.au/wcsstore/Coles-CAS/images/5/2/1/5216313.jpg",
    "cupPrice": "$2.56 per 100g",
    "unit": "ea",
    "packageSize": "39g",
    "barcode": [
      "9300617000556",
      "9300617325659",
      "9300685000045",
      "9300685000601",
      "9300617325727",
      "9300617408710",
      "9300617323969",
      "9300617325802"
    ],
    "isAvailable": true,
    "locations": ["vic", "sa", "qld", "nsw", "wa", "tas", "act", "nt"]
  },
  {
    "apiUrl": "https://shop.coles.com.au/search/resources/store/20529/productview/bySeoUrlKeyword/arnotts-crispbread-cruskits-corn?catalogId=27101",
    "id": "c9079462p-9310072009476",
    "store": "coles",
    "name": "Corn Cruskits",
    "brand": "Arnott's",
    "price": 1.75,
    "orgPrice": null,
    "categoryIds": ["pantry"],
    "imagePath": "https://shop.coles.com.au/wcsstore/Coles-CAS/images/9/0/7/9079462.jpg",
    "cupPrice": "$1.40 per 100g",
    "unit": "ea",
    "packageSize": "125g",
    "barcode": ["9310072009476", "9310072020198"],
    "isAvailable": true,
    "locations": ["vic", "sa", "qld", "nsw", "wa", "tas", "act", "nt"]
  },
  {
    "apiUrl": "https://shop.coles.com.au/search/resources/store/20529/productview/bySeoUrlKeyword/arnotts-chocolate-biscuits-tim-tams-classic-dark-chocolate?catalogId=27101",
    "id": "c6025536p-9310072012599",
    "store": "coles",
    "name": "Classic Dark Chocolate Tim Tam",
    "brand": "Arnott's",
    "price": 1.82,
    "orgPrice": 3.65,
    "categoryIds": ["pantry"],
    "imagePath": "https://shop.coles.com.au/wcsstore/Coles-CAS/images/6/0/2/6025536.jpg",
    "cupPrice": "$0.91 per 100g",
    "unit": "ea",
    "packageSize": "200g",
    "barcode": ["9310072012599"],
    "isAvailable": true,
    "locations": ["vic", "sa", "qld", "nsw", "wa", "tas", "act", "nt"]
  },
  {
    "apiUrl": "https://shop.coles.com.au/search/resources/store/20529/productview/bySeoUrlKeyword/nestle-cereal-milo-duo?catalogId=27101",
    "id": "c8610173p-9300605069275",
    "store": "coles",
    "name": "Milo Duo Cereal",
    "brand": "Nestle",
    "price": 3.75,
    "orgPrice": 7.5,
    "categoryIds": ["pantry"],
    "imagePath": "https://shop.coles.com.au/wcsstore/Coles-CAS/images/8/6/1/8610173.jpg",
    "cupPrice": "$0.57 per 100g",
    "unit": "ea",
    "packageSize": "660g",
    "barcode": ["9300605069275"],
    "isAvailable": true,
    "locations": ["vic", "sa", "qld", "nsw", "wa", "tas", "act", "nt"]
  },
  {
    "apiUrl": "https://shop.coles.com.au/search/resources/store/20529/productview/bySeoUrlKeyword/campbells-stock-real-beef-salt-reduced?catalogId=27101",
    "id": "c9209230p-9300644432603",
    "store": "coles",
    "name": "Real Salt Reduced Beef  Stock",
    "brand": "Campbell's",
    "price": 2,
    "orgPrice": 4,
    "categoryIds": ["pantry"],
    "imagePath": "https://shop.coles.com.au/wcsstore/Coles-CAS/images/9/2/0/9209230.jpg",
    "cupPrice": "$0.20 per 100ml",
    "unit": "ea",
    "packageSize": "1l",
    "barcode": ["9300644432603"],
    "isAvailable": true,
    "locations": ["vic", "sa", "qld", "nsw", "wa", "tas", "act", "nt"]
  },
  {
    "apiUrl": "https://shop.coles.com.au/search/resources/store/20529/productview/bySeoUrlKeyword/uncle-tobys-cereal-plus-protein-8930298p?catalogId=27101",
    "id": "c8930298p-9300605073487",
    "store": "coles",
    "name": "Plus Protein Cereal",
    "brand": "Uncle Tobys",
    "price": 3.75,
    "orgPrice": 7.5,
    "categoryIds": ["pantry"],
    "imagePath": "https://shop.coles.com.au/wcsstore/Coles-CAS/images/8/9/3/8930298.jpg",
    "cupPrice": "$0.53 per 100g",
    "unit": "ea",
    "packageSize": "705g",
    "barcode": ["9300605073487", "9300605132634"],
    "isAvailable": true,
    "locations": ["vic", "sa", "qld", "nsw", "wa", "tas", "act", "nt"]
  },
  {
    "apiUrl": "https://shop.coles.com.au/search/resources/store/20529/productview/bySeoUrlKeyword/campbells-country-ladle-soup-traditional-minestrone?catalogId=27101",
    "id": "c7166090p-9300644123532",
    "store": "coles",
    "name": "Country Ladle Traditional Minestrone Soup Can",
    "brand": "Campbell's",
    "price": 1.75,
    "orgPrice": 3.5,
    "categoryIds": ["pantry"],
    "imagePath": "https://shop.coles.com.au/wcsstore/Coles-CAS/images/7/1/6/7166090.jpg",
    "cupPrice": "$0.35 per 100g",
    "unit": "ea",
    "packageSize": "495g",
    "barcode": ["9300644123532", "9300644023535"],
    "isAvailable": true,
    "locations": ["vic", "sa", "qld", "nsw", "wa", "tas", "act", "nt"]
  },
  {
    "apiUrl": "https://shop.coles.com.au/search/resources/store/20529/productview/bySeoUrlKeyword/campbells-country-ladle-soup-butternut-pumpkin?catalogId=27101",
    "id": "c7165858p-9300644023542",
    "store": "coles",
    "name": "Country Ladle Butternut Pumpkin Soup Can",
    "brand": "Campbell's",
    "price": 1.75,
    "orgPrice": 3.5,
    "categoryIds": ["pantry"],
    "imagePath": "https://shop.coles.com.au/wcsstore/Coles-CAS/images/7/1/6/7165858.jpg",
    "cupPrice": "$0.35 per 100g",
    "unit": "ea",
    "packageSize": "505g",
    "barcode": ["9300644023542", "9300644123549"],
    "isAvailable": true,
    "locations": ["vic", "sa", "qld", "nsw", "wa", "tas", "act", "nt"]
  },
  {
    "apiUrl": "https://shop.coles.com.au/search/resources/store/20529/productview/bySeoUrlKeyword/john-west-tempters-tuna-chilli?catalogId=27101",
    "id": "c6044009p-9300462348216",
    "store": "coles",
    "name": "Tempters Chilli Tuna",
    "brand": "John West",
    "price": 1.15,
    "orgPrice": 2.3,
    "categoryIds": ["pantry"],
    "imagePath": "https://shop.coles.com.au/wcsstore/Coles-CAS/images/6/0/4/6044009.jpg",
    "cupPrice": "$12.11 per 1kg",
    "unit": "ea",
    "packageSize": "95g",
    "barcode": ["9300462348216", "93667548", "9300654310618"],
    "isAvailable": true,
    "locations": ["vic", "sa", "qld", "nsw", "wa", "tas", "act", "nt"]
  },
  {
    "apiUrl": "https://shop.coles.com.au/search/resources/store/20529/productview/bySeoUrlKeyword/john-west-tempters-tuna-lemon-cracked-pepper?catalogId=27101",
    "id": "c6041113p-9300462348247",
    "store": "coles",
    "name": "Tempters Lemon & Cracked Pepper Tuna",
    "brand": "John West",
    "price": 1.15,
    "orgPrice": 2.3,
    "categoryIds": ["pantry"],
    "imagePath": "https://shop.coles.com.au/wcsstore/Coles-CAS/images/6/0/4/6041113.jpg",
    "cupPrice": "$12.11 per 1kg",
    "unit": "ea",
    "packageSize": "95g",
    "barcode": ["9300462348247"],
    "isAvailable": true,
    "locations": ["vic", "sa", "qld", "nsw", "wa", "tas", "act", "nt"]
  },
  {
    "apiUrl": "https://shop.coles.com.au/search/resources/store/20529/productview/bySeoUrlKeyword/nescafe-cafe-menu-coffee-cappuccino-strong?catalogId=27101",
    "id": "c5694097p-8801055062287",
    "store": "coles",
    "name": "Strong Cappuccino Sachets 10 Pack",
    "brand": "Nescafe",
    "price": 3.15,
    "orgPrice": 6.3,
    "categoryIds": ["pantry", "drinks"],
    "imagePath": "https://shop.coles.com.au/wcsstore/Coles-CAS/images/5/6/9/5694097.jpg",
    "cupPrice": "$2.39 per 100g",
    "unit": "ea",
    "packageSize": "132g",
    "barcode": ["8801055062287"],
    "isAvailable": true,
    "locations": ["vic", "sa", "qld", "nsw", "wa", "tas", "act", "nt"]
  },
  {
    "apiUrl": "https://shop.coles.com.au/search/resources/store/20529/productview/bySeoUrlKeyword/la-espanola-olive-oil-mild-light-5847020p?catalogId=27101",
    "id": "c5847020p-8410660510108",
    "store": "coles",
    "name": "Olive Oil Light & Mild",
    "brand": "La Espanola",
    "price": 7,
    "orgPrice": 14,
    "categoryIds": ["pantry"],
    "imagePath": "https://shop.coles.com.au/wcsstore/Coles-CAS/images/5/8/4/5847020.jpg",
    "cupPrice": "$0.70 per 100ml",
    "unit": "ea",
    "packageSize": "1l",
    "barcode": ["8410660510108"],
    "isAvailable": true,
    "locations": ["vic", "sa", "qld", "nsw", "wa", "tas", "act", "nt"]
  },
  {
    "apiUrl": "https://shop.coles.com.au/search/resources/store/20529/productview/bySeoUrlKeyword/mars-bar-fun-size-share-pack?catalogId=27101",
    "id": "c5225960p-9300682035620",
    "store": "coles",
    "name": "Chocolate Medium Party Share Bag 12 Pieces",
    "brand": "Mars",
    "price": 2.3,
    "orgPrice": 4.6,
    "categoryIds": ["pantry"],
    "imagePath": "https://shop.coles.com.au/wcsstore/Coles-CAS/images/5/2/2/5225960.jpg",
    "cupPrice": "$1.06 per 100g",
    "unit": "ea",
    "packageSize": "216g",
    "barcode": [
      "9300682035620",
      "52259609",
      "400003306138",
      "9300682034517",
      "9300682051262",
      "9300682002851",
      "400003130757",
      "9300682016179"
    ],
    "isAvailable": true,
    "locations": ["vic", "sa", "qld", "nsw", "wa", "tas", "act", "nt"]
  },
  {
    "apiUrl": "https://shop.coles.com.au/search/resources/store/20529/productview/bySeoUrlKeyword/nescafe-cafe-menu-coffee-vanilla?catalogId=27101",
    "id": "c4462846p-8801055061808",
    "store": "coles",
    "name": "Vanilla Latte Sachets 10 Pack",
    "brand": "Nescafe",
    "price": 3.15,
    "orgPrice": 6.3,
    "categoryIds": ["pantry", "drinks"],
    "imagePath": "https://shop.coles.com.au/wcsstore/Coles-CAS/images/4/4/6/4462846.jpg",
    "cupPrice": "$1.70 per 100g",
    "unit": "ea",
    "packageSize": "185g",
    "barcode": ["8801055061808"],
    "isAvailable": true,
    "locations": ["vic", "sa", "qld", "nsw", "wa", "tas", "act", "nt"]
  },
  {
    "apiUrl": "https://shop.coles.com.au/search/resources/store/20529/productview/bySeoUrlKeyword/campbells-chunky-soup-chicken-roast-vegetable?catalogId=27101",
    "id": "c4915350p-9300644700740",
    "store": "coles",
    "name": "Chunky Chicken Roast Vegetable Soup Can",
    "brand": "Campbell's",
    "price": 1.75,
    "orgPrice": 3.5,
    "categoryIds": ["pantry"],
    "imagePath": "https://shop.coles.com.au/wcsstore/Coles-CAS/images/4/9/1/4915350.jpg",
    "cupPrice": "$0.35 per 100g",
    "unit": "ea",
    "packageSize": "505g",
    "barcode": ["9300644700740"],
    "isAvailable": true,
    "locations": ["vic", "sa", "qld", "nsw", "wa", "tas", "act", "nt"]
  },
  {
    "apiUrl": "https://shop.coles.com.au/search/resources/store/20529/productview/bySeoUrlKeyword/nescafe-cafe-menu-coffee-hazelnut?catalogId=27101",
    "id": "c4491550p-8801055061846",
    "store": "coles",
    "name": "Hazelnut Latte Sachets 10 Pack",
    "brand": "Nescafe",
    "price": 3.15,
    "orgPrice": 6.3,
    "categoryIds": ["pantry", "drinks"],
    "imagePath": "https://shop.coles.com.au/wcsstore/Coles-CAS/images/4/4/9/4491550.jpg",
    "cupPrice": "$1.75 per 100g",
    "unit": "ea",
    "packageSize": "180g",
    "barcode": ["8801055061846"],
    "isAvailable": true,
    "locations": ["vic", "sa", "qld", "nsw", "wa", "tas", "act", "nt"]
  },
  {
    "apiUrl": "https://shop.coles.com.au/search/resources/store/20529/productview/bySeoUrlKeyword/campbells-country-ladle-soup-chicken-sweet-corn?catalogId=27101",
    "id": "c4887131p-9300644235808",
    "store": "coles",
    "name": "Country Ladle Chicken Sweet Corn Soup Can",
    "brand": "Campbell's",
    "price": 1.75,
    "orgPrice": 3.5,
    "categoryIds": ["pantry"],
    "imagePath": "https://shop.coles.com.au/wcsstore/Coles-CAS/images/4/8/8/4887131.jpg",
    "cupPrice": "$0.35 per 100g",
    "unit": "ea",
    "packageSize": "505g",
    "barcode": ["9300644235808"],
    "isAvailable": true,
    "locations": ["vic", "sa", "qld", "nsw", "wa", "tas", "act", "nt"]
  },
  {
    "apiUrl": "https://shop.coles.com.au/search/resources/store/20529/productview/bySeoUrlKeyword/campbells-stock-real-vegetable-salt-reduced?catalogId=27101",
    "id": "c9209229p-9300644433006",
    "store": "coles",
    "name": "Real Salt Reduced Vegetable Stock",
    "brand": "Campbell's",
    "price": 2,
    "orgPrice": 4,
    "categoryIds": ["pantry"],
    "imagePath": "https://shop.coles.com.au/wcsstore/Coles-CAS/images/9/2/0/9209229.jpg",
    "cupPrice": "$0.20 per 100ml",
    "unit": "ea",
    "packageSize": "1l",
    "barcode": ["9300644433006"],
    "isAvailable": true,
    "locations": ["vic", "sa", "qld", "nsw", "wa", "tas", "act", "nt"]
  },
  {
    "apiUrl": "https://shop.coles.com.au/search/resources/store/20529/productview/bySeoUrlKeyword/messy-monkeys-quinoa-bites-burger?catalogId=27101",
    "id": "c2897815p-9315090204360",
    "store": "coles",
    "name": "Whole Grain Bites Burger Flavour",
    "brand": "Messy Monkeys",
    "price": 3.5,
    "orgPrice": 7,
    "categoryIds": ["pantry", "health-beauty"],
    "imagePath": "https://shop.coles.com.au/wcsstore/Coles-CAS/images/2/8/9/2897815.jpg",
    "cupPrice": "$2.19 per 100g",
    "unit": "ea",
    "packageSize": "160g",
    "barcode": ["9315090204360"],
    "isAvailable": true,
    "locations": ["vic", "sa", "qld", "nsw", "wa", "tas", "act", "nt"]
  },
  {
    "apiUrl": "https://shop.coles.com.au/search/resources/store/20529/productview/bySeoUrlKeyword/moccona-barista-reserve-coffee-crema?catalogId=27101",
    "id": "c3208493p",
    "store": "coles",
    "name": "Barista Reserve Crema Instant Coffee",
    "brand": "Moccona",
    "price": 9,
    "orgPrice": 18,
    "categoryIds": ["pantry", "drinks"],
    "imagePath": "https://shop.coles.com.au/wcsstore/Coles-CAS/images/3/2/0/3208493.jpg",
    "cupPrice": "$5.14 per 100g",
    "unit": "ea",
    "packageSize": "175g",
    "barcode": null,
    "isAvailable": true,
    "locations": ["vic", "sa", "qld", "nsw", "wa", "tas", "act", "nt"]
  },
  {
    "apiUrl": "https://shop.coles.com.au/search/resources/store/20529/productview/bySeoUrlKeyword/maltesers-fun-size-maltesers?catalogId=27101",
    "id": "c5376488p-9300682034494",
    "store": "coles",
    "name": "Milk Chocolate Party Share Bag Medium 12 Piece Pack",
    "brand": "Maltesers",
    "price": 2.3,
    "orgPrice": 4.6,
    "categoryIds": ["pantry"],
    "imagePath": "https://shop.coles.com.au/wcsstore/Coles-CAS/images/5/3/7/5376488.jpg",
    "cupPrice": "$1.60 per 100g",
    "unit": "ea",
    "packageSize": "144g",
    "barcode": [
      "9300682034494",
      "9300682035613",
      "9300682010979",
      "9300682003896"
    ],
    "isAvailable": true,
    "locations": ["vic", "sa", "qld", "nsw", "wa", "tas", "act", "nt"]
  },
  {
    "apiUrl": "https://shop.coles.com.au/search/resources/store/20529/productview/bySeoUrlKeyword/campbells-chunky-soup-hearty-irish-stew?catalogId=27101",
    "id": "c4905947p-9300644700009",
    "store": "coles",
    "name": "Chunky Soup Irish Stew Style",
    "brand": "Campbell's",
    "price": 1.75,
    "orgPrice": 3.5,
    "categoryIds": ["pantry"],
    "imagePath": "https://shop.coles.com.au/wcsstore/Coles-CAS/images/4/9/0/4905947.jpg",
    "cupPrice": "$0.35 per 100g",
    "unit": "ea",
    "packageSize": "505g",
    "barcode": ["9300644700009"],
    "isAvailable": true,
    "locations": ["vic", "sa", "qld", "nsw", "wa", "tas", "act", "nt"]
  },
  {
    "apiUrl": "https://shop.coles.com.au/search/resources/store/20529/productview/bySeoUrlKeyword/cadbury-dairy-milk-chocolate-roll-pack?catalogId=27101",
    "id": "c5072676p-9300617320319",
    "store": "coles",
    "name": "Dairy Milk Chocolate Roll Pack",
    "brand": "Cadbury",
    "price": 1,
    "orgPrice": 2,
    "categoryIds": ["pantry"],
    "imagePath": "https://shop.coles.com.au/wcsstore/Coles-CAS/images/5/0/7/5072676.jpg",
    "cupPrice": "$1.82 per 100g",
    "unit": "ea",
    "packageSize": "55g",
    "barcode": ["9300617320319", "9300685000090"],
    "isAvailable": true,
    "locations": ["vic", "sa", "qld", "nsw", "wa", "tas", "act", "nt"]
  },
  {
    "apiUrl": "https://shop.coles.com.au/search/resources/store/20529/productview/bySeoUrlKeyword/mars-snickers-fun-size-share-pack?catalogId=27101",
    "id": "c5225959p-9300682035651",
    "store": "coles",
    "name": "Chocolate Medium Party Share Bag 12 piece",
    "brand": "Snickers",
    "price": 2.3,
    "orgPrice": 4.6,
    "categoryIds": ["pantry"],
    "imagePath": "https://shop.coles.com.au/wcsstore/Coles-CAS/images/5/2/2/5225959.jpg",
    "cupPrice": "$1.06 per 100g",
    "unit": "ea",
    "packageSize": "216g",
    "barcode": [
      "9300682035651",
      "9300682052863",
      "400003130764",
      "9300682051286",
      "9300682002844"
    ],
    "isAvailable": true,
    "locations": ["vic", "sa", "qld", "nsw", "wa", "tas", "act", "nt"]
  },
  {
    "apiUrl": "https://shop.coles.com.au/search/resources/store/20529/productview/bySeoUrlKeyword/kinder-chocolate-bueno?catalogId=27101",
    "id": "c5216969p-80052760",
    "store": "coles",
    "name": "Bueno Chocolate",
    "brand": "Kinder",
    "price": 1,
    "orgPrice": 2,
    "categoryIds": ["pantry"],
    "imagePath": "https://shop.coles.com.au/wcsstore/Coles-CAS/images/5/2/1/5216969.jpg",
    "cupPrice": "$2.33 per 100g",
    "unit": "ea",
    "packageSize": "43g",
    "barcode": ["80052760"],
    "isAvailable": true,
    "locations": ["vic", "sa", "qld", "nsw", "wa", "tas", "act", "nt"]
  },
  {
    "apiUrl": "https://shop.coles.com.au/search/resources/store/20529/productview/bySeoUrlKeyword/cadbury-picnic-chocolate-bar?catalogId=27101",
    "id": "c136556p-9300617323549",
    "store": "coles",
    "name": "Picnic Chocolate Bar",
    "brand": "Cadbury",
    "price": 1,
    "orgPrice": 2,
    "categoryIds": ["pantry"],
    "imagePath": "https://shop.coles.com.au/wcsstore/Coles-CAS/images/1/3/6/136556.jpg",
    "cupPrice": "$2.17 per 100g",
    "unit": "ea",
    "packageSize": "46g",
    "barcode": [
      "9300617323549",
      "9300617000532",
      "9300617408642",
      "9300617323563"
    ],
    "isAvailable": true,
    "locations": ["vic", "sa", "qld", "nsw", "wa", "tas", "act", "nt"]
  },
  {
    "apiUrl": "https://shop.coles.com.au/search/resources/store/20529/productview/bySeoUrlKeyword/cadbury-crunchie-chocolate-bar?catalogId=27101",
    "id": "c136523p-9300617381457",
    "store": "coles",
    "name": "Crunchie Chocolate bar",
    "brand": "Cadbury",
    "price": 1,
    "orgPrice": 2,
    "categoryIds": ["pantry"],
    "imagePath": "https://shop.coles.com.au/wcsstore/Coles-CAS/images/1/3/6/136523.jpg",
    "cupPrice": "$2.00 per 100g",
    "unit": "ea",
    "packageSize": "50g",
    "barcode": ["9300617381457", "9300617322863", "9300617000433"],
    "isAvailable": true,
    "locations": ["vic", "sa", "qld", "nsw", "wa", "tas", "act", "nt"]
  },
  {
    "apiUrl": "https://shop.coles.com.au/search/resources/store/20529/productview/bySeoUrlKeyword/john-west-tempters-tuna-natural-smoke-flavour?catalogId=27101",
    "id": "c9658663p-9300462348254",
    "store": "coles",
    "name": "Tempters Natural Smoke Flavour Tuna",
    "brand": "John West",
    "price": 1.15,
    "orgPrice": 2.3,
    "categoryIds": ["pantry"],
    "imagePath": "https://shop.coles.com.au/wcsstore/Coles-CAS/images/9/6/5/9658663.jpg",
    "cupPrice": "$12.11 per 1kg",
    "unit": "ea",
    "packageSize": "95g",
    "barcode": ["9300462348254"],
    "isAvailable": true,
    "locations": ["vic", "sa", "qld", "nsw", "wa", "tas", "act", "nt"]
  },
  {
    "apiUrl": "https://shop.coles.com.au/search/resources/store/20529/productview/bySeoUrlKeyword/campbells-country-ladle-soup-creamy-chicken?catalogId=27101",
    "id": "c9680312p-9300644234900",
    "store": "coles",
    "name": "Country Ladle Creamy Chicken Soup Can",
    "brand": "Campbell's",
    "price": 1.75,
    "orgPrice": 3.5,
    "categoryIds": ["pantry"],
    "imagePath": "https://shop.coles.com.au/wcsstore/Coles-CAS/images/9/6/8/9680312.jpg",
    "cupPrice": "$0.35 per 100g",
    "unit": "ea",
    "packageSize": "500g",
    "barcode": ["9300644234900"],
    "isAvailable": true,
    "locations": ["vic", "sa", "qld", "nsw", "wa", "tas", "act", "nt"]
  },
  {
    "apiUrl": "https://shop.coles.com.au/search/resources/store/20529/productview/bySeoUrlKeyword/freedom-foods-xo-crunch?catalogId=27101",
    "id": "c1992606p-9315090201451",
    "store": "coles",
    "name": "XO Crunch",
    "brand": "Freedom Foods",
    "price": 2,
    "orgPrice": 4,
    "categoryIds": ["pantry", "health-beauty"],
    "imagePath": "https://shop.coles.com.au/wcsstore/Coles-CAS/images/1/9/9/1992606.jpg",
    "cupPrice": "$0.70 per 100g",
    "unit": "ea",
    "packageSize": "285g",
    "barcode": ["9315090201451"],
    "isAvailable": true,
    "locations": ["vic", "sa", "qld", "nsw", "wa", "tas", "act", "nt"]
  },
  {
    "apiUrl": "https://shop.coles.com.au/search/resources/store/20529/productview/bySeoUrlKeyword/tyrrells--cheddar-cheese-chives-english-chips?catalogId=27101",
    "id": "c2664442p-400003397112",
    "store": "coles",
    "name": "Cheddar Cheese & Chives English Chips",
    "brand": "Tyrrells",
    "price": 2.25,
    "orgPrice": 4.5,
    "categoryIds": ["pantry"],
    "imagePath": "https://shop.coles.com.au/wcsstore/Coles-CAS/images/2/6/6/2664442.jpg",
    "cupPrice": "$1.36 per 100g",
    "unit": "ea",
    "packageSize": "165g",
    "barcode": ["400003397112", "9350515001018"],
    "isAvailable": true,
    "locations": ["vic", "sa", "qld", "nsw", "wa", "tas", "act", "nt"]
  },
  {
    "apiUrl": "https://shop.coles.com.au/search/resources/store/20529/productview/bySeoUrlKeyword/arnotts-tim-tams-messina-biscuits-choc-mint?catalogId=27101",
    "id": "c2869977p-9310072029979",
    "store": "coles",
    "name": "Tim Tam Chocolate Mint Biscuits",
    "brand": "Arnott's",
    "price": 1.82,
    "orgPrice": 3.65,
    "categoryIds": ["pantry"],
    "imagePath": "https://shop.coles.com.au/wcsstore/Coles-CAS/images/2/8/6/2869977.jpg",
    "cupPrice": "$1.14 per 100g",
    "unit": "ea",
    "packageSize": "160g",
    "barcode": ["9310072029979"],
    "isAvailable": true,
    "locations": ["vic", "sa", "qld", "nsw", "wa", "tas", "act", "nt"]
  },
  {
    "apiUrl": "https://shop.coles.com.au/search/resources/store/20529/productview/bySeoUrlKeyword/uncle-tobys-cereal-plus-fibre?catalogId=27101",
    "id": "c8930221p-9300605073500",
    "store": "coles",
    "name": "Plus Fibre Cereal",
    "brand": "Uncle Tobys",
    "price": 3.75,
    "orgPrice": 7.5,
    "categoryIds": ["pantry"],
    "imagePath": "https://shop.coles.com.au/wcsstore/Coles-CAS/images/8/9/3/8930221.jpg",
    "cupPrice": "$0.48 per 100g",
    "unit": "ea",
    "packageSize": "775g",
    "barcode": ["9300605073500", "9300605132665"],
    "isAvailable": true,
    "locations": ["vic", "sa", "qld", "nsw", "wa", "tas", "act", "nt"]
  },
  {
    "apiUrl": "https://shop.coles.com.au/search/resources/store/20529/productview/bySeoUrlKeyword/cadbury-time-out-chocolate-bar?catalogId=27101",
    "id": "c86866p-9300617325079",
    "store": "coles",
    "name": "Time Out Chocolate Bar",
    "brand": "Cadbury",
    "price": 1,
    "orgPrice": 2,
    "categoryIds": ["pantry"],
    "imagePath": "https://shop.coles.com.au/wcsstore/Coles-CAS/images/8/6/8/86866.jpg",
    "cupPrice": "$2.50 per 100g",
    "unit": "ea",
    "packageSize": "40g",
    "barcode": ["9300617325079"],
    "isAvailable": true,
    "locations": ["vic", "sa", "qld", "nsw", "wa", "tas", "act", "nt"]
  },
  {
    "apiUrl": "https://shop.coles.com.au/search/resources/store/20529/productview/bySeoUrlKeyword/john-west-tempters-tuna-sweet-chilli?catalogId=27101",
    "id": "c8582395p-9300462349060",
    "store": "coles",
    "name": "Tempters Sweet Chilli Tuna",
    "brand": "John West",
    "price": 1.15,
    "orgPrice": 2.3,
    "categoryIds": ["pantry"],
    "imagePath": "https://shop.coles.com.au/wcsstore/Coles-CAS/images/8/5/8/8582395.jpg",
    "cupPrice": "$12.11 per 1kg",
    "unit": "ea",
    "packageSize": "95g",
    "barcode": ["9300462349060"],
    "isAvailable": true,
    "locations": ["vic", "sa", "qld", "nsw", "wa", "tas", "act", "nt"]
  },
  {
    "apiUrl": "https://shop.coles.com.au/search/resources/store/20529/productview/bySeoUrlKeyword/campbells-country-ladle-soup-chicken-noodle?catalogId=27101",
    "id": "c8027044p-9300644702393",
    "store": "coles",
    "name": "Country Ladle Chicken Noodle Soup Can",
    "brand": "Campbell's",
    "price": 1.75,
    "orgPrice": 3.5,
    "categoryIds": ["pantry"],
    "imagePath": "https://shop.coles.com.au/wcsstore/Coles-CAS/images/8/0/2/8027044.jpg",
    "cupPrice": "$0.35 per 100g",
    "unit": "ea",
    "packageSize": "500g",
    "barcode": ["9300644702393"],
    "isAvailable": true,
    "locations": ["vic", "sa", "qld", "nsw", "wa", "tas", "act", "nt"]
  },
  {
    "apiUrl": "https://shop.coles.com.au/search/resources/store/20529/productview/bySeoUrlKeyword/campbells-country-ladle-soup-farmhouse-vegetable?catalogId=27101",
    "id": "c7165971p-9300644023504",
    "store": "coles",
    "name": "Country Ladle Farmhouse Vegetable Soup Can",
    "brand": "Campbell's",
    "price": 1.75,
    "orgPrice": 3.5,
    "categoryIds": ["pantry"],
    "imagePath": "https://shop.coles.com.au/wcsstore/Coles-CAS/images/7/1/6/7165971.jpg",
    "cupPrice": "$0.35 per 100g",
    "unit": "ea",
    "packageSize": "495g",
    "barcode": ["9300644023504", "9300644123501"],
    "isAvailable": true,
    "locations": ["vic", "sa", "qld", "nsw", "wa", "tas", "act", "nt"]
  },
  {
    "apiUrl": "https://shop.coles.com.au/search/resources/store/20529/productview/bySeoUrlKeyword/campbells-chunky-soup-potato-bacon?catalogId=27101",
    "id": "c4915361p-9300644700726",
    "store": "coles",
    "name": "Chunky Soup Potato Bacon",
    "brand": "Campbell's",
    "price": 1.75,
    "orgPrice": 3.5,
    "categoryIds": ["pantry"],
    "imagePath": "https://shop.coles.com.au/wcsstore/Coles-CAS/images/4/9/1/4915361.jpg",
    "cupPrice": "$0.35 per 100g",
    "unit": "ea",
    "packageSize": "505g",
    "barcode": ["9300644700726"],
    "isAvailable": true,
    "locations": ["vic", "sa", "qld", "nsw", "wa", "tas", "act", "nt"]
  },
  {
    "apiUrl": "https://shop.coles.com.au/search/resources/store/20529/productview/bySeoUrlKeyword/whittakers-chocolate-slab-peanut?catalogId=27101",
    "id": "c415935p-94314212",
    "store": "coles",
    "name": "Peanut Chocolate Slab",
    "brand": "Whittakers",
    "price": 1,
    "orgPrice": 2,
    "categoryIds": ["pantry"],
    "imagePath": "https://shop.coles.com.au/wcsstore/Coles-CAS/images/4/1/5/415935.jpg",
    "cupPrice": "$2.00 per 100g",
    "unit": "ea",
    "packageSize": "50g",
    "barcode": ["94314212"],
    "isAvailable": true,
    "locations": ["vic", "sa", "qld", "nsw", "wa", "tas", "act", "nt"]
  },
  {
    "apiUrl": "https://shop.coles.com.au/search/resources/store/20529/productview/bySeoUrlKeyword/freedom-foods-cereal-rice-puffs--gluten-free?catalogId=27101",
    "id": "c4604703p-9315090201925",
    "store": "coles",
    "name": "Cereal Rice Puffs",
    "brand": "Freedom Foods",
    "price": 2,
    "orgPrice": 4,
    "categoryIds": ["pantry", "health-beauty"],
    "imagePath": "https://shop.coles.com.au/wcsstore/Coles-CAS/images/4/6/0/4604703.jpg",
    "cupPrice": "$0.80 per 100g",
    "unit": "ea",
    "packageSize": "250g",
    "barcode": ["9315090201925", "9315090000399", "9315090200577"],
    "isAvailable": true,
    "locations": ["vic", "sa", "qld", "nsw", "tas", "act", "nt"]
  },
  {
    "apiUrl": "https://shop.coles.com.au/search/resources/store/20529/productview/bySeoUrlKeyword/nestle-cereal-nesquik?catalogId=27101",
    "id": "c4944891p-4800361334341",
    "store": "coles",
    "name": "Nesquik Cereal",
    "brand": "Nestle",
    "price": 3.75,
    "orgPrice": 7.5,
    "categoryIds": ["pantry"],
    "imagePath": "https://shop.coles.com.au/wcsstore/Coles-CAS/images/4/9/4/4944891.jpg",
    "cupPrice": "$0.58 per 100g",
    "unit": "ea",
    "packageSize": "650g",
    "barcode": ["4800361334341"],
    "isAvailable": true,
    "locations": ["vic", "sa", "qld", "nsw", "wa", "tas", "act", "nt"]
  },
  {
    "apiUrl": "https://shop.coles.com.au/search/resources/store/20529/productview/bySeoUrlKeyword/nescafe-cafe-menu-coffee-cappuccino-decaf?catalogId=27101",
    "id": "c4976956p-9300605126411",
    "store": "coles",
    "name": "Decaffeinated Cappuccino Sachets 10 Pack",
    "brand": "Nescafe",
    "price": 3.15,
    "orgPrice": 6.3,
    "categoryIds": ["pantry", "drinks"],
    "imagePath": "https://shop.coles.com.au/wcsstore/Coles-CAS/images/4/9/7/4976956.jpg",
    "cupPrice": "$2.01 per 100g",
    "unit": "ea",
    "packageSize": "157g",
    "barcode": ["9300605126411", "8801055062812"],
    "isAvailable": true,
    "locations": ["vic", "sa", "qld", "nsw", "wa", "tas", "act", "nt"]
  },
  {
    "apiUrl": "https://shop.coles.com.au/search/resources/store/20529/productview/bySeoUrlKeyword/nescafe-cafe-menu-coffee-cappuccino-skim-4976854p?catalogId=27101",
    "id": "c4976854p-8801055062195",
    "store": "coles",
    "name": "Skim Cappuccino Sachets 10 Pack",
    "brand": "Nescafe",
    "price": 3.15,
    "orgPrice": 6.3,
    "categoryIds": ["pantry", "drinks"],
    "imagePath": "https://shop.coles.com.au/wcsstore/Coles-CAS/images/4/9/7/4976854.jpg",
    "cupPrice": "$2.39 per 100g",
    "unit": "ea",
    "packageSize": "132g",
    "barcode": ["8801055062195"],
    "isAvailable": true,
    "locations": ["vic", "sa", "qld", "nsw", "wa", "tas", "act", "nt"]
  },
  {
    "apiUrl": "https://shop.coles.com.au/search/resources/store/20529/productview/bySeoUrlKeyword/tyrrells--cider-vinegar-seasalt-english-crisps?catalogId=27101",
    "id": "c2664475p-9350515001056",
    "store": "coles",
    "name": "Sea Salt & Vinegar Hand Cooked Crisps",
    "brand": "Tyrrells",
    "price": 2.25,
    "orgPrice": 4.5,
    "categoryIds": ["pantry"],
    "imagePath": "https://shop.coles.com.au/wcsstore/Coles-CAS/images/2/6/6/2664475.jpg",
    "cupPrice": "$1.36 per 100g",
    "unit": "ea",
    "packageSize": "165g",
    "barcode": ["9350515001056", "400003397105"],
    "isAvailable": true,
    "locations": ["vic", "sa", "qld", "nsw", "tas", "act", "nt"]
  },
  {
    "apiUrl": "https://shop.coles.com.au/search/resources/store/20529/productview/bySeoUrlKeyword/messy-monkeys-quinoa-cheese-bites?catalogId=27101",
    "id": "c2897826p-9315090204346",
    "store": "coles",
    "name": "Whole Grain Bites Cheese Flavour",
    "brand": "Messy Monkeys",
    "price": 3.5,
    "orgPrice": 7,
    "categoryIds": ["pantry", "health-beauty"],
    "imagePath": "https://shop.coles.com.au/wcsstore/Coles-CAS/images/2/8/9/2897826.jpg",
    "cupPrice": "$2.19 per 100g",
    "unit": "ea",
    "packageSize": "160g",
    "barcode": ["9315090204346"],
    "isAvailable": true,
    "locations": ["vic", "sa", "qld", "nsw", "wa", "tas", "act", "nt"]
  },
  {
    "apiUrl": "https://shop.coles.com.au/search/resources/store/20529/productview/bySeoUrlKeyword/moccona-barista-reserve-smooth-espresso?catalogId=27101",
    "id": "c3208482p",
    "store": "coles",
    "name": "Barista Reserve Smooth Espresso Instant Coffee",
    "brand": "Moccona",
    "price": 9,
    "orgPrice": 18,
    "categoryIds": ["pantry", "drinks"],
    "imagePath": "https://shop.coles.com.au/wcsstore/Coles-CAS/images/3/2/0/3208482.jpg",
    "cupPrice": "$5.14 per 100g",
    "unit": "ea",
    "packageSize": "175g",
    "barcode": null,
    "isAvailable": true,
    "locations": ["vic", "sa", "qld", "nsw", "wa", "tas", "act", "nt"]
  },
  {
    "apiUrl": "https://shop.coles.com.au/search/resources/store/20529/productview/bySeoUrlKeyword/moccona-barista-reserve-coffee-rich-esprsso?catalogId=27101",
    "id": "c3208471p",
    "store": "coles",
    "name": "Barista Reserve Rich Espresso Instant Coffee",
    "brand": "Moccona",
    "price": 9,
    "orgPrice": 18,
    "categoryIds": ["pantry", "drinks"],
    "imagePath": "https://shop.coles.com.au/wcsstore/Coles-CAS/images/3/2/0/3208471.jpg",
    "cupPrice": "$5.14 per 100g",
    "unit": "ea",
    "packageSize": "175g",
    "barcode": null,
    "isAvailable": true,
    "locations": ["vic", "sa", "qld", "nsw", "wa", "tas", "act", "nt"]
  },
  {
    "apiUrl": "https://shop.coles.com.au/search/resources/store/20529/productview/bySeoUrlKeyword/campbells-chunky-soup-ravioli-bef-tom?catalogId=27101",
    "id": "c3714692p-9300644705325",
    "store": "coles",
    "name": "Chunky Soup Ravioli Beef Tom",
    "brand": "Campbell's",
    "price": 1.75,
    "orgPrice": 3.5,
    "categoryIds": ["pantry"],
    "imagePath": "https://shop.coles.com.au/wcsstore/Coles-CAS/images/3/7/1/3714692.jpg",
    "cupPrice": "$0.35 per 100g",
    "unit": "ea",
    "packageSize": "505g",
    "barcode": ["9300644705325"],
    "isAvailable": true,
    "locations": ["vic", "sa", "qld", "nsw", "wa", "tas", "act", "nt"]
  },
  {
    "apiUrl": "https://shop.coles.com.au/search/resources/store/20529/productview/bySeoUrlKeyword/campbells-country-ladle-soup-pumpkin-rich-creamy?catalogId=27101",
    "id": "c8027055p-9300644702409",
    "store": "coles",
    "name": "Country Ladle Rich & Creamy Pumpkin Soup Can",
    "brand": "Campbell's",
    "price": 1.75,
    "orgPrice": 3.5,
    "categoryIds": ["pantry"],
    "imagePath": "https://shop.coles.com.au/wcsstore/Coles-CAS/images/8/0/2/8027055.jpg",
    "cupPrice": "$0.35 per 100g",
    "unit": "ea",
    "packageSize": "500g",
    "barcode": ["9300644702409"],
    "isAvailable": true,
    "locations": ["vic", "sa", "qld", "nsw", "wa", "tas", "act", "nt"]
  },
  {
    "apiUrl": "https://shop.coles.com.au/search/resources/store/20529/productview/bySeoUrlKeyword/john-west-tempters-tuna-oven-dried-tomato-basil?catalogId=27101",
    "id": "c6041124p-9300462348193",
    "store": "coles",
    "name": "Tempters Oven Dried Tomato & Basil Tuna",
    "brand": "John West",
    "price": 1.15,
    "orgPrice": 2.3,
    "categoryIds": ["pantry"],
    "imagePath": "https://shop.coles.com.au/wcsstore/Coles-CAS/images/6/0/4/6041124.jpg",
    "cupPrice": "$12.11 per 1kg",
    "unit": "ea",
    "packageSize": "95g",
    "barcode": ["9300462348193"],
    "isAvailable": true,
    "locations": ["vic", "sa", "qld", "nsw", "wa", "tas", "act", "nt"]
  },
  {
    "apiUrl": "https://shop.coles.com.au/search/resources/store/20529/productview/bySeoUrlKeyword/john-west-tempters-tuna-zesty-vinaigrette?catalogId=27101",
    "id": "c6044097p-9300654310601",
    "store": "coles",
    "name": "Tempters Zesty Vinaigrette Tuna",
    "brand": "John West",
    "price": 1.15,
    "orgPrice": 2.3,
    "categoryIds": ["pantry"],
    "imagePath": "https://shop.coles.com.au/wcsstore/Coles-CAS/images/6/0/4/6044097.jpg",
    "cupPrice": "$12.11 per 1kg",
    "unit": "ea",
    "packageSize": "95g",
    "barcode": ["9300654310601", "93667487", "9300462348278"],
    "isAvailable": true,
    "locations": ["vic", "sa", "qld", "nsw", "wa", "tas", "act", "nt"]
  },
  {
    "apiUrl": "https://shop.coles.com.au/search/resources/store/20529/productview/bySeoUrlKeyword/mars-confectionery-twix-fun-size?catalogId=27101",
    "id": "c6029457p-9300682035644",
    "store": "coles",
    "name": "Chocolate Medium Party Share Bag 12 piece",
    "brand": "Twix",
    "price": 2.3,
    "orgPrice": 4.6,
    "categoryIds": ["pantry"],
    "imagePath": "https://shop.coles.com.au/wcsstore/Coles-CAS/images/6/0/2/6029457.jpg",
    "cupPrice": "$1.32 per 100g",
    "unit": "ea",
    "packageSize": "174g",
    "barcode": [
      "9300682035644",
      "9300682007726",
      "9300682033091",
      "9300682051330"
    ],
    "isAvailable": true,
    "locations": ["vic", "sa", "qld", "nsw", "wa", "tas", "act", "nt"]
  },
  {
    "apiUrl": "https://shop.coles.com.au/search/resources/store/20529/productview/bySeoUrlKeyword/campbells-chunky-soup-pea-ham?catalogId=27101",
    "id": "c4905448p-9300644700719",
    "store": "coles",
    "name": "Chunky Pea & Ham Soup Can",
    "brand": "Campbell's",
    "price": 1.75,
    "orgPrice": 3.5,
    "categoryIds": ["pantry"],
    "imagePath": "https://shop.coles.com.au/wcsstore/Coles-CAS/images/4/9/0/4905448.jpg",
    "cupPrice": "$0.35 per 100g",
    "unit": "ea",
    "packageSize": "505g",
    "barcode": ["9300644700719"],
    "isAvailable": true,
    "locations": ["vic", "sa", "qld", "nsw", "wa", "tas", "act", "nt"]
  },
  {
    "apiUrl": "https://shop.coles.com.au/search/resources/store/20529/productview/bySeoUrlKeyword/cadbury-chunky-dairy-milk-chocolate-bar?catalogId=27101",
    "id": "c5072665p-9300617320128",
    "store": "coles",
    "name": "Dairy Milk Chunky Chocolate Bar",
    "brand": "Cadbury",
    "price": 1,
    "orgPrice": 2,
    "categoryIds": ["pantry"],
    "imagePath": "https://shop.coles.com.au/wcsstore/Coles-CAS/images/5/0/7/5072665.jpg",
    "cupPrice": "$2.00 per 100g",
    "unit": "ea",
    "packageSize": "50g",
    "barcode": [
      "9300617320128",
      "9300685000069",
      "9300617408727",
      "9300617042310"
    ],
    "isAvailable": true,
    "locations": ["vic", "sa", "qld", "nsw", "wa", "tas", "act", "nt"]
  },
  {
    "apiUrl": "https://shop.coles.com.au/search/resources/store/20529/productview/bySeoUrlKeyword/campbells-chunky-soup-stockpot?catalogId=27101",
    "id": "c4915372p-9300644700757",
    "store": "coles",
    "name": "Chunky Soup Stockpot",
    "brand": "Campbell's",
    "price": 1.75,
    "orgPrice": 3.5,
    "categoryIds": ["pantry"],
    "imagePath": "https://shop.coles.com.au/wcsstore/Coles-CAS/images/4/9/1/4915372.jpg",
    "cupPrice": "$0.35 per 100g",
    "unit": "ea",
    "packageSize": "505g",
    "barcode": ["9300644700757"],
    "isAvailable": true,
    "locations": ["vic", "sa", "qld", "nsw", "wa", "tas", "act", "nt"]
  },
  {
    "apiUrl": "https://shop.coles.com.au/search/resources/store/20529/productview/bySeoUrlKeyword/cadbury-flake-chocolate-bar?catalogId=27101",
    "id": "c136487p-93617406",
    "store": "coles",
    "name": "Flake Chocolate Bar",
    "brand": "Cadbury",
    "price": 1,
    "orgPrice": 2,
    "categoryIds": ["pantry"],
    "imagePath": "https://shop.coles.com.au/wcsstore/Coles-CAS/images/1/3/6/136487.jpg",
    "cupPrice": "$3.33 per 100g",
    "unit": "ea",
    "packageSize": "30g",
    "barcode": ["93617406", "93006170", "93061759"],
    "isAvailable": true,
    "locations": ["vic", "sa", "qld", "nsw", "wa", "tas", "act", "nt"]
  },
  {
    "apiUrl": "https://shop.coles.com.au/search/resources/store/20529/productview/bySeoUrlKeyword/mars-fun-size-m-ms-milk-chocolate?catalogId=27101",
    "id": "c1261010p-400003130771",
    "store": "coles",
    "name": "Chocolate Party Share Bag Medium 12 Piece Pack",
    "brand": "M&M's",
    "price": 2.3,
    "orgPrice": 4.6,
    "categoryIds": ["pantry"],
    "imagePath": "https://shop.coles.com.au/wcsstore/Coles-CAS/images/1/2/6/1261010.jpg",
    "cupPrice": "$1.42 per 100g",
    "unit": "ea",
    "packageSize": "162g",
    "barcode": ["400003130771", "9300682042260"],
    "isAvailable": true,
    "locations": ["vic", "sa", "qld", "nsw", "wa", "tas", "act", "nt"]
  },
  {
    "apiUrl": "https://shop.coles.com.au/search/resources/store/20529/productview/bySeoUrlKeyword/lindt-lindor-chocolate-balls-assorted-gift-box?catalogId=27101",
    "id": "c8731258p-9323966999975",
    "store": "coles",
    "name": "Lindor Assorted Chocolate Balls Gift Box",
    "brand": "Lindt",
    "price": 10,
    "orgPrice": 20,
    "categoryIds": ["pantry"],
    "imagePath": "https://shop.coles.com.au/wcsstore/Coles-CAS/images/8/7/3/8731258.jpg",
    "cupPrice": "$4.26 per 100g",
    "unit": "ea",
    "packageSize": "235g",
    "barcode": ["9323966999975", "9323966101002", "9323966999951"],
    "isAvailable": true,
    "locations": ["vic", "sa", "qld", "nsw", "wa", "tas", "act", "nt"]
  },
  {
    "apiUrl": "https://shop.coles.com.au/search/resources/store/20529/productview/bySeoUrlKeyword/kettle-chunky-potato-chips-crushed-sea-salt?catalogId=27101",
    "id": "c1260073p-9310988013598",
    "store": "coles",
    "name": "Himalayan Salt",
    "brand": "Kettle Chunky Chips",
    "price": 2.25,
    "orgPrice": 4.5,
    "categoryIds": ["pantry"],
    "imagePath": "https://shop.coles.com.au/wcsstore/Coles-CAS/images/1/2/6/1260073.jpg",
    "cupPrice": "$1.50 per 100g",
    "unit": "ea",
    "packageSize": "150g",
    "barcode": ["9310988013598"],
    "isAvailable": true,
    "locations": ["vic", "sa", "qld", "nsw", "wa", "tas", "act", "nt"]
  },
  {
    "apiUrl": "https://shop.coles.com.au/search/resources/store/20529/productview/bySeoUrlKeyword/uncle-tobys-cereal-plus-muesli-flakes-8930367p?catalogId=27101",
    "id": "c8930367p-9300605114340",
    "store": "coles",
    "name": "Plus Muesli Flakes",
    "brand": "Uncle Tobys",
    "price": 3.75,
    "orgPrice": 7.5,
    "categoryIds": ["pantry"],
    "imagePath": "https://shop.coles.com.au/wcsstore/Coles-CAS/images/8/9/3/8930367.jpg",
    "cupPrice": "$0.46 per 100g",
    "unit": "ea",
    "packageSize": "820g",
    "barcode": ["9300605114340", "9300605132658", "9300605073470"],
    "isAvailable": true,
    "locations": ["vic", "sa", "qld", "nsw", "wa", "tas", "act", "nt"]
  },
  {
    "apiUrl": "https://shop.coles.com.au/search/resources/store/20529/productview/bySeoUrlKeyword/uncle-tobys-original-jumbo-quick-oats-sachets?catalogId=27101",
    "id": "c1902090p-9300605097575",
    "store": "coles",
    "name": "Original Big Bowl Oats Sachets",
    "brand": "Uncle Tobys",
    "price": 3.15,
    "orgPrice": 6.3,
    "categoryIds": ["pantry"],
    "imagePath": "https://shop.coles.com.au/wcsstore/Coles-CAS/images/1/9/0/1902090.jpg",
    "cupPrice": "$0.68 per 100g",
    "unit": "ea",
    "packageSize": "460g",
    "barcode": ["9300605097575"],
    "isAvailable": true,
    "locations": ["vic", "sa", "qld", "nsw", "wa", "tas", "act", "nt"]
  },
  {
    "apiUrl": "https://shop.coles.com.au/search/resources/store/20529/productview/bySeoUrlKeyword/nutella-snack-and-go?catalogId=27101",
    "id": "c2676984p-93698535",
    "store": "coles",
    "name": "Ferrero Hazelnut Spread With Cocoa + Breadsticks",
    "brand": "Nutella",
    "price": 1.25,
    "orgPrice": 2.5,
    "categoryIds": ["pantry"],
    "imagePath": "https://shop.coles.com.au/wcsstore/Coles-CAS/images/2/6/7/2676984.jpg",
    "cupPrice": "$2.60 per 100g",
    "unit": "ea",
    "packageSize": "48g",
    "barcode": ["93698535"],
    "isAvailable": true,
    "locations": ["vic", "sa", "qld", "nsw", "wa", "tas", "act", "nt"]
  },
  {
    "apiUrl": "https://shop.coles.com.au/search/resources/store/20529/productview/bySeoUrlKeyword/skittles-funsize-fruit?catalogId=27101",
    "id": "c2914018p-9300613112598",
    "store": "coles",
    "name": "Fruits Lollies Party Share Bag",
    "brand": "Skittles",
    "price": 2.3,
    "orgPrice": 4.6,
    "categoryIds": ["pantry"],
    "imagePath": "https://shop.coles.com.au/wcsstore/Coles-CAS/images/2/9/1/2914018.jpg",
    "cupPrice": "$1.28 per 100g",
    "unit": "ea",
    "packageSize": "180g",
    "barcode": ["9300613112598"],
    "isAvailable": true,
    "locations": ["vic", "sa", "qld", "nsw", "wa", "tas", "act", "nt"]
  },
  {
    "apiUrl": "https://shop.coles.com.au/search/resources/store/20529/productview/bySeoUrlKeyword/uncle-tobys-cereal-plus-omega-3?catalogId=27101",
    "id": "c8930254p-9300605073494",
    "store": "coles",
    "name": "Plus Omega 3 Cereal",
    "brand": "Uncle Tobys",
    "price": 3.75,
    "orgPrice": 7.5,
    "categoryIds": ["pantry"],
    "imagePath": "https://shop.coles.com.au/wcsstore/Coles-CAS/images/8/9/3/8930254.jpg",
    "cupPrice": "$0.48 per 100g",
    "unit": "ea",
    "packageSize": "775g",
    "barcode": ["9300605073494", "9300605132641"],
    "isAvailable": true,
    "locations": ["vic", "sa", "qld", "nsw", "wa", "tas", "act", "nt"]
  },
  {
    "apiUrl": "https://shop.coles.com.au/search/resources/store/20529/productview/bySeoUrlKeyword/john-west-tempters-tuna-mayonnaise-corn?catalogId=27101",
    "id": "c6658510p-9300462344508",
    "store": "coles",
    "name": "Tempters Tuna Sweet Corn & Mayonnaise",
    "brand": "John West",
    "price": 1.15,
    "orgPrice": 2.3,
    "categoryIds": ["pantry"],
    "imagePath": "https://shop.coles.com.au/wcsstore/Coles-CAS/images/6/6/5/6658510.jpg",
    "cupPrice": "$12.11 per 1kg",
    "unit": "ea",
    "packageSize": "95g",
    "barcode": ["9300462344508"],
    "isAvailable": true,
    "locations": ["vic", "sa", "qld", "nsw", "wa", "tas", "act", "nt"]
  },
  {
    "apiUrl": "https://shop.coles.com.au/search/resources/store/20529/productview/bySeoUrlKeyword/mars-bounty-fun-size?catalogId=27101",
    "id": "c5225937p-9300682052306",
    "store": "coles",
    "name": "Chocolate Medium Party Share Bag 16 Piece",
    "brand": "Bounty",
    "price": 2.3,
    "orgPrice": 4.6,
    "categoryIds": ["pantry"],
    "imagePath": "https://shop.coles.com.au/wcsstore/Coles-CAS/images/5/2/2/5225937.jpg",
    "cupPrice": "$1.40 per 100g",
    "unit": "ea",
    "packageSize": "164g",
    "barcode": [
      "9300682052306",
      "9300682033077",
      "9300682035606",
      "9300682002820"
    ],
    "isAvailable": true,
    "locations": ["vic", "sa", "qld", "nsw", "wa", "tas", "act", "nt"]
  },
  {
    "apiUrl": "https://shop.coles.com.au/search/resources/store/20529/productview/bySeoUrlKeyword/cadbury-boost-chocolate-bar?catalogId=27101",
    "id": "c4425023p-9300617302834",
    "store": "coles",
    "name": "Boost Chocolate Bar",
    "brand": "Cadbury",
    "price": 1,
    "orgPrice": 2,
    "categoryIds": ["pantry"],
    "imagePath": "https://shop.coles.com.au/wcsstore/Coles-CAS/images/4/4/2/4425023.jpg",
    "cupPrice": "$1.67 per 100g",
    "unit": "ea",
    "packageSize": "60g",
    "barcode": ["9300617302834", "9300685000328"],
    "isAvailable": true,
    "locations": ["vic", "sa", "qld", "nsw", "wa", "tas", "act", "nt"]
  },
  {
    "apiUrl": "https://shop.coles.com.au/search/resources/store/20529/productview/bySeoUrlKeyword/freedom-foods-cereal-ultra-rice-maple-crunch-gluten-free?catalogId=27101",
    "id": "c9552367p-9315090202014",
    "store": "coles",
    "name": "Ultra Rice Maple Crunch Gluten Free",
    "brand": "Freedom Foods",
    "price": 2.5,
    "orgPrice": 5,
    "categoryIds": ["pantry", "health-beauty"],
    "imagePath": "https://shop.coles.com.au/wcsstore/Coles-CAS/images/9/5/5/9552367.jpg",
    "cupPrice": "$0.83 per 100g",
    "unit": "ea",
    "packageSize": "300g",
    "barcode": ["9315090202014", "9315090100396"],
    "isAvailable": true,
    "locations": ["vic", "sa", "qld", "nsw", "wa", "tas", "act", "nt"]
  },
  {
    "apiUrl": "https://shop.coles.com.au/search/resources/store/20529/productview/bySeoUrlKeyword/nabisco-tasty-cheese-ritz-snackz-crackers?catalogId=27101",
    "id": "c1743215p-9300650012523",
    "store": "coles",
    "name": "Tasty Cheddar Cheese Crackers",
    "brand": "Ritz Snackz",
    "price": 1,
    "orgPrice": 2,
    "categoryIds": ["pantry"],
    "imagePath": "https://shop.coles.com.au/wcsstore/Coles-CAS/images/1/7/4/1743215.jpg",
    "cupPrice": "$1.00 per 100g",
    "unit": "ea",
    "packageSize": "100g",
    "barcode": ["9300650012523", "9300650020108"],
    "isAvailable": true,
    "locations": ["vic", "sa", "qld", "nsw", "wa", "tas", "act", "nt"]
  },
  {
    "apiUrl": "https://shop.coles.com.au/search/resources/store/20529/productview/bySeoUrlKeyword/freedom-foods-active-balance-multigrain-cranberry?catalogId=27101",
    "id": "c1838537p-9315090201352",
    "store": "coles",
    "name": "Active Balance Multigrain & Cranberry",
    "brand": "Freedom Foods",
    "price": 3,
    "orgPrice": 6,
    "categoryIds": ["pantry", "health-beauty"],
    "imagePath": "https://shop.coles.com.au/wcsstore/Coles-CAS/images/1/8/3/1838537.jpg",
    "cupPrice": "$0.86 per 100g",
    "unit": "ea",
    "packageSize": "350g",
    "barcode": ["9315090201352"],
    "isAvailable": true,
    "locations": ["vic", "sa", "qld", "nsw", "wa", "tas", "act", "nt"]
  },
  {
    "apiUrl": "https://shop.coles.com.au/search/resources/store/20529/productview/bySeoUrlKeyword/freedom-foods-active-balance-buckwheat-quinoa-cereal?catalogId=27101",
    "id": "c1838548p-400002958451",
    "store": "coles",
    "name": "Active Balance Buckwheat & Quinoa Cereal",
    "brand": "Freedom Foods",
    "price": 3,
    "orgPrice": 6,
    "categoryIds": ["pantry", "health-beauty"],
    "imagePath": "https://shop.coles.com.au/wcsstore/Coles-CAS/images/1/8/3/1838548.jpg",
    "cupPrice": "$0.86 per 100g",
    "unit": "ea",
    "packageSize": "350g",
    "barcode": ["400002958451", "9315090201345"],
    "isAvailable": true,
    "locations": ["vic", "sa", "qld", "nsw", "wa", "tas", "act", "nt"]
  },
  {
    "apiUrl": "https://shop.coles.com.au/search/resources/store/20529/productview/bySeoUrlKeyword/cadbury-cherry-ripe-double-dip?catalogId=27101",
    "id": "c2427185p-9300617045182",
    "store": "coles",
    "name": "Cherry Ripe Double Dip Chocolate Bar",
    "brand": "Cadbury",
    "price": 1,
    "orgPrice": 2,
    "categoryIds": ["pantry"],
    "imagePath": "https://shop.coles.com.au/wcsstore/Coles-CAS/images/2/4/2/2427185.jpg",
    "cupPrice": "$2.13 per 100g",
    "unit": "ea",
    "packageSize": "47g",
    "barcode": ["9300617045182"],
    "isAvailable": true,
    "locations": ["vic", "sa", "qld", "nsw", "wa", "tas", "act", "nt"]
  },
  {
    "apiUrl": "https://shop.coles.com.au/search/resources/store/20529/productview/bySeoUrlKeyword/smiths-potato-chips-salt-vinegar-60g?catalogId=27101",
    "id": "c2873169p-9310015243707",
    "store": "coles",
    "name": "Salt & Vinegar Crinkle Potato Chips",
    "brand": "Smith's",
    "price": 1.05,
    "orgPrice": 2.1,
    "categoryIds": ["pantry"],
    "imagePath": "https://shop.coles.com.au/wcsstore/Coles-CAS/images/2/8/7/2873169.jpg",
    "cupPrice": "$1.75 per 100g",
    "unit": "ea",
    "packageSize": "60g",
    "barcode": ["9310015243707", "400003175628"],
    "isAvailable": true,
    "locations": ["vic", "sa", "qld", "nsw", "wa", "tas", "act", "nt"]
  },
  {
    "apiUrl": "https://shop.coles.com.au/search/resources/store/20529/productview/bySeoUrlKeyword/kinder-bueno-white?catalogId=27101",
    "id": "c2877432p-93698108",
    "store": "coles",
    "name": "Bueno White",
    "brand": "Kinder",
    "price": 1,
    "orgPrice": 2,
    "categoryIds": ["pantry"],
    "imagePath": "https://shop.coles.com.au/wcsstore/Coles-CAS/images/2/8/7/2877432.jpg",
    "cupPrice": "$2.56 per 100g",
    "unit": "ea",
    "packageSize": "39g",
    "barcode": ["93698108", "400003176854"],
    "isAvailable": true,
    "locations": ["vic", "sa", "qld", "nsw", "wa", "tas", "act", "nt"]
  },
  {
    "apiUrl": "https://shop.coles.com.au/search/resources/store/20529/productview/bySeoUrlKeyword/green-blacks-block-choc-organic-dark-85?catalogId=27101",
    "id": "c3506764p-9300617074465",
    "store": "coles",
    "name": "Organic Dark Chocolate",
    "brand": "Green & Blacks",
    "price": 2.12,
    "orgPrice": 4.25,
    "categoryIds": ["pantry"],
    "imagePath": "https://shop.coles.com.au/wcsstore/Coles-CAS/images/3/5/0/3506764.jpg",
    "cupPrice": "$2.36 per 100g",
    "unit": "ea",
    "packageSize": "90g",
    "barcode": ["9300617074465"],
    "isAvailable": true,
    "locations": ["vic", "sa", "qld", "nsw", "wa", "tas", "act", "nt"]
  },
  {
    "apiUrl": "https://shop.coles.com.au/search/resources/store/20529/productview/bySeoUrlKeyword/campbells-country-ladle-garden-vegetable-soup?catalogId=27101",
    "id": "c6815812p-9300644701617",
    "store": "coles",
    "name": "Country Ladle Garden Vegetable Soup Can",
    "brand": "Campbell's",
    "price": 1.75,
    "orgPrice": 3.5,
    "categoryIds": ["pantry"],
    "imagePath": "https://shop.coles.com.au/wcsstore/Coles-CAS/images/6/8/1/6815812.jpg",
    "cupPrice": "$0.35 per 100g",
    "unit": "ea",
    "packageSize": "500g",
    "barcode": ["9300644701617"],
    "isAvailable": true,
    "locations": ["vic", "sa", "qld", "nsw", "wa", "tas", "act", "nt"]
  },
  {
    "apiUrl": "https://shop.coles.com.au/search/resources/store/20529/productview/bySeoUrlKeyword/john-west-tempters-tuna-mango-chilli?catalogId=27101",
    "id": "c5263889p-9300462348414",
    "store": "coles",
    "name": "Tempters Mango Chilli Tuna",
    "brand": "John West",
    "price": 1.15,
    "orgPrice": 2.3,
    "categoryIds": ["pantry"],
    "imagePath": "https://shop.coles.com.au/wcsstore/Coles-CAS/images/5/2/6/5263889.jpg",
    "cupPrice": "$12.11 per 1kg",
    "unit": "ea",
    "packageSize": "95g",
    "barcode": ["9300462348414"],
    "isAvailable": true,
    "locations": ["vic", "sa", "qld", "nsw", "wa", "tas", "act", "nt"]
  },
  {
    "apiUrl": "https://shop.coles.com.au/search/resources/store/20529/productview/bySeoUrlKeyword/cadbury-caramello-chocolate-bar?catalogId=27101",
    "id": "c5072600p-9300617041962",
    "store": "coles",
    "name": "Dairy Milk Caramello Chocolate Bar",
    "brand": "Cadbury",
    "price": 1,
    "orgPrice": 2,
    "categoryIds": ["pantry"],
    "imagePath": "https://shop.coles.com.au/wcsstore/Coles-CAS/images/5/0/7/5072600.jpg",
    "cupPrice": "$1.82 per 100g",
    "unit": "ea",
    "packageSize": "55g",
    "barcode": ["9300617041962", "9300685000038", "9300617320166"],
    "isAvailable": true,
    "locations": ["vic", "sa", "qld", "nsw", "wa", "tas", "act", "nt"]
  },
  {
    "apiUrl": "https://shop.coles.com.au/search/resources/store/20529/productview/bySeoUrlKeyword/john-west-tempters-tuna-onion-tomato-light?catalogId=27101",
    "id": "c4925004p-9300462348537",
    "store": "coles",
    "name": "Tempters Onion & Tomato Light Tuna",
    "brand": "John West",
    "price": 1.15,
    "orgPrice": 2.3,
    "categoryIds": ["pantry"],
    "imagePath": "https://shop.coles.com.au/wcsstore/Coles-CAS/images/4/9/2/4925004.jpg",
    "cupPrice": "$12.11 per 1kg",
    "unit": "ea",
    "packageSize": "95g",
    "barcode": ["9300462348537"],
    "isAvailable": true,
    "locations": ["vic", "sa", "qld", "nsw", "wa", "tas", "act", "nt"]
  },
  {
    "apiUrl": "https://shop.coles.com.au/search/resources/store/20529/productview/bySeoUrlKeyword/cadbury-marvellous-creations-chocolate-jelly-popping-candy-beanies-9186065p?catalogId=27101",
    "id": "c9186065p-9300685000618",
    "store": "coles",
    "name": "Marvellous Creations Jelly Popping Candy Beanies Chocolate Bar",
    "brand": "Cadbury",
    "price": 1,
    "orgPrice": 2,
    "categoryIds": ["pantry"],
    "imagePath": "https://shop.coles.com.au/wcsstore/Coles-CAS/images/9/1/8/9186065.jpg",
    "cupPrice": "$2.00 per 100g",
    "unit": "ea",
    "packageSize": "50g",
    "barcode": [
      "9300685000618",
      "9300617000815",
      "9300685000083",
      "9300617042013"
    ],
    "isAvailable": true,
    "locations": ["vic", "sa", "qld", "nsw", "wa", "tas", "act", "nt"]
  },
  {
    "apiUrl": "https://shop.coles.com.au/search/resources/store/20529/productview/bySeoUrlKeyword/doritos-late-night-corn-chips-taco?catalogId=27101",
    "id": "c2872519p-9310015246753",
    "store": "coles",
    "name": "Buffalo Wings",
    "brand": "Doritos",
    "price": 1.75,
    "orgPrice": 3.5,
    "categoryIds": ["pantry"],
    "imagePath": "https://shop.coles.com.au/wcsstore/Coles-CAS/images/2/8/7/2872519.jpg",
    "cupPrice": "$1.17 per 100g",
    "unit": "ea",
    "packageSize": "150g",
    "barcode": [
      "9310015246753",
      "9310015245664",
      "9310015244223",
      "9310015248443",
      "9310015244216",
      "9310015246104",
      "9310015244773"
    ],
    "isAvailable": true,
    "locations": ["vic", "sa", "qld", "nsw", "tas", "act", "nt"]
  },
  {
    "apiUrl": "https://shop.coles.com.au/search/resources/store/20529/productview/bySeoUrlKeyword/ferrero-nutella-go-pretzel?catalogId=27101",
    "id": "c3212297p",
    "store": "coles",
    "name": "Hazelnut Spread with Pretzel Sticks",
    "brand": "Nutella",
    "price": 1.25,
    "orgPrice": 2.5,
    "categoryIds": ["pantry"],
    "imagePath": "https://shop.coles.com.au/wcsstore/Coles-CAS/images/3/2/1/3212297.jpg",
    "cupPrice": "$2.50 per 100g",
    "unit": "ea",
    "packageSize": "50g",
    "barcode": null,
    "isAvailable": true,
    "locations": ["vic", "sa", "qld", "nsw", "wa", "tas", "act", "nt"]
  },
  {
    "apiUrl": "https://shop.coles.com.au/search/resources/store/20529/productview/bySeoUrlKeyword/campbells-chunky-soup-peppered-steak-potato?catalogId=27101",
    "id": "c3414270p-9300644705165",
    "store": "coles",
    "name": "Chunky Peppered Steak & Potato Beef Soup",
    "brand": "Campbell's",
    "price": 1.75,
    "orgPrice": 3.5,
    "categoryIds": ["pantry"],
    "imagePath": "https://shop.coles.com.au/wcsstore/Coles-CAS/images/3/4/1/3414270.jpg",
    "cupPrice": "$0.35 per 100g",
    "unit": "ea",
    "packageSize": "505g",
    "barcode": ["9300644705165"],
    "isAvailable": true,
    "locations": ["vic", "sa", "qld", "nsw", "wa", "tas", "act", "nt"]
  },
  {
    "apiUrl": "https://shop.coles.com.au/search/resources/store/20529/productview/bySeoUrlKeyword/well-yes-hearty-lentil-vegetable-soup?catalogId=27101",
    "id": "c3414167p-9300644704991",
    "store": "coles",
    "name": "Hearty Lentil With Vegetable Soup",
    "brand": "Well Yes",
    "price": 1.75,
    "orgPrice": 3.5,
    "categoryIds": ["pantry"],
    "imagePath": "https://shop.coles.com.au/wcsstore/Coles-CAS/images/3/4/1/3414167.jpg",
    "cupPrice": "$0.38 per 100g",
    "unit": "ea",
    "packageSize": "463g",
    "barcode": ["9300644704991"],
    "isAvailable": true,
    "locations": ["vic", "sa", "qld", "nsw", "wa", "tas", "act"]
  },
  {
    "apiUrl": "https://shop.coles.com.au/search/resources/store/20529/productview/bySeoUrlKeyword/green-blacks-velvet-block-dark?catalogId=27101",
    "id": "c3466207p-9300617074199",
    "store": "coles",
    "name": "Cocoa Smooth Dark Chocolate",
    "brand": "Green & Black's",
    "price": 2.12,
    "orgPrice": 4.25,
    "categoryIds": ["pantry"],
    "imagePath": "https://shop.coles.com.au/wcsstore/Coles-CAS/images/3/4/6/3466207.jpg",
    "cupPrice": "$2.36 per 100g",
    "unit": "ea",
    "packageSize": "90g",
    "barcode": ["9300617074199"],
    "isAvailable": true,
    "locations": ["vic", "sa", "qld", "nsw", "wa", "tas", "act", "nt"]
  },
  {
    "apiUrl": "https://shop.coles.com.au/search/resources/store/20529/productview/bySeoUrlKeyword/green-blacks-block-choc-organic-milk?catalogId=27101",
    "id": "c3506786p-9300617074502",
    "store": "coles",
    "name": "Organic Milk Chocolate",
    "brand": "Green & Blacks",
    "price": 2.12,
    "orgPrice": 4.25,
    "categoryIds": ["pantry"],
    "imagePath": "https://shop.coles.com.au/wcsstore/Coles-CAS/images/3/5/0/3506786.jpg",
    "cupPrice": "$2.36 per 100g",
    "unit": "ea",
    "packageSize": "90g",
    "barcode": ["9300617074502"],
    "isAvailable": true,
    "locations": ["vic", "sa", "qld", "nsw", "wa", "tas", "act", "nt"]
  },
  {
    "apiUrl": "https://shop.coles.com.au/search/resources/store/20529/productview/bySeoUrlKeyword/fredom-fods-vanilla-maple-almond-cereal?catalogId=27101",
    "id": "c3773590p-9315090211399",
    "store": "coles",
    "name": "Vanilla Maple Almond Clusters",
    "brand": "Freedom Foods",
    "price": 3,
    "orgPrice": 6,
    "categoryIds": ["pantry", "health-beauty"],
    "imagePath": "https://shop.coles.com.au/wcsstore/Coles-CAS/images/3/7/7/3773590.jpg",
    "cupPrice": "$0.83 per 100g",
    "unit": "ea",
    "packageSize": "360g",
    "barcode": ["9315090211399"],
    "isAvailable": true,
    "locations": ["vic", "sa", "qld", "nsw", "wa", "tas", "act", "nt"]
  },
  {
    "apiUrl": "https://shop.coles.com.au/search/resources/store/20529/productview/bySeoUrlKeyword/uncle-tobys-cereal-plus-calcium-1175178p?catalogId=27101",
    "id": "c1175178p-9300605132702",
    "store": "coles",
    "name": "Plus Calcium Cereal",
    "brand": "Uncle Tobys",
    "price": 3.75,
    "orgPrice": 7.5,
    "categoryIds": ["pantry"],
    "imagePath": "https://shop.coles.com.au/wcsstore/Coles-CAS/images/1/1/7/1175178.jpg",
    "cupPrice": "$0.54 per 100g",
    "unit": "ea",
    "packageSize": "690g",
    "barcode": ["9300605132702", "9300605088122"],
    "isAvailable": true,
    "locations": ["vic", "sa", "qld", "nsw", "wa", "tas", "act", "nt"]
  },
  {
    "apiUrl": "https://shop.coles.com.au/search/resources/store/20529/productview/bySeoUrlKeyword/freedom-foods-cereal-muesli-gluten-free?catalogId=27101",
    "id": "c5748152p-9315090000146",
    "store": "coles",
    "name": "Gluten Free Muesli",
    "brand": "Freedom Foods",
    "price": 3.25,
    "orgPrice": 6.5,
    "categoryIds": ["pantry", "health-beauty"],
    "imagePath": "https://shop.coles.com.au/wcsstore/Coles-CAS/images/5/7/4/5748152.jpg",
    "cupPrice": "$0.65 per 100g",
    "unit": "ea",
    "packageSize": "500g",
    "barcode": ["9315090000146"],
    "isAvailable": true,
    "locations": ["vic", "sa", "qld", "nsw", "wa", "tas", "act", "nt"]
  },
  {
    "apiUrl": "https://shop.coles.com.au/search/resources/store/20529/productview/bySeoUrlKeyword/freedom-foods-corn-flakes?catalogId=27101",
    "id": "c2471391p-9315090201901",
    "store": "coles",
    "name": "Corn Flakes",
    "brand": "Freedom Foods",
    "price": 2,
    "orgPrice": 4,
    "categoryIds": ["pantry", "health-beauty"],
    "imagePath": "https://shop.coles.com.au/wcsstore/Coles-CAS/images/2/4/7/2471391.jpg",
    "cupPrice": "$0.77 per 100g",
    "unit": "ea",
    "packageSize": "260g",
    "barcode": ["9315090201901"],
    "isAvailable": true,
    "locations": ["vic", "sa", "qld", "nsw", "wa", "tas", "act", "nt"]
  },
  {
    "apiUrl": "https://shop.coles.com.au/search/resources/store/20529/productview/bySeoUrlKeyword/john-west-tempters-jalapeno-tuna?catalogId=27101",
    "id": "c2667972p-9300462112909",
    "store": "coles",
    "name": "Tempters Tuna & Tangy Jalapenos",
    "brand": "John West",
    "price": 1.15,
    "orgPrice": 2.3,
    "categoryIds": ["pantry"],
    "imagePath": "https://shop.coles.com.au/wcsstore/Coles-CAS/images/2/6/6/2667972.jpg",
    "cupPrice": "$12.11 per 1kg",
    "unit": "ea",
    "packageSize": "95g",
    "barcode": ["9300462112909"],
    "isAvailable": true,
    "locations": ["vic", "sa", "qld", "nsw", "wa", "tas", "act", "nt"]
  },
  {
    "apiUrl": "https://shop.coles.com.au/search/resources/store/20529/productview/bySeoUrlKeyword/whittakers-slab-coconut?catalogId=27101",
    "id": "c4949400p-94314205",
    "store": "coles",
    "name": "Toasted Coconut Slab Milk Chocolate Bar",
    "brand": "Whittaker's",
    "price": 1,
    "orgPrice": 2,
    "categoryIds": ["pantry"],
    "imagePath": "https://shop.coles.com.au/wcsstore/Coles-CAS/images/4/9/4/4949400.jpg",
    "cupPrice": "$2.00 per 100g",
    "unit": "ea",
    "packageSize": "50g",
    "barcode": ["94314205"],
    "isAvailable": true,
    "locations": ["vic", "sa", "qld", "nsw", "wa", "tas", "nt"]
  },
  {
    "apiUrl": "https://shop.coles.com.au/search/resources/store/20529/productview/bySeoUrlKeyword/well-yes-chicken-noodle-soup?catalogId=27101",
    "id": "c3414123p-9300644704977",
    "store": "coles",
    "name": "Chicken Noodle Soup",
    "brand": "Well Yes",
    "price": 1.75,
    "orgPrice": 3.5,
    "categoryIds": ["pantry"],
    "imagePath": "https://shop.coles.com.au/wcsstore/Coles-CAS/images/3/4/1/3414123.jpg",
    "cupPrice": "$0.38 per 100g",
    "unit": "ea",
    "packageSize": "458g",
    "barcode": ["9300644704977"],
    "isAvailable": true,
    "locations": ["vic", "sa", "qld", "nsw", "wa", "tas", "act", "nt"]
  },
  {
    "apiUrl": "https://shop.coles.com.au/search/resources/store/20529/productview/bySeoUrlKeyword/nescafe-gold-coffee-sachets-creme-brulee?catalogId=27101",
    "id": "c3511403p-9300605127104",
    "store": "coles",
    "name": "Gold Creme Brulee Latte Coffee Sachets  8 pack",
    "brand": "Nescafe",
    "price": 3.15,
    "orgPrice": 6.3,
    "categoryIds": ["pantry", "drinks"],
    "imagePath": "https://shop.coles.com.au/wcsstore/Coles-CAS/images/3/5/1/3511403.jpg",
    "cupPrice": "$2.25 per 100g",
    "unit": "ea",
    "packageSize": "140g",
    "barcode": ["9300605127104"],
    "isAvailable": true,
    "locations": ["vic", "sa", "qld", "nsw", "wa", "tas", "act", "nt"]
  },
  {
    "apiUrl": "https://shop.coles.com.au/search/resources/store/20529/productview/bySeoUrlKeyword/arnotts-shapes-crackers-meat-pie?catalogId=27101",
    "id": "c3697141p-9310072031446",
    "store": "coles",
    "name": "Shapes Meat Pie",
    "brand": "Arnott's",
    "price": 1.6,
    "orgPrice": 3.2,
    "categoryIds": ["pantry"],
    "imagePath": "https://shop.coles.com.au/wcsstore/Coles-CAS/images/3/6/9/3697141.jpg",
    "cupPrice": "$0.97 per 100g",
    "unit": "ea",
    "packageSize": "165g",
    "barcode": ["9310072031446"],
    "isAvailable": true,
    "locations": ["vic", "sa", "qld", "nsw", "wa", "tas", "act", "nt"]
  },
  {
    "apiUrl": "https://shop.coles.com.au/search/resources/store/20529/productview/bySeoUrlKeyword/lindt-lindor-chocolate-balls-milk-chocolate-gift-box?catalogId=27101",
    "id": "c8731236p-9323966999944",
    "store": "coles",
    "name": "Lindor Milk Chocolate Balls Gift Box",
    "brand": "Lindt",
    "price": 10,
    "orgPrice": 20,
    "categoryIds": ["pantry"],
    "imagePath": "https://shop.coles.com.au/wcsstore/Coles-CAS/images/8/7/3/8731236.jpg",
    "cupPrice": "$4.26 per 100g",
    "unit": "ea",
    "packageSize": "235g",
    "barcode": ["9323966999944", "9323966100999", "9323966999982"],
    "isAvailable": true,
    "locations": ["vic", "sa", "qld", "nsw", "wa", "tas", "act", "nt"]
  },
  {
    "apiUrl": "https://shop.coles.com.au/search/resources/store/20529/productview/bySeoUrlKeyword/freedom-foods-cereal-fructose-free-ancient-grain-muesli?catalogId=27101",
    "id": "c1263694p-9315090200102",
    "store": "coles",
    "name": "Fructose Free Ancient Grain Muesli",
    "brand": "Freedom Foods",
    "price": 3.25,
    "orgPrice": 6.5,
    "categoryIds": ["pantry", "health-beauty"],
    "imagePath": "https://shop.coles.com.au/wcsstore/Coles-CAS/images/1/2/6/1263694.jpg",
    "cupPrice": "$1.08 per 100g",
    "unit": "ea",
    "packageSize": "300g",
    "barcode": ["9315090200102"],
    "isAvailable": true,
    "locations": ["vic", "sa", "qld", "nsw", "tas", "act", "nt"]
  },
  {
    "apiUrl": "https://shop.coles.com.au/search/resources/store/20529/productview/bySeoUrlKeyword/nabisco-sour-cream-onion-ritz-snackz-crackers?catalogId=27101",
    "id": "c1743204p-9300650011496",
    "store": "coles",
    "name": "Snackz Sour Cream and Onion Crackers",
    "brand": "Ritz",
    "price": 1,
    "orgPrice": 2,
    "categoryIds": ["pantry"],
    "imagePath": "https://shop.coles.com.au/wcsstore/Coles-CAS/images/1/7/4/1743204.jpg",
    "cupPrice": "$1.00 per 100g",
    "unit": "ea",
    "packageSize": "100g",
    "barcode": ["9300650011496"],
    "isAvailable": true,
    "locations": ["vic", "sa", "nsw", "tas", "act", "nt"]
  },
  {
    "apiUrl": "https://shop.coles.com.au/search/resources/store/20529/productview/bySeoUrlKeyword/cadbury-chocolate-dream?catalogId=27101",
    "id": "c8885965p-9300617042266",
    "store": "coles",
    "name": "Dream White Chocolate Bar",
    "brand": "Cadbury",
    "price": 1,
    "orgPrice": 2,
    "categoryIds": ["pantry"],
    "imagePath": "https://shop.coles.com.au/wcsstore/Coles-CAS/images/8/8/8/8885965.jpg",
    "cupPrice": "$2.00 per 100g",
    "unit": "ea",
    "packageSize": "50g",
    "barcode": ["9300617042266", "9400550639988"],
    "isAvailable": true,
    "locations": ["vic", "sa", "qld", "nsw", "wa", "tas", "act", "nt"]
  },
  {
    "apiUrl": "https://shop.coles.com.au/search/resources/store/20529/productview/bySeoUrlKeyword/campbells-real-stock-thai?catalogId=27101",
    "id": "c3434255p-9300644705158",
    "store": "coles",
    "name": "Real Stock Thai Base Soup",
    "brand": "Campbell's",
    "price": 2,
    "orgPrice": 4,
    "categoryIds": ["pantry"],
    "imagePath": "https://shop.coles.com.au/wcsstore/Coles-CAS/images/3/4/3/3434255.jpg",
    "cupPrice": "$2.00 per 1l",
    "unit": "ea",
    "packageSize": "1l",
    "barcode": ["9300644705158"],
    "isAvailable": true,
    "locations": ["vic", "sa", "qld", "nsw", "wa", "tas", "act", "nt"]
  },
  {
    "apiUrl": "https://shop.coles.com.au/search/resources/store/20529/productview/bySeoUrlKeyword/green-blacks-block-choc-organic-dark-70?catalogId=27101",
    "id": "c3506775p-9300617074489",
    "store": "coles",
    "name": "Organic Dark Chocolate Block",
    "brand": "Green & Black's",
    "price": 2.12,
    "orgPrice": 4.25,
    "categoryIds": ["pantry"],
    "imagePath": "https://shop.coles.com.au/wcsstore/Coles-CAS/images/3/5/0/3506775.jpg",
    "cupPrice": "$2.36 per 100g",
    "unit": "ea",
    "packageSize": "90g",
    "barcode": ["9300617074489"],
    "isAvailable": true,
    "locations": ["vic", "sa", "qld", "nsw", "wa", "tas", "act", "nt"]
  },
  {
    "apiUrl": "https://shop.coles.com.au/search/resources/store/20529/productview/bySeoUrlKeyword/green-blacks-velvet-block-mint?catalogId=27101",
    "id": "c3466182p-9300617074342",
    "store": "coles",
    "name": "Mint Smooth Dark Chocolate",
    "brand": "Green & Black's",
    "price": 2.12,
    "orgPrice": 4.25,
    "categoryIds": ["pantry"],
    "imagePath": "https://shop.coles.com.au/wcsstore/Coles-CAS/images/3/4/6/3466182.jpg",
    "cupPrice": "$2.36 per 100g",
    "unit": "ea",
    "packageSize": "90g",
    "barcode": ["9300617074342"],
    "isAvailable": true,
    "locations": ["vic", "sa", "qld", "nsw", "wa", "tas", "act", "nt"]
  },
  {
    "apiUrl": "https://shop.coles.com.au/search/resources/store/20529/productview/bySeoUrlKeyword/arnotts-shapes-crackers-sausage-sizzle?catalogId=27101",
    "id": "c3697120p-9310072031439",
    "store": "coles",
    "name": "Shapes Crackers Sausage Sizzle",
    "brand": "Arnott's",
    "price": 1.6,
    "orgPrice": 3.2,
    "categoryIds": ["pantry"],
    "imagePath": "https://shop.coles.com.au/wcsstore/Coles-CAS/images/3/6/9/3697120.jpg",
    "cupPrice": "$0.97 per 100g",
    "unit": "ea",
    "packageSize": "165g",
    "barcode": ["9310072031439"],
    "isAvailable": true,
    "locations": ["vic", "sa", "qld", "nsw", "wa", "tas", "act", "nt"]
  },
  {
    "apiUrl": "https://shop.coles.com.au/search/resources/store/20529/productview/bySeoUrlKeyword/campbells-chunky-soup-chicken-korma?catalogId=27101",
    "id": "c3714670p-9300644705301",
    "store": "coles",
    "name": "Chunky Soup Chicken Korma",
    "brand": "Campbell's",
    "price": 1.75,
    "orgPrice": 3.5,
    "categoryIds": ["pantry"],
    "imagePath": "https://shop.coles.com.au/wcsstore/Coles-CAS/images/3/7/1/3714670.jpg",
    "cupPrice": "$0.35 per 100g",
    "unit": "ea",
    "packageSize": "505g",
    "barcode": ["9300644705301"],
    "isAvailable": true,
    "locations": ["vic", "sa", "qld", "nsw", "wa", "tas", "act", "nt"]
  },
  {
    "apiUrl": "https://shop.coles.com.au/search/resources/store/20529/productview/bySeoUrlKeyword/fredom-fods-berry-coconut-clusters?catalogId=27101",
    "id": "c3773603p-9315090211405",
    "store": "coles",
    "name": "Berry Coconut Clusters",
    "brand": "Freedom Foods",
    "price": 3,
    "orgPrice": 6,
    "categoryIds": ["pantry", "health-beauty"],
    "imagePath": "https://shop.coles.com.au/wcsstore/Coles-CAS/images/3/7/7/3773603.jpg",
    "cupPrice": "$0.83 per 100g",
    "unit": "ea",
    "packageSize": "360g",
    "barcode": ["9315090211405"],
    "isAvailable": true,
    "locations": ["vic", "sa", "qld", "nsw", "wa", "tas", "act", "nt"]
  },
  {
    "apiUrl": "https://shop.coles.com.au/search/resources/store/20529/productview/bySeoUrlKeyword/cadbury-bar-cherry-ripe-dark-ganache?catalogId=27101",
    "id": "c3394241p-9300617072867",
    "store": "coles",
    "name": "Cherry Ripe Dark Ganache Chocolate Bar",
    "brand": "Cadbury",
    "price": 1,
    "orgPrice": 2,
    "categoryIds": ["pantry"],
    "imagePath": "https://shop.coles.com.au/wcsstore/Coles-CAS/images/3/3/9/3394241.jpg",
    "cupPrice": "$2.13 per 100g",
    "unit": "ea",
    "packageSize": "47g",
    "barcode": ["9300617072867"],
    "isAvailable": true,
    "locations": ["vic", "sa", "qld", "nsw", "wa", "tas", "act", "nt"]
  },
  {
    "apiUrl": "https://shop.coles.com.au/search/resources/store/20529/productview/bySeoUrlKeyword/cadbury-bars-dairy-milk-hazelnut?catalogId=27101",
    "id": "c3404786p-9300617042068",
    "store": "coles",
    "name": "Dairy Milk Hazelnut Chocolate Bar",
    "brand": "Cadbury",
    "price": 1,
    "orgPrice": 2,
    "categoryIds": ["pantry"],
    "imagePath": "https://shop.coles.com.au/wcsstore/Coles-CAS/images/3/4/0/3404786.jpg",
    "cupPrice": "$1.82 per 100g",
    "unit": "ea",
    "packageSize": "55g",
    "barcode": ["9300617042068"],
    "isAvailable": true,
    "locations": ["vic", "sa", "qld", "nsw", "wa", "tas", "act", "nt"]
  },
  {
    "apiUrl": "https://shop.coles.com.au/search/resources/store/20529/productview/bySeoUrlKeyword/well-yes-roasted-chicken-with-wild-rice-soup?catalogId=27101",
    "id": "c3414156p-9300644704984",
    "store": "coles",
    "name": "Roasted Chicken With Wild Rice Soup",
    "brand": "Well Yes",
    "price": 1.75,
    "orgPrice": 3.5,
    "categoryIds": ["pantry"],
    "imagePath": "https://shop.coles.com.au/wcsstore/Coles-CAS/images/3/4/1/3414156.jpg",
    "cupPrice": "$0.38 per 100g",
    "unit": "ea",
    "packageSize": "463g",
    "barcode": ["9300644704984"],
    "isAvailable": true,
    "locations": ["vic", "sa", "qld", "nsw", "wa", "tas", "act", "nt"]
  },
  {
    "apiUrl": "https://shop.coles.com.au/search/resources/store/20529/productview/bySeoUrlKeyword/nescafe-gold-coffee-sachets-cappuccino-orig?catalogId=27101",
    "id": "c3511822p-9300605127388",
    "store": "coles",
    "name": "Gold Cappuccino Original Coffee Sachets Medium 8 pack",
    "brand": "Nescafe",
    "price": 3.15,
    "orgPrice": 6.3,
    "categoryIds": ["pantry", "drinks"],
    "imagePath": "https://shop.coles.com.au/wcsstore/Coles-CAS/images/3/5/1/3511822.jpg",
    "cupPrice": "$2.56 per 100g",
    "unit": "ea",
    "packageSize": "123g",
    "barcode": ["9300605127388"],
    "isAvailable": true,
    "locations": ["vic", "sa", "qld", "nsw", "wa", "tas", "act", "nt"]
  },
  {
    "apiUrl": "https://shop.coles.com.au/search/resources/store/20529/productview/bySeoUrlKeyword/cadbury-bars-dairy-milk-peppermint?catalogId=27101",
    "id": "c3507519p-9300617067160",
    "store": "coles",
    "name": "Dairy Milk Peppermint Chocolate Bar",
    "brand": "Cadbury",
    "price": 1,
    "orgPrice": 2,
    "categoryIds": ["pantry"],
    "imagePath": "https://shop.coles.com.au/wcsstore/Coles-CAS/images/3/5/0/3507519.jpg",
    "cupPrice": "$1.82 per 100g",
    "unit": "ea",
    "packageSize": "55g",
    "barcode": ["9300617067160"],
    "isAvailable": true,
    "locations": ["vic", "sa", "qld", "nsw", "wa", "tas", "act", "nt"]
  },
  {
    "apiUrl": "https://shop.coles.com.au/search/resources/store/20529/productview/bySeoUrlKeyword/mutti-pesto-style-orange-stir-throuh-sauce?catalogId=27101",
    "id": "c3591333p-8005110001659",
    "store": "coles",
    "name": "Pesto Style Stir Through Sauce Orange Tomato",
    "brand": "Mutti",
    "price": 2.5,
    "orgPrice": 5,
    "categoryIds": ["pantry"],
    "imagePath": "https://shop.coles.com.au/wcsstore/Coles-CAS/images/3/5/9/3591333.jpg",
    "cupPrice": "$0.89 per 100g",
    "unit": "ea",
    "packageSize": "280g",
    "barcode": ["8005110001659"],
    "isAvailable": true,
    "locations": ["vic", "sa", "qld", "nsw", "wa", "tas", "act", "nt"]
  },
  {
    "apiUrl": "https://shop.coles.com.au/search/resources/store/20529/productview/bySeoUrlKeyword/mutti-pesto-style-red-stir-throuh-sauce?catalogId=27101",
    "id": "c3591297p-8005110001611",
    "store": "coles",
    "name": "Pesto Style Stir Through Sauce Red Tomato",
    "brand": "Mutti",
    "price": 2.5,
    "orgPrice": 5,
    "categoryIds": ["pantry"],
    "imagePath": "https://shop.coles.com.au/wcsstore/Coles-CAS/images/3/5/9/3591297.jpg",
    "cupPrice": "$0.89 per 100g",
    "unit": "ea",
    "packageSize": "280g",
    "barcode": ["8005110001611"],
    "isAvailable": true,
    "locations": ["vic", "sa", "qld", "nsw", "wa", "tas", "act", "nt"]
  },
  {
    "apiUrl": "https://shop.coles.com.au/search/resources/store/20529/productview/bySeoUrlKeyword/kettle-chunky-potato-chips-mediteranian-herbs-spices?catalogId=27101",
    "id": "c1260084p-9310988013604",
    "store": "coles",
    "name": "Tomato & Herb",
    "brand": "Kettle Chunky Chips",
    "price": 2.25,
    "orgPrice": 4.5,
    "categoryIds": ["pantry"],
    "imagePath": "https://shop.coles.com.au/wcsstore/Coles-CAS/images/1/2/6/1260084.jpg",
    "cupPrice": "$1.50 per 100g",
    "unit": "ea",
    "packageSize": "150g",
    "barcode": ["9310988013604"],
    "isAvailable": true,
    "locations": ["vic", "sa", "qld", "nsw", "wa", "tas", "act", "nt"]
  },
  {
    "apiUrl": "https://shop.coles.com.au/search/resources/store/20529/productview/bySeoUrlKeyword/cadbury-bars-freddo-milky-top?catalogId=27101",
    "id": "c3247305p",
    "store": "coles",
    "name": "Freddo Milky Top Chocolate Bar",
    "brand": "Cadbury",
    "price": 1,
    "orgPrice": 2,
    "categoryIds": ["pantry"],
    "imagePath": "https://shop.coles.com.au/wcsstore/Coles-CAS/images/3/2/4/3247305.jpg",
    "cupPrice": "$2.22 per 100g",
    "unit": "ea",
    "packageSize": "45g",
    "barcode": null,
    "isAvailable": true,
    "locations": ["vic", "sa", "qld", "nsw", "wa", "tas", "act", "nt"]
  },
  {
    "apiUrl": "https://shop.coles.com.au/search/resources/store/20529/productview/bySeoUrlKeyword/well-yes-minestrone-with-kale-soup?catalogId=27101",
    "id": "c3414190p-9300644705004",
    "store": "coles",
    "name": "Well Yes Minestrone With Kale Soup",
    "brand": "Campbell's",
    "price": 1.75,
    "orgPrice": 3.5,
    "categoryIds": ["pantry"],
    "imagePath": "https://shop.coles.com.au/wcsstore/Coles-CAS/images/3/4/1/3414190.jpg",
    "cupPrice": "$0.38 per 100g",
    "unit": "ea",
    "packageSize": "458g",
    "barcode": ["9300644705004"],
    "isAvailable": true,
    "locations": ["vic", "sa", "qld", "nsw", "wa", "tas", "act"]
  },
  {
    "apiUrl": "https://shop.coles.com.au/search/resources/store/20529/productview/bySeoUrlKeyword/doritos-wasabi-corn-chips?catalogId=27101",
    "id": "c3568310p-9310015246760",
    "store": "coles",
    "name": "Cheese Burger",
    "brand": "Doritos",
    "price": 1.75,
    "orgPrice": 3.5,
    "categoryIds": ["pantry"],
    "imagePath": "https://shop.coles.com.au/wcsstore/Coles-CAS/images/3/5/6/3568310.jpg",
    "cupPrice": "$1.17 per 100g",
    "unit": "ea",
    "packageSize": "150g",
    "barcode": ["9310015246760", "9310015248436"],
    "isAvailable": true,
    "locations": ["vic", "sa", "nsw", "tas", "act", "nt"]
  },
  {
    "apiUrl": "https://shop.coles.com.au/search/resources/store/20529/productview/bySeoUrlKeyword/uncle-tobys-quick-sachet-banana-honey?catalogId=27101",
    "id": "c3739140p-9300605133785",
    "store": "coles",
    "name": "Banana Honey Quick Sachets",
    "brand": "Uncle Toby's",
    "price": 3.15,
    "orgPrice": 6.3,
    "categoryIds": ["pantry"],
    "imagePath": "https://shop.coles.com.au/wcsstore/Coles-CAS/images/3/7/3/3739140.jpg",
    "cupPrice": "$0.68 per 100g",
    "unit": "ea",
    "packageSize": "460g",
    "barcode": ["9300605133785"],
    "isAvailable": true,
    "locations": ["vic", "sa", "qld", "nsw", "wa", "tas", "act", "nt"]
  },
  {
    "apiUrl": "https://shop.coles.com.au/search/resources/store/20529/productview/bySeoUrlKeyword/campbells-chinese-dumpling-stock?catalogId=27101",
    "id": "c3729500p-9300644705295",
    "store": "coles",
    "name": "Chinese Dumpling Stock",
    "brand": "Campbells",
    "price": 2,
    "orgPrice": 4,
    "categoryIds": ["pantry"],
    "imagePath": "https://shop.coles.com.au/wcsstore/Coles-CAS/images/3/7/2/3729500.jpg",
    "cupPrice": "$2.00 per 1l",
    "unit": "ea",
    "packageSize": "1l",
    "barcode": ["9300644705295"],
    "isAvailable": true,
    "locations": ["vic", "sa", "qld", "nsw", "wa", "tas", "act", "nt"]
  },
  {
    "apiUrl": "https://shop.coles.com.au/search/resources/store/20529/productview/bySeoUrlKeyword/kettle-chunky-potato-chips-smokey-bbq-ribs?catalogId=27101",
    "id": "c1260095p-9310988013611",
    "store": "coles",
    "name": "Flamed Steak",
    "brand": "Kettle Chunky Chips",
    "price": 2.25,
    "orgPrice": 4.5,
    "categoryIds": ["pantry"],
    "imagePath": "https://shop.coles.com.au/wcsstore/Coles-CAS/images/1/2/6/1260095.jpg",
    "cupPrice": "$1.50 per 100g",
    "unit": "ea",
    "packageSize": "150g",
    "barcode": ["9310988013611"],
    "isAvailable": true,
    "locations": ["vic", "sa", "qld", "nsw", "tas", "act", "nt"]
  },
  {
    "apiUrl": "https://shop.coles.com.au/search/resources/store/20529/productview/bySeoUrlKeyword/green-blacks-velvet-block-salted-caramel?catalogId=27101",
    "id": "c3466193p-9300617074175",
    "store": "coles",
    "name": "Salted Caramel Smooth Dark Chocolate",
    "brand": "Green & Black's",
    "price": 2.12,
    "orgPrice": 4.25,
    "categoryIds": ["pantry"],
    "imagePath": "https://shop.coles.com.au/wcsstore/Coles-CAS/images/3/4/6/3466193.jpg",
    "cupPrice": "$2.36 per 100g",
    "unit": "ea",
    "packageSize": "90g",
    "barcode": ["9300617074175"],
    "isAvailable": true,
    "locations": ["vic", "sa", "qld", "nsw", "wa", "tas", "act", "nt"]
  },
  {
    "apiUrl": "https://shop.coles.com.au/search/resources/store/20529/productview/bySeoUrlKeyword/nescafe-gold-coffee-sachets-cappuccino-inten?catalogId=27101",
    "id": "c3511844p-9300605127395",
    "store": "coles",
    "name": "Gold Cappuccino Intense Coffee Sachets Strong 8 pack",
    "brand": "Nescafe",
    "price": 3.15,
    "orgPrice": 6.3,
    "categoryIds": ["pantry", "drinks"],
    "imagePath": "https://shop.coles.com.au/wcsstore/Coles-CAS/images/3/5/1/3511844.jpg",
    "cupPrice": "$2.56 per 100g",
    "unit": "ea",
    "packageSize": "123g",
    "barcode": ["9300605127395"],
    "isAvailable": true,
    "locations": ["vic", "sa", "qld", "nsw", "wa", "tas", "act", "nt"]
  },
  {
    "apiUrl": "https://shop.coles.com.au/search/resources/store/20529/productview/bySeoUrlKeyword/nescafe-gold-coffe-sachets-almond-latte?catalogId=27101",
    "id": "c3739296p-7613036840941",
    "store": "coles",
    "name": "Gold Almond Latte Coffee Sachets",
    "brand": "Nescafe",
    "price": 3.15,
    "orgPrice": 6.3,
    "categoryIds": ["pantry", "drinks"],
    "imagePath": "https://shop.coles.com.au/wcsstore/Coles-CAS/images/3/7/3/3739296.jpg",
    "cupPrice": "$0.53 per 1ea",
    "unit": "ea",
    "packageSize": "6 pack",
    "barcode": ["7613036840941"],
    "isAvailable": true,
    "locations": ["vic", "sa", "qld", "nsw", "wa", "tas", "act", "nt"]
  },
  {
    "apiUrl": "https://shop.coles.com.au/search/resources/store/20529/productview/bySeoUrlKeyword/sanitarium-light-tasty-macadamia-oat-clusters?catalogId=27101",
    "id": "c3504667p-9414942802928",
    "store": "coles",
    "name": "Light 'N' Tasty Macadamia Oat Clusters Breakfast Cereal",
    "brand": "Sanitarium",
    "price": 3,
    "orgPrice": 6,
    "categoryIds": ["pantry"],
    "imagePath": "https://shop.coles.com.au/wcsstore/Coles-CAS/images/3/5/0/3504667.jpg",
    "cupPrice": "$0.73 per 100g",
    "unit": "ea",
    "packageSize": "410g",
    "barcode": ["9414942802928"],
    "isAvailable": true,
    "locations": ["vic", "sa", "qld", "nsw", "wa", "tas", "act", "nt"]
  },
  {
    "apiUrl": "https://shop.coles.com.au/search/resources/store/20529/productview/bySeoUrlKeyword/green-blacks-velvet-block-orange-almond?catalogId=27101",
    "id": "c3466477p-9300617074359",
    "store": "coles",
    "name": "Orange & Almond Smooth Dark Chocolate",
    "brand": "Green & Black's",
    "price": 2.12,
    "orgPrice": 4.25,
    "categoryIds": ["pantry"],
    "imagePath": "https://shop.coles.com.au/wcsstore/Coles-CAS/images/3/4/6/3466477.jpg",
    "cupPrice": "$2.36 per 100g",
    "unit": "ea",
    "packageSize": "90g",
    "barcode": ["9300617074359"],
    "isAvailable": true,
    "locations": ["vic", "sa", "qld", "nsw", "wa", "tas", "act", "nt"]
  },
  {
    "apiUrl": "https://shop.coles.com.au/search/resources/store/20529/productview/bySeoUrlKeyword/messy-monkeys-chicken-bites?catalogId=27101",
    "id": "c3568965p-9315090204391",
    "store": "coles",
    "name": "Messy Monkeys Chicken Flavour Whole Grain Bites",
    "brand": "Freedom Foods",
    "price": 3.5,
    "orgPrice": 7,
    "categoryIds": ["pantry", "health-beauty"],
    "imagePath": "https://shop.coles.com.au/wcsstore/Coles-CAS/images/3/5/6/3568965.jpg",
    "cupPrice": "$2.19 per 100g",
    "unit": "ea",
    "packageSize": "160g",
    "barcode": ["9315090204391", "9315090208146"],
    "isAvailable": true,
    "locations": ["vic", "sa", "qld", "nsw", "tas", "nt"]
  },
  {
    "apiUrl": "https://shop.coles.com.au/search/resources/store/20529/productview/bySeoUrlKeyword/messy-monkeys-salt-vinegar-bites?catalogId=27101",
    "id": "c3568943p-9315090208757",
    "store": "coles",
    "name": "Salt & Vinegar Whole Grain Bites 8 Pack",
    "brand": "Messy Monkeys",
    "price": 3.5,
    "orgPrice": 7,
    "categoryIds": ["pantry", "health-beauty"],
    "imagePath": "https://shop.coles.com.au/wcsstore/Coles-CAS/images/3/5/6/3568943.jpg",
    "cupPrice": "$2.19 per 100g",
    "unit": "ea",
    "packageSize": "160g",
    "barcode": ["9315090208757"],
    "isAvailable": true,
    "locations": ["vic", "sa", "qld", "nsw", "tas", "act", "nt"]
  },
  {
    "apiUrl": "https://shop.coles.com.au/search/resources/store/20529/productview/bySeoUrlKeyword/sanitarium-light-tasty-berry?catalogId=27101",
    "id": "c3504656p-9414942013546",
    "store": "coles",
    "name": "Light 'N' Tasty Berry Flavour Breakfast Cereal",
    "brand": "Sanitarium",
    "price": 3,
    "orgPrice": 6,
    "categoryIds": ["pantry"],
    "imagePath": "https://shop.coles.com.au/wcsstore/Coles-CAS/images/3/5/0/3504656.jpg",
    "cupPrice": "$0.60 per 100g",
    "unit": "ea",
    "packageSize": "500g",
    "barcode": ["9414942013546"],
    "isAvailable": true,
    "locations": ["vic", "sa", "qld", "nsw", "wa", "tas", "act", "nt"]
  },
  {
    "apiUrl": "https://shop.coles.com.au/search/resources/store/20529/productview/bySeoUrlKeyword/freedom-foods-xo-crunch-berry-flavour?catalogId=27101",
    "id": "c3624636p-9315090210378",
    "store": "coles",
    "name": "Xo Crunch Berry Flavour",
    "brand": "Freedom Foods",
    "price": 2,
    "orgPrice": 4,
    "categoryIds": ["pantry", "health-beauty"],
    "imagePath": "https://shop.coles.com.au/wcsstore/Coles-CAS/images/3/6/2/3624636.jpg",
    "cupPrice": "$0.82 per 100g",
    "unit": "ea",
    "packageSize": "245g",
    "barcode": ["9315090210378"],
    "isAvailable": true,
    "locations": ["vic", "sa", "qld", "nsw", "wa", "tas", "act", "nt"]
  },
  {
    "apiUrl": "https://shop.coles.com.au/search/resources/store/20529/productview/bySeoUrlKeyword/campbells-chunky-soup-chilli-bef?catalogId=27101",
    "id": "c3714681p-9300644705318",
    "store": "coles",
    "name": "Chunky Soup Chilli Beef",
    "brand": "Campbell's",
    "price": 1.75,
    "orgPrice": 3.5,
    "categoryIds": ["pantry"],
    "imagePath": "https://shop.coles.com.au/wcsstore/Coles-CAS/images/3/7/1/3714681.jpg",
    "cupPrice": "$0.35 per 100g",
    "unit": "ea",
    "packageSize": "505g",
    "barcode": ["9300644705318"],
    "isAvailable": true,
    "locations": ["vic", "sa", "qld", "nsw", "wa", "tas", "act", "nt"]
  },
  {
    "apiUrl": "https://shop.coles.com.au/search/resources/store/20529/productview/bySeoUrlKeyword/ferrero-kinder-bueno-dark?catalogId=27101",
    "id": "c3198913p",
    "store": "coles",
    "name": "Bueno Dark",
    "brand": "Kinder",
    "price": 1,
    "orgPrice": 2,
    "categoryIds": ["pantry"],
    "imagePath": "https://shop.coles.com.au/wcsstore/Coles-CAS/images/3/1/9/3198913.jpg",
    "cupPrice": "$2.33 per 100g",
    "unit": "ea",
    "packageSize": "43g",
    "barcode": null,
    "isAvailable": true,
    "locations": ["vic", "sa", "qld", "nsw", "wa", "act", "nt"]
  },
  {
    "apiUrl": "https://shop.coles.com.au/search/resources/store/20529/productview/bySeoUrlKeyword/campbells-chunky-soup-beef-stroganoff?catalogId=27101",
    "id": "c3414305p-9300644705172",
    "store": "coles",
    "name": "Chunky Beef Stroganoff Soup",
    "brand": "Campbell's",
    "price": 1.75,
    "orgPrice": 3.5,
    "categoryIds": ["pantry"],
    "imagePath": "https://shop.coles.com.au/wcsstore/Coles-CAS/images/3/4/1/3414305.jpg",
    "cupPrice": "$0.35 per 100g",
    "unit": "ea",
    "packageSize": "505g",
    "barcode": ["9300644705172"],
    "isAvailable": true,
    "locations": ["vic", "sa", "qld", "nsw", "wa", "tas", "act", "nt"]
  },
  {
    "apiUrl": "https://shop.coles.com.au/search/resources/store/20529/productview/bySeoUrlKeyword/mutti-pesto-style-green-stir-throuh-sauce?catalogId=27101",
    "id": "c3591322p-8005110001635",
    "store": "coles",
    "name": "Green Tomato Pesto Style Stir Through Sauce",
    "brand": "Mutti",
    "price": 2.5,
    "orgPrice": 5,
    "categoryIds": ["pantry"],
    "imagePath": "https://shop.coles.com.au/wcsstore/Coles-CAS/images/3/5/9/3591322.jpg",
    "cupPrice": "$0.89 per 100g",
    "unit": "ea",
    "packageSize": "280g",
    "barcode": ["8005110001635"],
    "isAvailable": true,
    "locations": ["vic", "sa", "qld", "nsw", "wa", "tas", "act", "nt"]
  },
  {
    "apiUrl": "https://shop.coles.com.au/search/resources/store/20529/productview/bySeoUrlKeyword/nescafe-gold-coffe-sachets-coconut-latte?catalogId=27101",
    "id": "c3739263p-7613036839808",
    "store": "coles",
    "name": "Gold Coconut Latte Coffee Sachets",
    "brand": "Nescafe",
    "price": 3.15,
    "orgPrice": 6.3,
    "categoryIds": ["pantry", "drinks"],
    "imagePath": "https://shop.coles.com.au/wcsstore/Coles-CAS/images/3/7/3/3739263.jpg",
    "cupPrice": "$0.53 per 1ea",
    "unit": "ea",
    "packageSize": "6 pack",
    "barcode": ["7613036839808"],
    "isAvailable": true,
    "locations": ["vic", "sa", "qld", "nsw", "wa", "tas", "act", "nt"]
  },
  {
    "apiUrl": "https://shop.coles.com.au/search/resources/store/20529/productview/bySeoUrlKeyword/messy-monkeys-tomato-sauce-bites?catalogId=27101",
    "id": "c3568910p-9315090208733",
    "store": "coles",
    "name": "Messy Monkeys Tomato Sauce Bites",
    "brand": "Freedom Foods",
    "price": 3.5,
    "orgPrice": 7,
    "categoryIds": ["pantry", "health-beauty"],
    "imagePath": "https://shop.coles.com.au/wcsstore/Coles-CAS/images/3/5/6/3568910.jpg",
    "cupPrice": "$2.19 per 100g",
    "unit": "ea",
    "packageSize": "160g",
    "barcode": ["9315090208733"],
    "isAvailable": true,
    "locations": ["vic", "sa", "qld", "nsw", "tas", "nt"]
  },
  {
    "apiUrl": "https://shop.coles.com.au/search/resources/store/20529/productview/bySeoUrlKeyword/john-west-mussels-galician?catalogId=27101",
    "id": "c3114662p-9300462116211",
    "store": "coles",
    "name": "Spanish Mussels Galician Sauce",
    "brand": "John West",
    "price": 2,
    "orgPrice": 4,
    "categoryIds": ["pantry"],
    "imagePath": "https://shop.coles.com.au/wcsstore/Coles-CAS/images/3/1/1/3114662.jpg",
    "cupPrice": "$18.18 per 1kg",
    "unit": "ea",
    "packageSize": "110g",
    "barcode": ["9300462116211"],
    "isAvailable": true,
    "locations": ["vic", "sa", "qld", "nsw", "wa", "tas", "act", "nt"]
  },
  {
    "apiUrl": "https://shop.coles.com.au/search/resources/store/20529/productview/bySeoUrlKeyword/la-espanola-extra-virgin-olive-oil-3525995p?catalogId=27101",
    "id": "c3525995p-8410660014194",
    "store": "coles",
    "name": "Extra Virgin Olive Oil",
    "brand": "La Espanola",
    "price": 1.5,
    "orgPrice": 3,
    "categoryIds": ["pantry"],
    "imagePath": "https://shop.coles.com.au/wcsstore/Coles-CAS/images/3/5/2/3525995.jpg",
    "cupPrice": "$1.50 per 100ml",
    "unit": "ea",
    "packageSize": "100ml",
    "barcode": ["8410660014194"],
    "isAvailable": true,
    "locations": ["vic", "qld", "nsw", "wa"]
  },
  {
    "apiUrl": "https://shop.coles.com.au/search/resources/store/20529/productview/bySeoUrlKeyword/nescafe-coffe-sachets-cokies-cream?catalogId=27101",
    "id": "c3776510p-9300605134584",
    "store": "coles",
    "name": "Cookies & Cream Coffee Sachets",
    "brand": "Nescafe",
    "price": 3.15,
    "orgPrice": 6.3,
    "categoryIds": ["pantry", "drinks"],
    "imagePath": "https://shop.coles.com.au/wcsstore/Coles-CAS/images/3/7/7/3776510.jpg",
    "cupPrice": "$0.32 per 1ea",
    "unit": "ea",
    "packageSize": "10 pack",
    "barcode": ["9300605134584"],
    "isAvailable": true,
    "locations": ["vic", "sa", "qld", "nsw", "wa", "tas", "act", "nt"]
  },
  {
    "apiUrl": "https://shop.coles.com.au/search/resources/store/20529/productview/bySeoUrlKeyword/nescafe-gold-coffe-sachets-oat-latte?catalogId=27101",
    "id": "c3739274p-7613036840224",
    "store": "coles",
    "name": "Gold Oat Latte Coffee Sachets",
    "brand": "Nescafe",
    "price": 3.15,
    "orgPrice": 6.3,
    "categoryIds": ["pantry", "drinks"],
    "imagePath": "https://shop.coles.com.au/wcsstore/Coles-CAS/images/3/7/3/3739274.jpg",
    "cupPrice": "$0.53 per 1ea",
    "unit": "ea",
    "packageSize": "6 pack",
    "barcode": ["7613036840224"],
    "isAvailable": true,
    "locations": ["vic", "sa", "qld", "nsw", "wa", "tas", "act", "nt"]
  },
  {
    "apiUrl": "https://shop.coles.com.au/search/resources/store/20529/productview/bySeoUrlKeyword/mars-maltesers-truffles?catalogId=27101",
    "id": "c3571868p-9300682055178",
    "store": "coles",
    "name": "Truffles",
    "brand": "Maltesers",
    "price": 7,
    "orgPrice": 14,
    "categoryIds": ["pantry"],
    "imagePath": "https://shop.coles.com.au/wcsstore/Coles-CAS/images/3/5/7/3571868.jpg",
    "cupPrice": "$3.57 per 100g",
    "unit": "ea",
    "packageSize": "196g",
    "barcode": ["9300682055178"],
    "isAvailable": true,
    "locations": ["vic", "sa", "qld", "nsw", "wa", "tas", "act", "nt"]
  },
  {
    "apiUrl": "https://shop.coles.com.au/search/resources/store/20529/productview/bySeoUrlKeyword/podravka-beef-goulash?catalogId=27101",
    "id": "c6331496p-9322715020069",
    "store": "coles",
    "name": "Beef Goulash",
    "brand": "Podravka",
    "price": 2,
    "orgPrice": 4,
    "categoryIds": ["pantry"],
    "imagePath": "https://shop.coles.com.au/wcsstore/Coles-CAS/images/6/3/3/6331496.jpg",
    "cupPrice": "$0.67 per 100g",
    "unit": "ea",
    "packageSize": "300g",
    "barcode": ["9322715020069"],
    "isAvailable": true,
    "locations": ["vic", "sa", "qld", "nsw", "wa", "tas", "act", "nt"]
  },
  {
    "apiUrl": "https://shop.coles.com.au/search/resources/store/20529/productview/bySeoUrlKeyword/john-west-mussels-escabeche?catalogId=27101",
    "id": "c3114651p-9300462116204",
    "store": "coles",
    "name": "Spanish Mussels Escabeche Sauce",
    "brand": "John West",
    "price": 2,
    "orgPrice": 4,
    "categoryIds": ["pantry"],
    "imagePath": "https://shop.coles.com.au/wcsstore/Coles-CAS/images/3/1/1/3114651.jpg",
    "cupPrice": "$18.18 per 1kg",
    "unit": "ea",
    "packageSize": "110g",
    "barcode": ["9300462116204"],
    "isAvailable": true,
    "locations": ["vic", "sa", "qld", "nsw", "wa", "tas", "act", "nt"]
  },
  {
    "apiUrl": "https://shop.coles.com.au/search/resources/store/20529/productview/bySeoUrlKeyword/picky-picky-peanuts-vegemite-aussie-nuts?catalogId=27101",
    "id": "c3571154p-9321290094816",
    "store": "coles",
    "name": "Arnott's BBQ Shapes",
    "brand": "Picky Picky Peanuts",
    "price": 2.25,
    "orgPrice": 4.5,
    "categoryIds": ["pantry"],
    "imagePath": "https://shop.coles.com.au/wcsstore/Coles-CAS/images/3/5/7/3571154.jpg",
    "cupPrice": "$11.25 per 1kg",
    "unit": "ea",
    "packageSize": "200g",
    "barcode": ["9321290094816", "9321290094786"],
    "isAvailable": true,
    "locations": ["vic", "sa", "qld", "nsw", "wa", "tas", "act", "nt"]
  },
  {
    "apiUrl": "https://shop.coles.com.au/search/resources/store/20529/productview/bySeoUrlKeyword/picky-picky-peanuts-savoury-honey-roasted?catalogId=27101",
    "id": "c3571121p-9321290094793",
    "store": "coles",
    "name": "Sea Salt & Pepper",
    "brand": "Picky Picky Peanuts",
    "price": 2.25,
    "orgPrice": 4.5,
    "categoryIds": ["pantry"],
    "imagePath": "https://shop.coles.com.au/wcsstore/Coles-CAS/images/3/5/7/3571121.jpg",
    "cupPrice": "$11.25 per 1kg",
    "unit": "ea",
    "packageSize": "200g",
    "barcode": ["9321290094793", "9321290094700"],
    "isAvailable": true,
    "locations": ["vic", "sa", "qld", "nsw", "wa", "tas", "act", "nt"]
  },
  {
    "apiUrl": "https://shop.coles.com.au/search/resources/store/20529/productview/bySeoUrlKeyword/john-west-tempters-tuna-enchilada?catalogId=27101",
    "id": "c3209827p-9300462119908",
    "store": "coles",
    "name": "Tempters Enchilada Tuna",
    "brand": "John West",
    "price": 1.15,
    "orgPrice": 2.3,
    "categoryIds": ["pantry"],
    "imagePath": "https://shop.coles.com.au/wcsstore/Coles-CAS/images/3/2/0/3209827.jpg",
    "cupPrice": "$1.28 per 100g",
    "unit": "ea",
    "packageSize": "90g",
    "barcode": ["9300462119908"],
    "isAvailable": true,
    "locations": ["vic", "sa", "qld", "nsw", "wa", "tas", "nt"]
  },
  {
    "apiUrl": "https://shop.coles.com.au/search/resources/store/20529/productview/bySeoUrlKeyword/vegeta-beef-stew-w-mshrom-potato?catalogId=27101",
    "id": "c3532640p-3856020215576",
    "store": "coles",
    "name": "Beef Stew With Mushrooms & Potatoes",
    "brand": "Vegeta",
    "price": 2,
    "orgPrice": 4,
    "categoryIds": ["pantry"],
    "imagePath": "https://shop.coles.com.au/wcsstore/Coles-CAS/images/3/5/3/3532640.jpg",
    "cupPrice": "$0.50 per 100g",
    "unit": "ea",
    "packageSize": "400g",
    "barcode": ["3856020215576"],
    "isAvailable": true,
    "locations": ["vic", "sa", "qld", "nsw", "wa", "tas", "act", "nt"]
  },
  {
    "apiUrl": "https://shop.coles.com.au/search/resources/store/20529/productview/bySeoUrlKeyword/nescafe-gold-coffe-sachets-tiramisu-mocha?catalogId=27101",
    "id": "c3776521p-9300605134591",
    "store": "coles",
    "name": "Gold Tiramisu Mocha Coffee Sachets",
    "brand": "Nescafe",
    "price": 3.15,
    "orgPrice": 6.3,
    "categoryIds": ["pantry", "drinks"],
    "imagePath": "https://shop.coles.com.au/wcsstore/Coles-CAS/images/3/7/7/3776521.jpg",
    "cupPrice": "$0.39 per 1ea",
    "unit": "ea",
    "packageSize": "8 pack",
    "barcode": ["9300605134591"],
    "isAvailable": true,
    "locations": ["vic", "sa", "qld", "nsw", "wa", "tas", "act", "nt"]
  },
  {
    "apiUrl": "https://shop.coles.com.au/search/resources/store/20529/productview/bySeoUrlKeyword/vegeta-chicken-cass-w-spring-veg?catalogId=27101",
    "id": "c3532550p-3856020215545",
    "store": "coles",
    "name": "Chicken Casserole With Spring Vegetables",
    "brand": "Vegeta",
    "price": 2,
    "orgPrice": 4,
    "categoryIds": ["pantry"],
    "imagePath": "https://shop.coles.com.au/wcsstore/Coles-CAS/images/3/5/3/3532550.jpg",
    "cupPrice": "$0.50 per 100g",
    "unit": "ea",
    "packageSize": "400g",
    "barcode": ["3856020215545"],
    "isAvailable": true,
    "locations": ["vic", "sa", "qld", "nsw", "wa", "tas", "act", "nt"]
  },
  {
    "apiUrl": "https://shop.coles.com.au/search/resources/store/20529/productview/bySeoUrlKeyword/vegeta-pork-cass-w-pot-carrot?catalogId=27101",
    "id": "c3532673p-3856020215637",
    "store": "coles",
    "name": "Pork Casserole With Potatoes & Carrots",
    "brand": "Vegeta",
    "price": 2,
    "orgPrice": 4,
    "categoryIds": ["pantry"],
    "imagePath": "https://shop.coles.com.au/wcsstore/Coles-CAS/images/3/5/3/3532673.jpg",
    "cupPrice": "$0.50 per 100g",
    "unit": "ea",
    "packageSize": "400g",
    "barcode": ["3856020215637"],
    "isAvailable": true,
    "locations": ["vic", "sa", "qld", "nsw", "wa", "tas", "act", "nt"]
  },
  {
    "apiUrl": "https://shop.coles.com.au/search/resources/store/20529/productview/bySeoUrlKeyword/picky-picky-peanuts-sweet-chilli-lime-flavoured?catalogId=27101",
    "id": "c3571143p-9321290094717",
    "store": "coles",
    "name": "Sweet Chilli & Lime Flavoured",
    "brand": "Picky Picky Peanuts",
    "price": 2.25,
    "orgPrice": 4.5,
    "categoryIds": ["pantry"],
    "imagePath": "https://shop.coles.com.au/wcsstore/Coles-CAS/images/3/5/7/3571143.jpg",
    "cupPrice": "$1.13 per 100g",
    "unit": "ea",
    "packageSize": "200g",
    "barcode": ["9321290094717"],
    "isAvailable": true,
    "locations": ["vic", "nsw"]
  },
  {
    "apiUrl": "https://shop.coles.com.au/search/resources/store/20529/productview/bySeoUrlKeyword/steggles-crumbed-breast-goujons?catalogId=27101",
    "id": "c8434332p-9310213563621",
    "store": "coles",
    "name": "Frozen Chicken Breast Goujons",
    "brand": "Steggles",
    "price": 8.75,
    "orgPrice": 17.5,
    "categoryIds": ["freezer"],
    "imagePath": "https://shop.coles.com.au/wcsstore/Coles-CAS/images/8/4/3/8434332.jpg",
    "cupPrice": "$8.75 per 1kg",
    "unit": "ea",
    "packageSize": "1kg",
    "barcode": ["9310213563621", "9310213542480"],
    "isAvailable": true,
    "locations": ["vic", "sa", "qld", "nsw", "wa", "tas", "act", "nt"]
  },
  {
    "apiUrl": "https://shop.coles.com.au/search/resources/store/20529/productview/bySeoUrlKeyword/steggles-tempura-breast-pops?catalogId=27101",
    "id": "c3236976p",
    "store": "coles",
    "name": "Frozen Tempura Chicken Breast Pops",
    "brand": "Steggles",
    "price": 8.75,
    "orgPrice": 17.5,
    "categoryIds": ["freezer"],
    "imagePath": "https://shop.coles.com.au/wcsstore/Coles-CAS/images/3/2/3/3236976.jpg",
    "cupPrice": "$8.75 per 1kg",
    "unit": "ea",
    "packageSize": "1kg",
    "barcode": null,
    "isAvailable": true,
    "locations": ["vic", "sa", "qld", "nsw", "wa", "tas", "act", "nt"]
  },
  {
    "apiUrl": "https://shop.coles.com.au/search/resources/store/20529/productview/bySeoUrlKeyword/bulla-ice-cream-splits-variety-pack?catalogId=27101",
    "id": "c5892294p-9310161006102",
    "store": "coles",
    "name": "Splits Multi Flavoured Ice Cream Sticks 10 pack",
    "brand": "Bulla",
    "price": 3.5,
    "orgPrice": 7,
    "categoryIds": ["freezer"],
    "imagePath": "https://shop.coles.com.au/wcsstore/Coles-CAS/images/5/8/9/5892294.jpg",
    "cupPrice": "$0.47 per 100ml",
    "unit": "ea",
    "packageSize": "750ml",
    "barcode": ["9310161006102"],
    "isAvailable": true,
    "locations": ["vic", "sa", "qld", "nsw", "wa", "tas", "act", "nt"]
  },
  {
    "apiUrl": "https://shop.coles.com.au/search/resources/store/20529/productview/bySeoUrlKeyword/bulla-ice-cream-choc-bars-vanilla-768ml?catalogId=27101",
    "id": "c5938974p-9310161006171",
    "store": "coles",
    "name": "Chocolate Coated Vanilla Ice Cream Bars 10 pack",
    "brand": "Bulla",
    "price": 3.5,
    "orgPrice": 7,
    "categoryIds": ["freezer"],
    "imagePath": "https://shop.coles.com.au/wcsstore/Coles-CAS/images/5/9/3/5938974.jpg",
    "cupPrice": "$0.46 per 100ml",
    "unit": "ea",
    "packageSize": "768ml",
    "barcode": ["9310161006171"],
    "isAvailable": true,
    "locations": ["vic", "sa", "qld", "nsw", "wa", "tas", "act", "nt"]
  },
  {
    "apiUrl": "https://shop.coles.com.au/search/resources/store/20529/productview/bySeoUrlKeyword/bulla-crunch-ice-cream-variety-pack?catalogId=27101",
    "id": "c5974719p-9310161006157",
    "store": "coles",
    "name": "Crunch Multi Flavoured Ice Cream Sticks 8 pack",
    "brand": "Bulla",
    "price": 3.5,
    "orgPrice": 7,
    "categoryIds": ["freezer"],
    "imagePath": "https://shop.coles.com.au/wcsstore/Coles-CAS/images/5/9/7/5974719.jpg",
    "cupPrice": "$0.55 per 100ml",
    "unit": "ea",
    "packageSize": "631ml",
    "barcode": ["9310161006157"],
    "isAvailable": true,
    "locations": ["vic", "sa", "qld", "nsw", "wa", "tas", "act", "nt"]
  },
  {
    "apiUrl": "https://shop.coles.com.au/search/resources/store/20529/productview/bySeoUrlKeyword/bulla-fruit-n-yoghurt-frozen-yoghurt-variety-97%25-fat-free?catalogId=27101",
    "id": "c6749810p-9310161006515",
    "store": "coles",
    "name": "Frozen Multi Flavoured Yoghurt Sticks 8 pack",
    "brand": "Bulla",
    "price": 3.5,
    "orgPrice": 7,
    "categoryIds": ["freezer"],
    "imagePath": "https://shop.coles.com.au/wcsstore/Coles-CAS/images/6/7/4/6749810.jpg",
    "cupPrice": "$0.74 per 100g",
    "unit": "ea",
    "packageSize": "472g",
    "barcode": ["9310161006515"],
    "isAvailable": true,
    "locations": ["vic", "sa", "qld", "nsw", "wa", "tas", "act", "nt"]
  },
  {
    "apiUrl": "https://shop.coles.com.au/search/resources/store/20529/productview/bySeoUrlKeyword/mccains-scalloped-potatoes?catalogId=27101",
    "id": "c3398388p-9310174171071",
    "store": "coles",
    "name": "Frozen Scalloped Potatoes",
    "brand": "McCain",
    "price": 2.5,
    "orgPrice": 5,
    "categoryIds": ["freezer"],
    "imagePath": "https://shop.coles.com.au/wcsstore/Coles-CAS/images/3/3/9/3398388.jpg",
    "cupPrice": "$0.42 per 100g",
    "unit": "ea",
    "packageSize": "600g",
    "barcode": ["9310174171071"],
    "isAvailable": true,
    "locations": ["vic", "sa", "qld", "nsw", "wa", "tas", "act", "nt"]
  },
  {
    "apiUrl": "https://shop.coles.com.au/search/resources/store/20529/productview/bySeoUrlKeyword/bulla-splits-spiders?catalogId=27101",
    "id": "c3544990p-9310161014824",
    "store": "coles",
    "name": "Splits Spiders Multiflavour Ice Cream Sticks 10 Pack",
    "brand": "Bulla",
    "price": 3.5,
    "orgPrice": 7,
    "categoryIds": ["freezer"],
    "imagePath": "https://shop.coles.com.au/wcsstore/Coles-CAS/images/3/5/4/3544990.jpg",
    "cupPrice": "$0.47 per 100ml",
    "unit": "ea",
    "packageSize": "750ml",
    "barcode": ["9310161014824", "400003566501"],
    "isAvailable": true,
    "locations": ["vic", "sa", "qld", "nsw", "wa", "tas", "act", "nt"]
  },
  {
    "apiUrl": "https://shop.coles.com.au/search/resources/store/20529/productview/bySeoUrlKeyword/connoisseur-australian-pint-flav-bush-honey?catalogId=27101",
    "id": "c3544446p-9347042002793",
    "store": "coles",
    "name": "Bush Honey & Nougat Gourmet Ice Cream Tub",
    "brand": "Connoisseur",
    "price": 5,
    "orgPrice": 10,
    "categoryIds": ["freezer"],
    "imagePath": "https://shop.coles.com.au/wcsstore/Coles-CAS/images/3/5/4/3544446.jpg",
    "cupPrice": "$1.06 per 100ml",
    "unit": "ea",
    "packageSize": "470ml",
    "barcode": ["9347042002793"],
    "isAvailable": true,
    "locations": ["vic", "sa", "qld", "nsw", "wa", "tas", "act", "nt"]
  },
  {
    "apiUrl": "https://shop.coles.com.au/search/resources/store/20529/productview/bySeoUrlKeyword/mccain-microchips?catalogId=27101",
    "id": "c3310570p-5010228002699",
    "store": "coles",
    "name": "Frozen Quick Chips 2 pack",
    "brand": "McCain",
    "price": 1.25,
    "orgPrice": 2.5,
    "categoryIds": ["freezer"],
    "imagePath": "https://shop.coles.com.au/wcsstore/Coles-CAS/images/3/3/1/3310570.jpg",
    "cupPrice": "$6.25 per 1kg",
    "unit": "ea",
    "packageSize": "200g",
    "barcode": ["5010228002699"],
    "isAvailable": true,
    "locations": ["vic", "sa", "qld", "nsw", "wa", "tas", "act", "nt"]
  },
  {
    "apiUrl": "https://shop.coles.com.au/search/resources/store/20529/productview/bySeoUrlKeyword/steggles-chicken-kiev-garlic?catalogId=27101",
    "id": "c1248136p-9310213562518",
    "store": "coles",
    "name": "Frozen Garlic Chicken Kiev",
    "brand": "Steggles",
    "price": 4,
    "orgPrice": 8,
    "categoryIds": ["freezer"],
    "imagePath": "https://shop.coles.com.au/wcsstore/Coles-CAS/images/1/2/4/1248136.jpg",
    "cupPrice": "$1.14 per 100g",
    "unit": "ea",
    "packageSize": "350g",
    "barcode": ["9310213562518"],
    "isAvailable": true,
    "locations": ["vic", "nsw"]
  },
  {
    "apiUrl": "https://shop.coles.com.au/search/resources/store/20529/productview/bySeoUrlKeyword/steggles-crunch-burger?catalogId=27101",
    "id": "c3511505p-9310213542114",
    "store": "coles",
    "name": "Crunch Burger",
    "brand": "Steggles",
    "price": 4,
    "orgPrice": 8,
    "categoryIds": ["freezer"],
    "imagePath": "https://shop.coles.com.au/wcsstore/Coles-CAS/images/3/5/1/3511505.jpg",
    "cupPrice": "$11.76 per 1kg",
    "unit": "ea",
    "packageSize": "340g",
    "barcode": ["9310213542114"],
    "isAvailable": true,
    "locations": ["vic", "sa", "qld", "nsw", "wa", "tas", "act", "nt"]
  },
  {
    "apiUrl": "https://shop.coles.com.au/search/resources/store/20529/productview/bySeoUrlKeyword/steggles-chicken-kiev-creamy-garlic-filled?catalogId=27101",
    "id": "c3230787p",
    "store": "coles",
    "name": "Frozen Creamy Garlic Chicken Kiev",
    "brand": "Steggles",
    "price": 6,
    "orgPrice": 12,
    "categoryIds": ["freezer"],
    "imagePath": "https://shop.coles.com.au/wcsstore/Coles-CAS/images/3/2/3/3230787.jpg",
    "cupPrice": "$10.00 per 1kg",
    "unit": "ea",
    "packageSize": "600g",
    "barcode": null,
    "isAvailable": true,
    "locations": ["vic", "nsw"]
  },
  {
    "apiUrl": "https://shop.coles.com.au/search/resources/store/20529/productview/bySeoUrlKeyword/pureharvest-coconut-milk-coco-quench?catalogId=27101",
    "id": "c1262363p-9312231231032",
    "store": "coles",
    "name": "Gluten Free Organic Coco Quench Unsweetened Coconut Milk",
    "brand": "Pureharvest",
    "price": 1.75,
    "orgPrice": 3.5,
    "categoryIds": ["drinks", "health-beauty"],
    "imagePath": "https://shop.coles.com.au/wcsstore/Coles-CAS/images/1/2/6/1262363.jpg",
    "cupPrice": "$1.75 per 1l",
    "unit": "ea",
    "packageSize": "1l",
    "barcode": ["9312231231032"],
    "isAvailable": true,
    "locations": ["vic", "sa", "qld", "nsw", "wa", "tas", "act", "nt"]
  },
  {
    "apiUrl": "https://shop.coles.com.au/search/resources/store/20529/productview/bySeoUrlKeyword/pureharvest-milk-long-life-oat-organic?catalogId=27101",
    "id": "c6684146p-9312231222023",
    "store": "coles",
    "name": "Organic Long Life Oat Milk",
    "brand": "Pureharvest",
    "price": 1.4,
    "orgPrice": 2.8,
    "categoryIds": ["drinks", "health-beauty"],
    "imagePath": "https://shop.coles.com.au/wcsstore/Coles-CAS/images/6/6/8/6684146.jpg",
    "cupPrice": "$1.40 per 1l",
    "unit": "ea",
    "packageSize": "1l",
    "barcode": ["9312231222023"],
    "isAvailable": true,
    "locations": ["vic", "sa", "qld", "nsw", "wa", "tas", "act", "nt"]
  },
  {
    "apiUrl": "https://shop.coles.com.au/search/resources/store/20529/productview/bySeoUrlKeyword/pureharvest-milk-almond-unsweetened?catalogId=27101",
    "id": "c2807109p-9312231001215",
    "store": "coles",
    "name": "Unsweetened Almond Milk",
    "brand": "Pureharvest",
    "price": 1.55,
    "orgPrice": 3.1,
    "categoryIds": ["drinks"],
    "imagePath": "https://shop.coles.com.au/wcsstore/Coles-CAS/images/2/8/0/2807109.jpg",
    "cupPrice": "$1.55 per 1l",
    "unit": "ea",
    "packageSize": "1l",
    "barcode": ["9312231001215"],
    "isAvailable": true,
    "locations": ["vic", "qld", "nsw", "wa", "tas", "act", "nt"]
  },
  {
    "apiUrl": "https://shop.coles.com.au/search/resources/store/20529/productview/bySeoUrlKeyword/pureharvest-milk-long-life-almond-organic?catalogId=27101",
    "id": "c5717137p-9312231231018",
    "store": "coles",
    "name": "Dairy Free Almond Long Life Milk",
    "brand": "Pureharvest",
    "price": 1.7,
    "orgPrice": null,
    "categoryIds": ["drinks"],
    "imagePath": "https://shop.coles.com.au/wcsstore/Coles-CAS/images/5/7/1/5717137.jpg",
    "cupPrice": "$1.70 per 1l",
    "unit": "ea",
    "packageSize": "1l",
    "barcode": ["9312231231018"],
    "isAvailable": true,
    "locations": ["vic", "qld", "nsw", "wa", "tas", "act", "nt"]
  },
  {
    "apiUrl": "https://shop.coles.com.au/search/resources/store/20529/productview/bySeoUrlKeyword/nestle-aero-hot-chocolate?catalogId=27101",
    "id": "c3735400p-9300605133174",
    "store": "coles",
    "name": "Aero Hot Chocolate",
    "brand": "Nestle",
    "price": 3.15,
    "orgPrice": 6.3,
    "categoryIds": ["drinks"],
    "imagePath": "https://shop.coles.com.au/wcsstore/Coles-CAS/images/3/7/3/3735400.jpg",
    "cupPrice": "$0.32 per 1ea",
    "unit": "ea",
    "packageSize": "10 pack",
    "barcode": ["9300605133174"],
    "isAvailable": true,
    "locations": ["vic", "qld", "nsw", "wa", "tas", "act", "nt"]
  },
  {
    "apiUrl": "https://shop.coles.com.au/search/resources/store/20529/productview/bySeoUrlKeyword/nestle-milkybar-hot-chocolate?catalogId=27101",
    "id": "c3735411p-9300605133259",
    "store": "coles",
    "name": "Milkybar Hot Chocolate",
    "brand": "Nestle",
    "price": 3.15,
    "orgPrice": 6.3,
    "categoryIds": ["drinks"],
    "imagePath": "https://shop.coles.com.au/wcsstore/Coles-CAS/images/3/7/3/3735411.jpg",
    "cupPrice": "$0.32 per 1ea",
    "unit": "ea",
    "packageSize": "10 pack",
    "barcode": ["9300605133259"],
    "isAvailable": true,
    "locations": ["vic", "qld", "nsw", "wa", "tas", "act", "nt"]
  },
  {
    "apiUrl": "https://shop.coles.com.au/search/resources/store/20529/productview/bySeoUrlKeyword/pure-harvest-hazelnut-unsweetened-milk?catalogId=27101",
    "id": "c1949094p-9312231178269",
    "store": "coles",
    "name": "Organic Hazel Quench Hazelnut Coconut Milk",
    "brand": "Pure Harvest",
    "price": 1.8,
    "orgPrice": 3.6,
    "categoryIds": ["drinks", "health-beauty"],
    "imagePath": "https://shop.coles.com.au/wcsstore/Coles-CAS/images/1/9/4/1949094.jpg",
    "cupPrice": "$1.80 per 1l",
    "unit": "ea",
    "packageSize": "1l",
    "barcode": ["9312231178269", "9312231108266"],
    "isAvailable": true,
    "locations": ["vic", "sa", "qld", "nsw", "wa", "tas", "act", "nt"]
  },
  {
    "apiUrl": "https://shop.coles.com.au/search/resources/store/20529/productview/bySeoUrlKeyword/old-el-paso-taco-kit-hard-n-soft?catalogId=27101",
    "id": "c5293041p-9300695004422",
    "store": "coles",
    "name": "Hard 'N Soft Taco Kit Mild",
    "brand": "Old El Paso",
    "price": 3.5,
    "orgPrice": 7,
    "categoryIds": ["international-foods"],
    "imagePath": "https://shop.coles.com.au/wcsstore/Coles-CAS/images/5/2/9/5293041.jpg",
    "cupPrice": "$1.00 per 100g",
    "unit": "ea",
    "packageSize": "350g",
    "barcode": ["9300695004422", "9300695008420"],
    "isAvailable": true,
    "locations": ["vic", "qld", "nsw", "wa", "tas", "act", "nt"]
  },
  {
    "apiUrl": "https://shop.coles.com.au/search/resources/store/20529/productview/bySeoUrlKeyword/old-el-paso-taco-kit-soft?catalogId=27101",
    "id": "c5540231p-9300695009915",
    "store": "coles",
    "name": "Soft Taco Kit Mild",
    "brand": "Old El Paso",
    "price": 3.25,
    "orgPrice": null,
    "categoryIds": ["international-foods"],
    "imagePath": "https://shop.coles.com.au/wcsstore/Coles-CAS/images/5/5/4/5540231.jpg",
    "cupPrice": "$0.80 per 100g",
    "unit": "ea",
    "packageSize": "405g",
    "barcode": [
      "9300695009915",
      "9300695001872",
      "9300695008376",
      "9311106140011"
    ],
    "isAvailable": true,
    "locations": ["vic", "qld", "nsw", "wa", "tas", "act", "nt"]
  },
  {
    "apiUrl": "https://shop.coles.com.au/search/resources/store/20529/productview/bySeoUrlKeyword/old-el-paso-taco-kit-mild?catalogId=27101",
    "id": "c291457p-9300695001254",
    "store": "coles",
    "name": "Taco Kit Mild",
    "brand": "Old El Paso",
    "price": 3.25,
    "orgPrice": null,
    "categoryIds": ["international-foods"],
    "imagePath": "https://shop.coles.com.au/wcsstore/Coles-CAS/images/2/9/1/291457.jpg",
    "cupPrice": "$1.12 per 100g",
    "unit": "ea",
    "packageSize": "290g",
    "barcode": ["9300695001254"],
    "isAvailable": true,
    "locations": ["vic", "qld", "nsw", "wa", "tas", "act", "nt"]
  },
  {
    "apiUrl": "https://shop.coles.com.au/search/resources/store/20529/productview/bySeoUrlKeyword/old-el-paso-taco-kit-jumbo?catalogId=27101",
    "id": "c9742533p-9300695003739",
    "store": "coles",
    "name": "Jumbo Taco Kit Mild",
    "brand": "Old El Paso",
    "price": 3.25,
    "orgPrice": null,
    "categoryIds": ["international-foods"],
    "imagePath": "https://shop.coles.com.au/wcsstore/Coles-CAS/images/9/7/4/9742533.jpg",
    "cupPrice": "$0.94 per 100g",
    "unit": "ea",
    "packageSize": "345g",
    "barcode": ["9300695003739"],
    "isAvailable": true,
    "locations": ["vic", "qld", "nsw", "wa", "tas", "act", "nt"]
  },
  {
    "apiUrl": "https://shop.coles.com.au/search/resources/store/20529/productview/bySeoUrlKeyword/old-el-paso-taco-kit-crispy-chicken?catalogId=27101",
    "id": "c5931782p-9300695008406",
    "store": "coles",
    "name": "Crispy Chicken Soft Taco Kit Mild",
    "brand": "Old El Paso",
    "price": 3.25,
    "orgPrice": null,
    "categoryIds": ["international-foods"],
    "imagePath": "https://shop.coles.com.au/wcsstore/Coles-CAS/images/5/9/3/5931782.jpg",
    "cupPrice": "$0.88 per 100g",
    "unit": "ea",
    "packageSize": "370g",
    "barcode": ["9300695008406", "9300695004576"],
    "isAvailable": true,
    "locations": ["vic", "qld", "nsw", "wa", "tas", "act", "nt"]
  },
  {
    "apiUrl": "https://shop.coles.com.au/search/resources/store/20529/productview/bySeoUrlKeyword/old-el-paso-taco-kit-stand-n-stuff-mild?catalogId=27101",
    "id": "c4565510p-9300695008413",
    "store": "coles",
    "name": "Stand 'N Stuff Taco Kit Mild",
    "brand": "Old El Paso",
    "price": 3.5,
    "orgPrice": 7,
    "categoryIds": ["international-foods"],
    "imagePath": "https://shop.coles.com.au/wcsstore/Coles-CAS/images/4/5/6/4565510.jpg",
    "cupPrice": "$1.19 per 100g",
    "unit": "ea",
    "packageSize": "295g",
    "barcode": ["9300695008413", "9300695003975"],
    "isAvailable": true,
    "locations": ["vic", "qld", "nsw", "wa", "tas", "act", "nt"]
  },
  {
    "apiUrl": "https://shop.coles.com.au/search/resources/store/20529/productview/bySeoUrlKeyword/old-el-paso-fajita-kit?catalogId=27101",
    "id": "c5030450p-9300695004286",
    "store": "coles",
    "name": "Fajita Kit Mild",
    "brand": "Old El Paso",
    "price": 3.25,
    "orgPrice": null,
    "categoryIds": ["international-foods"],
    "imagePath": "https://shop.coles.com.au/wcsstore/Coles-CAS/images/5/0/3/5030450.jpg",
    "cupPrice": "$0.67 per 100g",
    "unit": "ea",
    "packageSize": "485g",
    "barcode": ["9300695004286", "9300695008383"],
    "isAvailable": true,
    "locations": ["vic", "qld", "nsw", "wa", "tas", "act", "nt"]
  },
  {
    "apiUrl": "https://shop.coles.com.au/search/resources/store/20529/productview/bySeoUrlKeyword/old-el-paso-stand-n-stuff-soft-taco-kit?catalogId=27101",
    "id": "c1868130p-8410076472182",
    "store": "coles",
    "name": "Stand 'N Stuff Soft Taco Kit Mild",
    "brand": "Old El Paso",
    "price": 3.5,
    "orgPrice": 7,
    "categoryIds": ["international-foods"],
    "imagePath": "https://shop.coles.com.au/wcsstore/Coles-CAS/images/1/8/6/1868130.jpg",
    "cupPrice": "$1.01 per 100g",
    "unit": "ea",
    "packageSize": "348g",
    "barcode": ["8410076472182"],
    "isAvailable": true,
    "locations": ["vic", "qld", "nsw", "wa", "tas", "act", "nt"]
  },
  {
    "apiUrl": "https://shop.coles.com.au/search/resources/store/20529/productview/bySeoUrlKeyword/old-el-paso-rice-kit-chilli-garlic?catalogId=27101",
    "id": "c1279209p-8410076471987",
    "store": "coles",
    "name": "Chilli & Garlic Rice Dinner Kit",
    "brand": "Old El Paso",
    "price": 3.25,
    "orgPrice": 6.5,
    "categoryIds": ["international-foods"],
    "imagePath": "https://shop.coles.com.au/wcsstore/Coles-CAS/images/1/2/7/1279209.jpg",
    "cupPrice": "$0.92 per 100g",
    "unit": "ea",
    "packageSize": "355g",
    "barcode": ["8410076471987"],
    "isAvailable": true,
    "locations": ["vic", "qld", "nsw", "wa", "tas", "act", "nt"]
  },
  {
    "apiUrl": "https://shop.coles.com.au/search/resources/store/20529/productview/bySeoUrlKeyword/coles-indian-ready-to-eat-meal-channa-masala?catalogId=27101",
    "id": "c3265250p-9310645243177",
    "store": "coles",
    "name": "Indian Chana Masala",
    "brand": "Coles",
    "price": 1.5,
    "orgPrice": 3,
    "categoryIds": ["international-foods"],
    "imagePath": "https://shop.coles.com.au/wcsstore/Coles-CAS/images/3/2/6/3265250.jpg",
    "cupPrice": "$0.50 per 100g",
    "unit": "ea",
    "packageSize": "300g",
    "barcode": ["9310645243177"],
    "isAvailable": true,
    "locations": ["vic", "qld", "nsw", "wa", "tas", "act", "nt"]
  },
  {
    "apiUrl": "https://shop.coles.com.au/search/resources/store/20529/productview/bySeoUrlKeyword/natures-own-supplement-fish-oil-casules-odourless?catalogId=27101",
    "id": "c8096069p-9316090015284",
    "store": "coles",
    "name": "Odourless Fish Oil  2000mg Capsules",
    "brand": "Nature's Own",
    "price": 15,
    "orgPrice": 30,
    "categoryIds": ["health-beauty"],
    "imagePath": "https://shop.coles.com.au/wcsstore/Coles-CAS/images/8/0/9/8096069.jpg",
    "cupPrice": "$7.50 per 100ea",
    "unit": "ea",
    "packageSize": "200 pack",
    "barcode": ["9316090015284"],
    "isAvailable": true,
    "locations": ["vic", "sa", "qld", "nsw", "wa", "tas", "act", "nt"]
  },
  {
    "apiUrl": "https://shop.coles.com.au/search/resources/store/20529/productview/bySeoUrlKeyword/natures-own-vitamin-b12-tablets-1000mcg?catalogId=27101",
    "id": "c9692854p-9316090023906",
    "store": "coles",
    "name": "High Strength Vitamin B12 1000mcg Tablets",
    "brand": "Nature's Own",
    "price": 7.5,
    "orgPrice": 15,
    "categoryIds": ["health-beauty"],
    "imagePath": "https://shop.coles.com.au/wcsstore/Coles-CAS/images/9/6/9/9692854.jpg",
    "cupPrice": "$12.50 per 100ea",
    "unit": "ea",
    "packageSize": "60 pack",
    "barcode": ["9316090023906"],
    "isAvailable": true,
    "locations": ["vic", "sa", "qld", "nsw", "wa", "tas", "act", "nt"]
  },
  {
    "apiUrl": "https://shop.coles.com.au/search/resources/store/20529/productview/bySeoUrlKeyword/cenovis-vitamin-c-250mg?catalogId=27101",
    "id": "c2556213p-9300705605229",
    "store": "coles",
    "name": "Vitamin C 250mg Tablets",
    "brand": "Cenovis",
    "price": 5.25,
    "orgPrice": 10.5,
    "categoryIds": ["health-beauty"],
    "imagePath": "https://shop.coles.com.au/wcsstore/Coles-CAS/images/2/5/5/2556213.jpg",
    "cupPrice": "$0.04 per 1ea",
    "unit": "ea",
    "packageSize": "150 pack",
    "barcode": ["9300705605229"],
    "isAvailable": true,
    "locations": ["vic", "sa", "qld", "nsw", "wa", "tas", "act", "nt"]
  },
  {
    "apiUrl": "https://shop.coles.com.au/search/resources/store/20529/productview/bySeoUrlKeyword/cenovis-tablets-echinacea-garlic-zinc-c?catalogId=27101",
    "id": "c7103770p-9300705603768",
    "store": "coles",
    "name": "Echinacea Garlic Zinc & C Tablets",
    "brand": "Cenovis",
    "price": 13,
    "orgPrice": 26,
    "categoryIds": ["health-beauty"],
    "imagePath": "https://shop.coles.com.au/wcsstore/Coles-CAS/images/7/1/0/7103770.jpg",
    "cupPrice": "$0.10 per 1ea",
    "unit": "ea",
    "packageSize": "125 pack",
    "barcode": ["9300705603768"],
    "isAvailable": true,
    "locations": ["vic", "sa", "qld", "nsw", "wa", "tas", "act", "nt"]
  },
  {
    "apiUrl": "https://shop.coles.com.au/search/resources/store/20529/productview/bySeoUrlKeyword/cenovis-tablets-vitamin-d3?catalogId=27101",
    "id": "c7973921p-9300705603935",
    "store": "coles",
    "name": "Vitamin D3 1000IU Tablets",
    "brand": "Cenovis",
    "price": 7,
    "orgPrice": null,
    "categoryIds": ["health-beauty"],
    "imagePath": "https://shop.coles.com.au/wcsstore/Coles-CAS/images/7/9/7/7973921.jpg",
    "cupPrice": "$0.04 per 1ea",
    "unit": "ea",
    "packageSize": "200 pack",
    "barcode": ["9300705603935"],
    "isAvailable": true,
    "locations": ["vic", "sa", "qld", "nsw", "wa", "tas", "act", "nt"]
  },
  {
    "apiUrl": "https://shop.coles.com.au/search/resources/store/20529/productview/bySeoUrlKeyword/natures-own-tablets-advanced-complete-sleep?catalogId=27101",
    "id": "c9499446p-9316090016175",
    "store": "coles",
    "name": "Advanced Complete Sleep Tablets",
    "brand": "Nature's Own",
    "price": 10.25,
    "orgPrice": 20.5,
    "categoryIds": ["health-beauty"],
    "imagePath": "https://shop.coles.com.au/wcsstore/Coles-CAS/images/9/4/9/9499446.jpg",
    "cupPrice": "$34.17 per 100ea",
    "unit": "ea",
    "packageSize": "30 pack",
    "barcode": ["9316090016175"],
    "isAvailable": true,
    "locations": ["vic", "sa", "qld", "nsw", "wa", "tas", "act", "nt"]
  },
  {
    "apiUrl": "https://shop.coles.com.au/search/resources/store/20529/productview/bySeoUrlKeyword/cenovis-tablets-value-pack-mega-c-orange-1000mg?catalogId=27101",
    "id": "c9314518p-9300705601788",
    "store": "coles",
    "name": "Mega C 1000mg Tablets",
    "brand": "Cenovis",
    "price": 5,
    "orgPrice": 10,
    "categoryIds": ["health-beauty"],
    "imagePath": "https://shop.coles.com.au/wcsstore/Coles-CAS/images/9/3/1/9314518.jpg",
    "cupPrice": "$0.08 per 1ea",
    "unit": "ea",
    "packageSize": "60 pack",
    "barcode": ["9300705601788"],
    "isAvailable": true,
    "locations": ["vic", "sa", "qld", "nsw", "wa", "tas", "act", "nt"]
  },
  {
    "apiUrl": "https://shop.coles.com.au/search/resources/store/20529/productview/bySeoUrlKeyword/cenovis-iron-plus-tablets-2676124p?catalogId=27101",
    "id": "c2676124p-9300705605441",
    "store": "coles",
    "name": "Iron Plus Tablets",
    "brand": "Cenovis",
    "price": 6.5,
    "orgPrice": 13,
    "categoryIds": ["health-beauty"],
    "imagePath": "https://shop.coles.com.au/wcsstore/Coles-CAS/images/2/6/7/2676124.jpg",
    "cupPrice": "$8.13 per 100ea",
    "unit": "ea",
    "packageSize": "80 pack",
    "barcode": ["9300705605441"],
    "isAvailable": true,
    "locations": ["vic", "sa", "qld", "nsw", "wa", "tas", "act", "nt"]
  },
  {
    "apiUrl": "https://shop.coles.com.au/search/resources/store/20529/productview/bySeoUrlKeyword/blackmores-probiotics--immune-defence-capsules?catalogId=27101",
    "id": "c2900670p-93550659",
    "store": "coles",
    "name": "Immune Defence Capsules",
    "brand": "Blackmores",
    "price": 14,
    "orgPrice": 28,
    "categoryIds": ["health-beauty"],
    "imagePath": "https://shop.coles.com.au/wcsstore/Coles-CAS/images/2/9/0/2900670.jpg",
    "cupPrice": "$46.67 per 100ea",
    "unit": "ea",
    "packageSize": "30 pack",
    "barcode": ["93550659"],
    "isAvailable": true,
    "locations": ["vic", "sa", "qld", "nsw", "wa", "tas", "act", "nt"]
  },
  {
    "apiUrl": "https://shop.coles.com.au/search/resources/store/20529/productview/bySeoUrlKeyword/cenovis-echinacea-garlic-zinc-vitamin-c-tablets?catalogId=27101",
    "id": "c8142439p-9300705031455",
    "store": "coles",
    "name": "Echinacea Garlic Zinc & C Tablets",
    "brand": "Cenovis",
    "price": 8,
    "orgPrice": 16,
    "categoryIds": ["health-beauty"],
    "imagePath": "https://shop.coles.com.au/wcsstore/Coles-CAS/images/8/1/4/8142439.jpg",
    "cupPrice": "$0.13 per 1ea",
    "unit": "ea",
    "packageSize": "60 pack",
    "barcode": ["9300705031455"],
    "isAvailable": true,
    "locations": ["vic", "sa", "qld", "nsw", "wa", "tas", "act", "nt"]
  },
  {
    "apiUrl": "https://shop.coles.com.au/search/resources/store/20529/productview/bySeoUrlKeyword/cenovis-caps-cranberry-30000mg?catalogId=27101",
    "id": "c2676088p-9300705605342",
    "store": "coles",
    "name": "Cranberry Capsules 30000mg",
    "brand": "Cenovis",
    "price": 9,
    "orgPrice": 18,
    "categoryIds": ["health-beauty"],
    "imagePath": "https://shop.coles.com.au/wcsstore/Coles-CAS/images/2/6/7/2676088.jpg",
    "cupPrice": "$30.00 per 100ea",
    "unit": "ea",
    "packageSize": "30 pack",
    "barcode": ["9300705605342"],
    "isAvailable": true,
    "locations": ["vic", "sa", "qld", "nsw", "wa", "tas", "act", "nt"]
  },
  {
    "apiUrl": "https://shop.coles.com.au/search/resources/store/20529/productview/bySeoUrlKeyword/cenovis-once-daily-womens-multi-capsules-2826114p?catalogId=27101",
    "id": "c2826114p-9300705605625",
    "store": "coles",
    "name": "Women's Multi Capsules",
    "brand": "Cenovis",
    "price": 12,
    "orgPrice": 24,
    "categoryIds": ["health-beauty"],
    "imagePath": "https://shop.coles.com.au/wcsstore/Coles-CAS/images/2/8/2/2826114.jpg",
    "cupPrice": "$12.00 per 100ea",
    "unit": "ea",
    "packageSize": "100 pack",
    "barcode": ["9300705605625", "9300705605816"],
    "isAvailable": true,
    "locations": ["vic", "sa", "qld", "nsw", "wa", "tas", "act", "nt"]
  },
  {
    "apiUrl": "https://shop.coles.com.au/search/resources/store/20529/productview/bySeoUrlKeyword/ecovinal-organic-raw-raspberry-vinegar?catalogId=27101",
    "id": "c3412401p-8437015910994",
    "store": "coles",
    "name": "Organic Unfiltered Raspberry Vinegar",
    "brand": "Ecovinal",
    "price": 3.8,
    "orgPrice": 7.6,
    "categoryIds": ["health-beauty"],
    "imagePath": "https://shop.coles.com.au/wcsstore/Coles-CAS/images/3/4/1/3412401.jpg",
    "cupPrice": "$0.76 per 100ml",
    "unit": "ea",
    "packageSize": "500ml",
    "barcode": ["8437015910994"],
    "isAvailable": true,
    "locations": ["vic", "sa", "qld", "nsw", "tas", "act"]
  },
  {
    "apiUrl": "https://shop.coles.com.au/search/resources/store/20529/productview/bySeoUrlKeyword/blackmores-vitamin-d3-1000iu?catalogId=27101",
    "id": "c9001782p-9300807243763",
    "store": "coles",
    "name": "Vitamin D3 1000iu Capsules",
    "brand": "Blackmores",
    "price": 15,
    "orgPrice": 30,
    "categoryIds": ["health-beauty"],
    "imagePath": "https://shop.coles.com.au/wcsstore/Coles-CAS/images/9/0/0/9001782.jpg",
    "cupPrice": "$7.50 per 100ea",
    "unit": "ea",
    "packageSize": "200 pack",
    "barcode": ["9300807243763"],
    "isAvailable": true,
    "locations": ["vic", "sa", "qld", "nsw", "wa", "tas", "act", "nt"]
  },
  {
    "apiUrl": "https://shop.coles.com.au/search/resources/store/20529/productview/bySeoUrlKeyword/blackmores-bio-zinc-tablets?catalogId=27101",
    "id": "c8296705p-93808323",
    "store": "coles",
    "name": "Bio Zinc 84 Tablets",
    "brand": "Blackmores",
    "price": 9.3,
    "orgPrice": 18.6,
    "categoryIds": ["health-beauty"],
    "imagePath": "https://shop.coles.com.au/wcsstore/Coles-CAS/images/8/2/9/8296705.jpg",
    "cupPrice": "$9.30 per 1ea",
    "unit": "ea",
    "packageSize": "1 pack",
    "barcode": ["93808323"],
    "isAvailable": true,
    "locations": ["vic", "sa", "qld", "nsw", "wa", "tas", "act", "nt"]
  },
  {
    "apiUrl": "https://shop.coles.com.au/search/resources/store/20529/productview/bySeoUrlKeyword/natures-own-odourless-fish-oil-capsules?catalogId=27101",
    "id": "c5984960p-9316090060901",
    "store": "coles",
    "name": "Odourless Fish Oil 1000mg Capsules",
    "brand": "Nature's Own",
    "price": 13.5,
    "orgPrice": 27,
    "categoryIds": ["health-beauty"],
    "imagePath": "https://shop.coles.com.au/wcsstore/Coles-CAS/images/5/9/8/5984960.jpg",
    "cupPrice": "$3.38 per 100ea",
    "unit": "ea",
    "packageSize": "400 pack",
    "barcode": ["9316090060901"],
    "isAvailable": true,
    "locations": ["vic", "sa", "qld", "nsw", "wa", "tas", "act", "nt"]
  },
  {
    "apiUrl": "https://shop.coles.com.au/search/resources/store/20529/productview/bySeoUrlKeyword/cenovis-turmeric-3100mg?catalogId=27101",
    "id": "c2556202p-9300705605335",
    "store": "coles",
    "name": "Turmeric 3100 Capsules",
    "brand": "Cenovis",
    "price": 8.5,
    "orgPrice": 17,
    "categoryIds": ["health-beauty"],
    "imagePath": "https://shop.coles.com.au/wcsstore/Coles-CAS/images/2/5/5/2556202.jpg",
    "cupPrice": "$0.11 per 1ea",
    "unit": "ea",
    "packageSize": "80 pack",
    "barcode": ["9300705605335"],
    "isAvailable": true,
    "locations": ["vic", "sa", "qld", "nsw", "wa", "tas", "act", "nt"]
  },
  {
    "apiUrl": "https://shop.coles.com.au/search/resources/store/20529/productview/bySeoUrlKeyword/blackmores-vitamin-c-500mg-tablets?catalogId=27101",
    "id": "c2837959p-9300807324172",
    "store": "coles",
    "name": "Vitamin C 500mg Tablets",
    "brand": "Blackmores",
    "price": 6.25,
    "orgPrice": 12.5,
    "categoryIds": ["health-beauty"],
    "imagePath": "https://shop.coles.com.au/wcsstore/Coles-CAS/images/2/8/3/2837959.jpg",
    "cupPrice": "$5.21 per 100ea",
    "unit": "ea",
    "packageSize": "120 pack",
    "barcode": ["9300807324172", "93549547"],
    "isAvailable": true,
    "locations": ["vic", "sa", "qld", "nsw", "wa", "tas", "act", "nt"]
  },
  {
    "apiUrl": "https://shop.coles.com.au/search/resources/store/20529/productview/bySeoUrlKeyword/natures-own-odourless-1500mg-fish-oil-capsules?catalogId=27101",
    "id": "c6838443p-9316090015246",
    "store": "coles",
    "name": "Odourless Fish Oil 1500mg Capsules",
    "brand": "Nature's Own",
    "price": 10.75,
    "orgPrice": 21.5,
    "categoryIds": ["health-beauty"],
    "imagePath": "https://shop.coles.com.au/wcsstore/Coles-CAS/images/6/8/3/6838443.jpg",
    "cupPrice": "$5.38 per 100ea",
    "unit": "ea",
    "packageSize": "200 pack",
    "barcode": ["9316090015246"],
    "isAvailable": true,
    "locations": ["vic", "sa", "qld", "nsw", "wa", "tas", "act", "nt"]
  },
  {
    "apiUrl": "https://shop.coles.com.au/search/resources/store/20529/productview/bySeoUrlKeyword/cenovis-easy-sleep-valerian-2000mg-capsules?catalogId=27101",
    "id": "c9601291p-9300705602570",
    "store": "coles",
    "name": "EasySleep Valerian Capsules",
    "brand": "Cenovis",
    "price": 6,
    "orgPrice": 12,
    "categoryIds": ["health-beauty"],
    "imagePath": "https://shop.coles.com.au/wcsstore/Coles-CAS/images/9/6/0/9601291.jpg",
    "cupPrice": "$0.20 per 1ea",
    "unit": "ea",
    "packageSize": "30 pack",
    "barcode": ["9300705602570"],
    "isAvailable": true,
    "locations": ["vic", "sa", "qld", "nsw", "wa", "tas", "act", "nt"]
  },
  {
    "apiUrl": "https://shop.coles.com.au/search/resources/store/20529/productview/bySeoUrlKeyword/natures-own-magnesium-capsules-500mg?catalogId=27101",
    "id": "c9692923p-9316090038504",
    "store": "coles",
    "name": "Magnesium Chelate 500mg Tablets",
    "brand": "Nature's Own",
    "price": 6,
    "orgPrice": 12,
    "categoryIds": ["health-beauty"],
    "imagePath": "https://shop.coles.com.au/wcsstore/Coles-CAS/images/9/6/9/9692923.jpg",
    "cupPrice": "$8.00 per 100ea",
    "unit": "ea",
    "packageSize": "75 pack",
    "barcode": ["9316090038504", "9316090038603"],
    "isAvailable": true,
    "locations": ["vic", "sa", "qld", "nsw", "wa", "tas", "act", "nt"]
  },
  {
    "apiUrl": "https://shop.coles.com.au/search/resources/store/20529/productview/bySeoUrlKeyword/natures-own--triple-strength-garlic-c-horseradish-2279383p?catalogId=27101",
    "id": "c2279383p-9316090016762",
    "store": "coles",
    "name": "Triple Strength Garlic + C Horseradish Tablets",
    "brand": "Nature's Own",
    "price": 10,
    "orgPrice": 20,
    "categoryIds": ["health-beauty"],
    "imagePath": "https://shop.coles.com.au/wcsstore/Coles-CAS/images/2/2/7/2279383.jpg",
    "cupPrice": "$0.17 per 1ea",
    "unit": "ea",
    "packageSize": "60 pack",
    "barcode": ["9316090016762"],
    "isAvailable": true,
    "locations": ["vic", "sa", "qld", "nsw", "wa", "tas", "act", "nt"]
  },
  {
    "apiUrl": "https://shop.coles.com.au/search/resources/store/20529/productview/bySeoUrlKeyword/cenovis-garlic-horseradish--c-complex-capsules?catalogId=27101",
    "id": "c4779773p-9300705602839",
    "store": "coles",
    "name": "Garlic Horseradish + C Complex Capsules",
    "brand": "Cenovis",
    "price": 8.25,
    "orgPrice": 16.5,
    "categoryIds": ["health-beauty"],
    "imagePath": "https://shop.coles.com.au/wcsstore/Coles-CAS/images/4/7/7/4779773.jpg",
    "cupPrice": "$0.07 per 1ea",
    "unit": "ea",
    "packageSize": "120 pack",
    "barcode": ["9300705602839", "4005808923182"],
    "isAvailable": true,
    "locations": ["vic", "sa", "qld", "nsw", "wa", "tas", "act", "nt"]
  },
  {
    "apiUrl": "https://shop.coles.com.au/search/resources/store/20529/productview/bySeoUrlKeyword/cenovis-echinacea-5000mg-capsules?catalogId=27101",
    "id": "c9677125p-9300705602648",
    "store": "coles",
    "name": "Echinacea 5000 Capsules",
    "brand": "Cenovis",
    "price": 7.5,
    "orgPrice": 15,
    "categoryIds": ["health-beauty"],
    "imagePath": "https://shop.coles.com.au/wcsstore/Coles-CAS/images/9/6/7/9677125.jpg",
    "cupPrice": "$0.13 per 1ea",
    "unit": "ea",
    "packageSize": "60 pack",
    "barcode": ["9300705602648"],
    "isAvailable": true,
    "locations": ["vic", "sa", "qld", "nsw", "wa", "tas", "act", "nt"]
  },
  {
    "apiUrl": "https://shop.coles.com.au/search/resources/store/20529/productview/bySeoUrlKeyword/cenovis-co-enzyme-q10-150mg?catalogId=27101",
    "id": "c2269073p-9300705605175",
    "store": "coles",
    "name": "Co-Enzyme Q10 150mg Capsules",
    "brand": "Cenovis",
    "price": 10.5,
    "orgPrice": 21,
    "categoryIds": ["health-beauty"],
    "imagePath": "https://shop.coles.com.au/wcsstore/Coles-CAS/images/2/2/6/2269073.jpg",
    "cupPrice": "$0.35 per 1ea",
    "unit": "ea",
    "packageSize": "30 pack",
    "barcode": ["9300705605175"],
    "isAvailable": true,
    "locations": ["vic", "sa", "qld", "nsw", "wa", "tas", "act", "nt"]
  },
  {
    "apiUrl": "https://shop.coles.com.au/search/resources/store/20529/productview/bySeoUrlKeyword/cenovis-once-daily-mens-multi-capsules?catalogId=27101",
    "id": "c2826090p-9300705605618",
    "store": "coles",
    "name": "Men's Multi Vitamin & Minerals Capsules",
    "brand": "Cenovis",
    "price": 12,
    "orgPrice": 24,
    "categoryIds": ["health-beauty"],
    "imagePath": "https://shop.coles.com.au/wcsstore/Coles-CAS/images/2/8/2/2826090.jpg",
    "cupPrice": "$12.00 per 100ea",
    "unit": "ea",
    "packageSize": "100 pack",
    "barcode": ["9300705605618"],
    "isAvailable": true,
    "locations": ["vic", "sa", "qld", "nsw", "wa", "tas", "act", "nt"]
  },
  {
    "apiUrl": "https://shop.coles.com.au/search/resources/store/20529/productview/bySeoUrlKeyword/blackmores-bio-c-1000mg-tablets?catalogId=27101",
    "id": "c8297402p-93558594",
    "store": "coles",
    "name": "Bio C 1000mg Tablets",
    "brand": "Blackmores",
    "price": 8.8,
    "orgPrice": 17.6,
    "categoryIds": ["health-beauty"],
    "imagePath": "https://shop.coles.com.au/wcsstore/Coles-CAS/images/8/2/9/8297402.jpg",
    "cupPrice": "$14.19 per 100ea",
    "unit": "ea",
    "packageSize": "62 pack",
    "barcode": ["93558594", "9300807201411", "9300807216705", "93807920"],
    "isAvailable": true,
    "locations": ["vic", "sa", "qld", "nsw", "wa", "tas", "act", "nt"]
  },
  {
    "apiUrl": "https://shop.coles.com.au/search/resources/store/20529/productview/bySeoUrlKeyword/cenovis-b-complex-tablets-2827740p?catalogId=27101",
    "id": "c2827740p-9300705605380",
    "store": "coles",
    "name": "B Complex Tablets",
    "brand": "Cenovis",
    "price": 7,
    "orgPrice": 14,
    "categoryIds": ["health-beauty"],
    "imagePath": "https://shop.coles.com.au/wcsstore/Coles-CAS/images/2/8/2/2827740.jpg",
    "cupPrice": "$4.67 per 100ea",
    "unit": "ea",
    "packageSize": "150 pack",
    "barcode": ["9300705605380"],
    "isAvailable": true,
    "locations": ["vic", "sa", "qld", "nsw", "wa", "tas", "act", "nt"]
  },
  {
    "apiUrl": "https://shop.coles.com.au/search/resources/store/20529/productview/bySeoUrlKeyword/cenovis-once-daily-womens-multi-energy-boost?catalogId=27101",
    "id": "c2826001p-9300705605861",
    "store": "coles",
    "name": "Women?s Multi+ Energy Boost Once Daily Capsules",
    "brand": "Cenovis",
    "price": 15,
    "orgPrice": 30,
    "categoryIds": ["health-beauty"],
    "imagePath": "https://shop.coles.com.au/wcsstore/Coles-CAS/images/2/8/2/2826001.jpg",
    "cupPrice": "$0.15 per 1ea",
    "unit": "ea",
    "packageSize": "100 pack",
    "barcode": ["9300705605861", "9300705605700"],
    "isAvailable": true,
    "locations": ["vic", "sa", "qld", "nsw", "wa", "tas", "act", "nt"]
  },
  {
    "apiUrl": "https://shop.coles.com.au/search/resources/store/20529/productview/bySeoUrlKeyword/cenovis-caps-mega-e-500mg?catalogId=27101",
    "id": "c5602383p-9300705603072",
    "store": "coles",
    "name": "Mega E 500IU Capsules",
    "brand": "Cenovis",
    "price": 18.5,
    "orgPrice": 37,
    "categoryIds": ["health-beauty"],
    "imagePath": "https://shop.coles.com.au/wcsstore/Coles-CAS/images/5/6/0/5602383.jpg",
    "cupPrice": "$0.07 per 1ea",
    "unit": "ea",
    "packageSize": "250 pack",
    "barcode": ["9300705603072"],
    "isAvailable": true,
    "locations": ["vic", "sa", "qld", "nsw", "wa", "tas", "act", "nt"]
  },
  {
    "apiUrl": "https://shop.coles.com.au/search/resources/store/20529/productview/bySeoUrlKeyword/blackmores-lyp-sine-tablets?catalogId=27101",
    "id": "c8297650p-93448826",
    "store": "coles",
    "name": "Lyp-Sine Tablets",
    "brand": "Blackmores",
    "price": 5,
    "orgPrice": 10,
    "categoryIds": ["health-beauty"],
    "imagePath": "https://shop.coles.com.au/wcsstore/Coles-CAS/images/8/2/9/8297650.jpg",
    "cupPrice": "$16.67 per 100ea",
    "unit": "ea",
    "packageSize": "30 pack",
    "barcode": ["93448826"],
    "isAvailable": true,
    "locations": ["vic", "sa", "qld", "nsw", "wa", "tas", "act", "nt"]
  },
  {
    "apiUrl": "https://shop.coles.com.au/search/resources/store/20529/productview/bySeoUrlKeyword/natures-own-double-strength-cold-sore-relief?catalogId=27101",
    "id": "c1810174p-9316090017370",
    "store": "coles",
    "name": "Double Strength Cold Sore Relief Tablets",
    "brand": "Nature?s Own",
    "price": 6,
    "orgPrice": 12,
    "categoryIds": ["health-beauty"],
    "imagePath": "https://shop.coles.com.au/wcsstore/Coles-CAS/images/1/8/1/1810174.jpg",
    "cupPrice": "$0.12 per 1ea",
    "unit": "ea",
    "packageSize": "50 pack",
    "barcode": ["9316090017370"],
    "isAvailable": true,
    "locations": ["vic", "sa", "qld", "nsw", "wa", "tas", "act", "nt"]
  },
  {
    "apiUrl": "https://shop.coles.com.au/search/resources/store/20529/productview/bySeoUrlKeyword/natures-own-super-b-complex?catalogId=27101",
    "id": "c3470260p-9316090019169",
    "store": "coles",
    "name": "Super B Complex Tablets",
    "brand": "Nature's Own",
    "price": 13.5,
    "orgPrice": 27,
    "categoryIds": ["health-beauty"],
    "imagePath": "https://shop.coles.com.au/wcsstore/Coles-CAS/images/3/4/7/3470260.jpg",
    "cupPrice": "$0.18 per 1ea",
    "unit": "ea",
    "packageSize": "75 pack",
    "barcode": ["9316090019169"],
    "isAvailable": true,
    "locations": ["vic", "sa", "qld", "nsw", "wa", "tas", "act", "nt"]
  },
  {
    "apiUrl": "https://shop.coles.com.au/search/resources/store/20529/productview/bySeoUrlKeyword/blackmores-tablets-multi-vitamin-mineral-value-pack?catalogId=27101",
    "id": "c9506880p-9300807216743",
    "store": "coles",
    "name": "Multi Vitamin Sustained Release Multi + Antioxidants Tablets",
    "brand": "Blackmores",
    "price": 20,
    "orgPrice": 40,
    "categoryIds": ["health-beauty"],
    "imagePath": "https://shop.coles.com.au/wcsstore/Coles-CAS/images/9/5/0/9506880.jpg",
    "cupPrice": "$16.00 per 100ea",
    "unit": "ea",
    "packageSize": "125 pack",
    "barcode": ["9300807216743", "9300807245491", "9300807237588"],
    "isAvailable": true,
    "locations": ["vic", "sa", "qld", "nsw", "wa", "tas", "act", "nt"]
  },
  {
    "apiUrl": "https://shop.coles.com.au/search/resources/store/20529/productview/bySeoUrlKeyword/blackmores-vit-c-echinacea?catalogId=27101",
    "id": "c3472640p-9300807326022",
    "store": "coles",
    "name": "Vitamin C 1000 Echinacea + Zinc Effervescent Tablets",
    "brand": "Blackmores",
    "price": 3.5,
    "orgPrice": 7,
    "categoryIds": ["health-beauty"],
    "imagePath": "https://shop.coles.com.au/wcsstore/Coles-CAS/images/3/4/7/3472640.jpg",
    "cupPrice": "$0.35 per 1ea",
    "unit": "ea",
    "packageSize": "10 pack",
    "barcode": ["9300807326022", "93558587", "93555883"],
    "isAvailable": true,
    "locations": ["vic", "sa", "qld", "nsw", "wa", "tas", "act", "nt"]
  },
  {
    "apiUrl": "https://shop.coles.com.au/search/resources/store/20529/productview/bySeoUrlKeyword/natures-own-vitamin-b3-500mg?catalogId=27101",
    "id": "c3470292p-9316090019121",
    "store": "coles",
    "name": "Vitamin B3 500mg Tablets",
    "brand": "Nature's Own",
    "price": 6,
    "orgPrice": 12,
    "categoryIds": ["health-beauty"],
    "imagePath": "https://shop.coles.com.au/wcsstore/Coles-CAS/images/3/4/7/3470292.jpg",
    "cupPrice": "$10.00 per 100ea",
    "unit": "ea",
    "packageSize": "60 pack",
    "barcode": ["9316090019121"],
    "isAvailable": true,
    "locations": ["vic", "sa", "qld", "nsw", "wa", "tas", "act", "nt"]
  },
  {
    "apiUrl": "https://shop.coles.com.au/search/resources/store/20529/productview/bySeoUrlKeyword/cenovis-hair-skin-and-nails?catalogId=27101",
    "id": "c3470317p-9300705605762",
    "store": "coles",
    "name": "Hair Skin And Nails Tablets",
    "brand": "Cenovis",
    "price": 8.25,
    "orgPrice": 16.5,
    "categoryIds": ["health-beauty"],
    "imagePath": "https://shop.coles.com.au/wcsstore/Coles-CAS/images/3/4/7/3470317.jpg",
    "cupPrice": "$0.14 per 1ea",
    "unit": "ea",
    "packageSize": "60 pack",
    "barcode": ["9300705605762"],
    "isAvailable": true,
    "locations": ["vic", "sa", "qld", "nsw", "wa", "tas", "act", "nt"]
  },
  {
    "apiUrl": "https://shop.coles.com.au/search/resources/store/20529/productview/bySeoUrlKeyword/blackmores-vit-c-elderberry-gummy?catalogId=27101",
    "id": "c3709615p-9300807318492",
    "store": "coles",
    "name": "Vitamin C + Elderberry Gummies",
    "brand": "Blackmores",
    "price": 12.5,
    "orgPrice": 25,
    "categoryIds": ["health-beauty"],
    "imagePath": "https://shop.coles.com.au/wcsstore/Coles-CAS/images/3/7/0/3709615.jpg",
    "cupPrice": "$10.42 per 100ea",
    "unit": "ea",
    "packageSize": "120 pack",
    "barcode": ["9300807318492"],
    "isAvailable": true,
    "locations": ["vic", "sa", "qld", "nsw", "wa", "tas", "act", "nt"]
  },
  {
    "apiUrl": "https://shop.coles.com.au/search/resources/store/20529/productview/bySeoUrlKeyword/cenovis-once-daily-mens-mutli-perfomance-?catalogId=27101",
    "id": "c2827718p-9300705605670",
    "store": "coles",
    "name": "Men?s Multi+ Performance Once Daily Capsules",
    "brand": "Cenovis",
    "price": 10,
    "orgPrice": 20,
    "categoryIds": ["health-beauty"],
    "imagePath": "https://shop.coles.com.au/wcsstore/Coles-CAS/images/2/8/2/2827718.jpg",
    "cupPrice": "$0.20 per 1ea",
    "unit": "ea",
    "packageSize": "50 pack",
    "barcode": ["9300705605670", "9300705605830"],
    "isAvailable": true,
    "locations": ["vic", "sa", "qld", "nsw", "wa", "tas", "act", "nt"]
  },
  {
    "apiUrl": "https://shop.coles.com.au/search/resources/store/20529/productview/bySeoUrlKeyword/cenovis-sugarless-vitamin-c?catalogId=27101",
    "id": "c3765445p-9300705606004",
    "store": "coles",
    "name": "Sugarless Vitamin C",
    "brand": "Cenovis",
    "price": 6,
    "orgPrice": 12,
    "categoryIds": ["health-beauty"],
    "imagePath": "https://shop.coles.com.au/wcsstore/Coles-CAS/images/3/7/6/3765445.jpg",
    "cupPrice": "$3.75 per 100ea",
    "unit": "ea",
    "packageSize": "160 pack",
    "barcode": ["9300705606004"],
    "isAvailable": true,
    "locations": ["vic", "sa", "qld", "nsw", "wa", "tas", "act", "nt"]
  },
  {
    "apiUrl": "https://shop.coles.com.au/search/resources/store/20529/productview/bySeoUrlKeyword/cenovis-guarana-ginseng-2000mg?catalogId=27101",
    "id": "c8528549p-9300705041454",
    "store": "coles",
    "name": "Guarana + Ginseng Tablets",
    "brand": "Cenovis",
    "price": 8,
    "orgPrice": 16,
    "categoryIds": ["health-beauty"],
    "imagePath": "https://shop.coles.com.au/wcsstore/Coles-CAS/images/8/5/2/8528549.jpg",
    "cupPrice": "$0.13 per 1ea",
    "unit": "ea",
    "packageSize": "60 pack",
    "barcode": ["9300705041454"],
    "isAvailable": true,
    "locations": ["vic", "sa", "qld", "nsw", "wa", "tas", "act", "nt"]
  },
  {
    "apiUrl": "https://shop.coles.com.au/search/resources/store/20529/productview/bySeoUrlKeyword/cenovis-tablets-ginkgo-biloba?catalogId=27101",
    "id": "c4730592p-9300705602662",
    "store": "coles",
    "name": "Ginkgo Biloba 2000 Tablets",
    "brand": "Cenovis",
    "price": 8,
    "orgPrice": 16,
    "categoryIds": ["health-beauty"],
    "imagePath": "https://shop.coles.com.au/wcsstore/Coles-CAS/images/4/7/3/4730592.jpg",
    "cupPrice": "$0.08 per 1ea",
    "unit": "ea",
    "packageSize": "100 pack",
    "barcode": ["9300705602662"],
    "isAvailable": true,
    "locations": ["vic", "sa", "qld", "nsw", "wa", "tas", "act", "nt"]
  },
  {
    "apiUrl": "https://shop.coles.com.au/search/resources/store/20529/productview/bySeoUrlKeyword/cenovis-once-daily-mens-multi-perform--caps?catalogId=27101",
    "id": "c2825993p-9300705605694",
    "store": "coles",
    "name": "Men?s Multi+ Performance Once Daily Capsules",
    "brand": "Cenovis",
    "price": 15,
    "orgPrice": 30,
    "categoryIds": ["health-beauty"],
    "imagePath": "https://shop.coles.com.au/wcsstore/Coles-CAS/images/2/8/2/2825993.jpg",
    "cupPrice": "$0.15 per 1ea",
    "unit": "ea",
    "packageSize": "100 pack",
    "barcode": ["9300705605694", "9300705605847"],
    "isAvailable": true,
    "locations": ["vic", "sa", "qld", "nsw", "wa", "tas", "act", "nt"]
  },
  {
    "apiUrl": "https://shop.coles.com.au/search/resources/store/20529/productview/bySeoUrlKeyword/cenovis-hello-detox-30-tablets?catalogId=27101",
    "id": "c3709739p-9300705605908",
    "store": "coles",
    "name": "Hello Detox Capsules",
    "brand": "Cenovis",
    "price": 10,
    "orgPrice": 20,
    "categoryIds": ["health-beauty"],
    "imagePath": "https://shop.coles.com.au/wcsstore/Coles-CAS/images/3/7/0/3709739.jpg",
    "cupPrice": "$0.33 per 1ea",
    "unit": "ea",
    "packageSize": "30 pack",
    "barcode": ["9300705605908"],
    "isAvailable": true,
    "locations": ["vic", "sa", "qld", "nsw", "wa", "tas", "act", "nt"]
  },
  {
    "apiUrl": "https://shop.coles.com.au/search/resources/store/20529/productview/bySeoUrlKeyword/cenovis-hello-calm-30-tablets?catalogId=27101",
    "id": "c3709659p-9300705605922",
    "store": "coles",
    "name": "Hello Calm Tablets",
    "brand": "Cenovis",
    "price": 10,
    "orgPrice": 20,
    "categoryIds": ["health-beauty"],
    "imagePath": "https://shop.coles.com.au/wcsstore/Coles-CAS/images/3/7/0/3709659.jpg",
    "cupPrice": "$0.33 per 1ea",
    "unit": "ea",
    "packageSize": "30 pack",
    "barcode": ["9300705605922"],
    "isAvailable": true,
    "locations": ["vic", "sa", "qld", "nsw", "wa", "tas", "act", "nt"]
  },
  {
    "apiUrl": "https://shop.coles.com.au/search/resources/store/20529/productview/bySeoUrlKeyword/cenovis-hello-immunity-30-tablets?catalogId=27101",
    "id": "c3709740p-9300705605915",
    "store": "coles",
    "name": "Hello Immunity Tablets",
    "brand": "Cenovis",
    "price": 10,
    "orgPrice": 20,
    "categoryIds": ["health-beauty"],
    "imagePath": "https://shop.coles.com.au/wcsstore/Coles-CAS/images/3/7/0/3709740.jpg",
    "cupPrice": "$0.33 per 1ea",
    "unit": "ea",
    "packageSize": "30 pack",
    "barcode": ["9300705605915"],
    "isAvailable": true,
    "locations": ["vic", "sa", "qld", "nsw", "wa", "tas", "act", "nt"]
  },
  {
    "apiUrl": "https://shop.coles.com.au/search/resources/store/20529/productview/bySeoUrlKeyword/cenovis-hello-energy-30-tablets?catalogId=27101",
    "id": "c3709728p-9300705605892",
    "store": "coles",
    "name": "Hello Energy Tablets",
    "brand": "Cenovis",
    "price": 10,
    "orgPrice": 20,
    "categoryIds": ["health-beauty"],
    "imagePath": "https://shop.coles.com.au/wcsstore/Coles-CAS/images/3/7/0/3709728.jpg",
    "cupPrice": "$0.33 per 1ea",
    "unit": "ea",
    "packageSize": "30 pack",
    "barcode": ["9300705605892"],
    "isAvailable": true,
    "locations": ["vic", "sa", "qld", "nsw", "wa", "tas", "act", "nt"]
  },
  {
    "apiUrl": "https://shop.coles.com.au/search/resources/store/20529/productview/bySeoUrlKeyword/cenovis-mega-c?catalogId=27101",
    "id": "c3765456p-9300705606028",
    "store": "coles",
    "name": "Mega C",
    "brand": "Cenovis",
    "price": 7.5,
    "orgPrice": 15,
    "categoryIds": ["health-beauty"],
    "imagePath": "https://shop.coles.com.au/wcsstore/Coles-CAS/images/3/7/6/3765456.jpg",
    "cupPrice": "$7.50 per 100ea",
    "unit": "ea",
    "packageSize": "100 pack",
    "barcode": ["9300705606028"],
    "isAvailable": true,
    "locations": ["vic", "sa", "qld", "nsw", "wa", "tas", "act", "nt"]
  },
  {
    "apiUrl": "https://shop.coles.com.au/search/resources/store/20529/productview/bySeoUrlKeyword/cenovis-once-daily-mens-multi-capsules-2826012p?catalogId=27101",
    "id": "c2826012p-9300705605649",
    "store": "coles",
    "name": "Men's Multi Vitamin & Minerals Capsules",
    "brand": "Cenovis",
    "price": 8,
    "orgPrice": 16,
    "categoryIds": ["health-beauty"],
    "imagePath": "https://shop.coles.com.au/wcsstore/Coles-CAS/images/2/8/2/2826012.jpg",
    "cupPrice": "$16.00 per 100ea",
    "unit": "ea",
    "packageSize": "50 pack",
    "barcode": ["9300705605649"],
    "isAvailable": true,
    "locations": ["vic", "sa", "qld", "nsw", "wa", "tas", "act", "nt"]
  },
  {
    "apiUrl": "https://shop.coles.com.au/search/resources/store/20529/productview/bySeoUrlKeyword/sup-inner-glow-collagen?catalogId=27101",
    "id": "c3753311p-9351594001012",
    "store": "coles",
    "name": "Inner Glow Collagen",
    "brand": "Sup",
    "price": 11.5,
    "orgPrice": 23,
    "categoryIds": ["health-beauty"],
    "imagePath": "https://shop.coles.com.au/wcsstore/Coles-CAS/images/3/7/5/3753311.jpg",
    "cupPrice": "",
    "unit": null,
    "packageSize": "30 pack",
    "barcode": ["9351594001012"],
    "isAvailable": true,
    "locations": ["vic", "sa", "qld", "nsw", "wa", "tas", "act", "nt"]
  },
  {
    "apiUrl": "https://shop.coles.com.au/search/resources/store/20529/productview/bySeoUrlKeyword/cenovis-celery-2500-capsules?catalogId=27101",
    "id": "c2828470p-9300705605373",
    "store": "coles",
    "name": "Celery 2500 Capsules",
    "brand": "Cenovis",
    "price": 7.5,
    "orgPrice": 15,
    "categoryIds": ["health-beauty"],
    "imagePath": "https://shop.coles.com.au/wcsstore/Coles-CAS/images/2/8/2/2828470.jpg",
    "cupPrice": "$9.38 per 100ea",
    "unit": "ea",
    "packageSize": "80 pack",
    "barcode": ["9300705605373"],
    "isAvailable": true,
    "locations": ["vic", "sa", "qld", "nsw", "wa", "tas", "act", "nt"]
  },
  {
    "apiUrl": "https://shop.coles.com.au/search/resources/store/20529/productview/bySeoUrlKeyword/libra-pads-goodnights-extra-long-with-wings?catalogId=27101",
    "id": "c5531401p-9310004342268",
    "store": "coles",
    "name": "Goodnights Extra Long with Wings Pads",
    "brand": "Libra",
    "price": 2.1,
    "orgPrice": null,
    "categoryIds": ["health-beauty"],
    "imagePath": "https://shop.coles.com.au/wcsstore/Coles-CAS/images/5/5/3/5531401.jpg",
    "cupPrice": "$0.21 per 1ea",
    "unit": "ea",
    "packageSize": "10 pack",
    "barcode": ["9310004342268", "9325344001690"],
    "isAvailable": true,
    "locations": ["vic", "sa", "qld", "nsw", "wa", "tas", "act", "nt"]
  },
  {
    "apiUrl": "https://shop.coles.com.au/search/resources/store/20529/productview/bySeoUrlKeyword/libra-pads-ultra-thins-regular-with-wings?catalogId=27101",
    "id": "c6811527p-9325344001751",
    "store": "coles",
    "name": "Ultra Thin with Wings Regular Pads",
    "brand": "Libra",
    "price": 2.1,
    "orgPrice": null,
    "categoryIds": ["health-beauty"],
    "imagePath": "https://shop.coles.com.au/wcsstore/Coles-CAS/images/6/8/1/6811527.jpg",
    "cupPrice": "$0.15 per 1ea",
    "unit": "ea",
    "packageSize": "14 pack",
    "barcode": ["9325344001751", "9310004342312"],
    "isAvailable": true,
    "locations": ["vic", "sa", "qld", "nsw", "wa", "tas", "act", "nt"]
  },
  {
    "apiUrl": "https://shop.coles.com.au/search/resources/store/20529/productview/bySeoUrlKeyword/redwin-body-wash-extra-sensitive?catalogId=27101",
    "id": "c9811272p-9314094010205",
    "store": "coles",
    "name": "Extra Sensitive Body Wash",
    "brand": "Redwin",
    "price": 6,
    "orgPrice": 12,
    "categoryIds": ["health-beauty"],
    "imagePath": "https://shop.coles.com.au/wcsstore/Coles-CAS/images/9/8/1/9811272.jpg",
    "cupPrice": "$0.60 per 100ml",
    "unit": "ea",
    "packageSize": "1l",
    "barcode": ["9314094010205", "9314807018573"],
    "isAvailable": true,
    "locations": ["vic", "sa", "qld", "nsw", "wa", "tas", "act", "nt"]
  },
  {
    "apiUrl": "https://shop.coles.com.au/search/resources/store/20529/productview/bySeoUrlKeyword/nivea-shower-indulgent-moisture-coconut?catalogId=27101",
    "id": "c3227206p",
    "store": "coles",
    "name": "Coconut Indulgent Moisture Shower Gel and Body Wash",
    "brand": "Nivea",
    "price": 6.85,
    "orgPrice": 13.7,
    "categoryIds": ["health-beauty"],
    "imagePath": "https://shop.coles.com.au/wcsstore/Coles-CAS/images/3/2/2/3227206.jpg",
    "cupPrice": "$0.69 per 100ml",
    "unit": "ea",
    "packageSize": "1l",
    "barcode": null,
    "isAvailable": true,
    "locations": ["vic", "sa", "qld", "nsw", "wa", "tas", "act", "nt"]
  },
  {
    "apiUrl": "https://shop.coles.com.au/search/resources/store/20529/productview/bySeoUrlKeyword/libra-pads-ultra-thins-super-with-wings?catalogId=27101",
    "id": "c6811505p-9310004342329",
    "store": "coles",
    "name": "Ultra Thins Super with Wings Pads",
    "brand": "Libra",
    "price": 2.1,
    "orgPrice": null,
    "categoryIds": ["health-beauty"],
    "imagePath": "https://shop.coles.com.au/wcsstore/Coles-CAS/images/6/8/1/6811505.jpg",
    "cupPrice": "$0.18 per 1ea",
    "unit": "ea",
    "packageSize": "12 pack",
    "barcode": ["9310004342329", "9325344001768"],
    "isAvailable": true,
    "locations": ["vic", "sa", "qld", "nsw", "wa", "tas", "act", "nt"]
  },
  {
    "apiUrl": "https://shop.coles.com.au/search/resources/store/20529/productview/bySeoUrlKeyword/redwin-sorbolene-moisturiser-with-vitamin-e?catalogId=27101",
    "id": "c5492398p-9314807018375",
    "store": "coles",
    "name": "Sorbolene Moisturiser with Vitamin E",
    "brand": "Redwin",
    "price": 3.12,
    "orgPrice": 6.25,
    "categoryIds": ["health-beauty"],
    "imagePath": "https://shop.coles.com.au/wcsstore/Coles-CAS/images/5/4/9/5492398.jpg",
    "cupPrice": "$0.31 per 100ml",
    "unit": "ea",
    "packageSize": "1l",
    "barcode": ["9314807018375", "9314807018504", "9314094000961"],
    "isAvailable": true,
    "locations": ["vic", "sa", "qld", "nsw", "wa", "tas", "act", "nt"]
  },
  {
    "apiUrl": "https://shop.coles.com.au/search/resources/store/20529/productview/bySeoUrlKeyword/nivea-deodorant-aerosol-mens-nfm-black-white-invisible-power?catalogId=27101",
    "id": "c1184598p-4005900036490",
    "store": "coles",
    "name": "Men Invisible Black And White Power Aerosol Antiperspirant Deodorant",
    "brand": "Nivea",
    "price": 3.25,
    "orgPrice": 6.5,
    "categoryIds": ["health-beauty"],
    "imagePath": "https://shop.coles.com.au/wcsstore/Coles-CAS/images/1/1/8/1184598.jpg",
    "cupPrice": "$1.30 per 100ml",
    "unit": "ea",
    "packageSize": "250ml",
    "barcode": ["4005900036490"],
    "isAvailable": true,
    "locations": ["vic", "sa", "qld", "nsw", "wa", "tas", "act", "nt"]
  },
  {
    "apiUrl": "https://shop.coles.com.au/search/resources/store/20529/productview/bySeoUrlKeyword/nivea-anti-perspirant-invisible-for-black-white-clear-aerosol-deodorant?catalogId=27101",
    "id": "c1996403p-4005900036469",
    "store": "coles",
    "name": "Black & White Clear Invisible Aerosol Antiperspirant Deodorant",
    "brand": "Nivea",
    "price": 3.25,
    "orgPrice": 6.5,
    "categoryIds": ["health-beauty"],
    "imagePath": "https://shop.coles.com.au/wcsstore/Coles-CAS/images/1/9/9/1996403.jpg",
    "cupPrice": "$1.30 per 100ml",
    "unit": "ea",
    "packageSize": "250ml",
    "barcode": ["4005900036469"],
    "isAvailable": true,
    "locations": ["vic", "sa", "qld", "nsw", "wa", "tas", "act", "nt"]
  },
  {
    "apiUrl": "https://shop.coles.com.au/search/resources/store/20529/productview/bySeoUrlKeyword/macleans-extreme-clean-lasting-fresh-toothpaste?catalogId=27101",
    "id": "c2620742p-9300673831293",
    "store": "coles",
    "name": "Extreme Clean Lasting Fresh Toothpaste",
    "brand": "Macleans",
    "price": 2.5,
    "orgPrice": 5,
    "categoryIds": ["health-beauty"],
    "imagePath": "https://shop.coles.com.au/wcsstore/Coles-CAS/images/2/6/2/2620742.jpg",
    "cupPrice": "$1.47 per 100g",
    "unit": "ea",
    "packageSize": "170g",
    "barcode": ["9300673831293"],
    "isAvailable": true,
    "locations": ["vic", "sa", "qld", "nsw", "wa", "tas", "act", "nt"]
  },
  {
    "apiUrl": "https://shop.coles.com.au/search/resources/store/20529/productview/bySeoUrlKeyword/nivea-shower-indulgent-moisture-soft?catalogId=27101",
    "id": "c3227217p",
    "store": "coles",
    "name": "Rich Moisture Soft Shower Gel & Body Wash",
    "brand": "Nivea",
    "price": 6.85,
    "orgPrice": 13.7,
    "categoryIds": ["health-beauty"],
    "imagePath": "https://shop.coles.com.au/wcsstore/Coles-CAS/images/3/2/2/3227217.jpg",
    "cupPrice": "$0.69 per 100ml",
    "unit": "ea",
    "packageSize": "1l",
    "barcode": null,
    "isAvailable": true,
    "locations": ["vic", "sa", "qld", "nsw", "wa", "tas", "act", "nt"]
  },
  {
    "apiUrl": "https://shop.coles.com.au/search/resources/store/20529/productview/bySeoUrlKeyword/nivea-body-lotion-rich-nourishing?catalogId=27101",
    "id": "c7198992p-4005808236879",
    "store": "coles",
    "name": "Rich Nourishing Body Lotion Moisturiser + Caring Almond Oil",
    "brand": "Nivea",
    "price": 4,
    "orgPrice": 8,
    "categoryIds": ["health-beauty"],
    "imagePath": "https://shop.coles.com.au/wcsstore/Coles-CAS/images/7/1/9/7198992.jpg",
    "cupPrice": "$1.00 per 100ml",
    "unit": "ea",
    "packageSize": "400ml",
    "barcode": ["4005808236879", "9316928463249"],
    "isAvailable": true,
    "locations": ["vic", "sa", "qld", "nsw", "wa", "tas", "act", "nt"]
  },
  {
    "apiUrl": "https://shop.coles.com.au/search/resources/store/20529/productview/bySeoUrlKeyword/libra-pads-regular-with-wings?catalogId=27101",
    "id": "c6811491p-9310004342336",
    "store": "coles",
    "name": "Regular with Wings Pads",
    "brand": "Libra",
    "price": 2.1,
    "orgPrice": null,
    "categoryIds": ["health-beauty"],
    "imagePath": "https://shop.coles.com.au/wcsstore/Coles-CAS/images/6/8/1/6811491.jpg",
    "cupPrice": "$0.15 per 1ea",
    "unit": "ea",
    "packageSize": "14 pack",
    "barcode": ["9310004342336", "9325344000471", "9325344001737"],
    "isAvailable": true,
    "locations": ["vic", "sa", "qld", "nsw", "wa", "tas", "act", "nt"]
  },
  {
    "apiUrl": "https://shop.coles.com.au/search/resources/store/20529/productview/bySeoUrlKeyword/libra-hearts-pads-regular-compact-wings?catalogId=27101",
    "id": "c8146305p-9325344000082",
    "store": "coles",
    "name": "Girl Regular Pads With Wings",
    "brand": "Libra",
    "price": 2.1,
    "orgPrice": null,
    "categoryIds": ["health-beauty"],
    "imagePath": "https://shop.coles.com.au/wcsstore/Coles-CAS/images/8/1/4/8146305.jpg",
    "cupPrice": "$2.10 per 1ea",
    "unit": "ea",
    "packageSize": "12 pack",
    "barcode": ["9325344000082"],
    "isAvailable": true,
    "locations": ["vic", "sa", "qld", "nsw", "wa", "tas", "act", "nt"]
  },
  {
    "apiUrl": "https://shop.coles.com.au/search/resources/store/20529/productview/bySeoUrlKeyword/libra-pads-maternity-extra-long-with-wings?catalogId=27101",
    "id": "c6685987p-9325344001232",
    "store": "coles",
    "name": "Maternity Extra Long with Wings Pads",
    "brand": "Libra",
    "price": 2.1,
    "orgPrice": null,
    "categoryIds": ["health-beauty"],
    "imagePath": "https://shop.coles.com.au/wcsstore/Coles-CAS/images/6/6/8/6685987.jpg",
    "cupPrice": "$0.21 per 1ea",
    "unit": "ea",
    "packageSize": "10 pack",
    "barcode": ["9325344001232"],
    "isAvailable": true,
    "locations": ["vic", "sa", "qld", "nsw", "wa", "tas", "act", "nt"]
  },
  {
    "apiUrl": "https://shop.coles.com.au/search/resources/store/20529/productview/bySeoUrlKeyword/libra-goodnights-ultra-thin-extra-long-with-wings-pads?catalogId=27101",
    "id": "c8536853p-9325344000129",
    "store": "coles",
    "name": "Ultra Thin Pads Goodnights With Wings",
    "brand": "Libra",
    "price": 2.1,
    "orgPrice": null,
    "categoryIds": ["health-beauty"],
    "imagePath": "https://shop.coles.com.au/wcsstore/Coles-CAS/images/8/5/3/8536853.jpg",
    "cupPrice": "$0.21 per 1ea",
    "unit": "ea",
    "packageSize": "10 pack",
    "barcode": ["9325344000129"],
    "isAvailable": true,
    "locations": ["vic", "sa", "qld", "nsw", "wa", "tas", "act", "nt"]
  },
  {
    "apiUrl": "https://shop.coles.com.au/search/resources/store/20529/productview/bySeoUrlKeyword/libra-ultra-thins-regular-pads?catalogId=27101",
    "id": "c2686026p-9325344002802",
    "store": "coles",
    "name": "Ultra Thins Regular Pads",
    "brand": "Libra",
    "price": 2.1,
    "orgPrice": null,
    "categoryIds": ["health-beauty"],
    "imagePath": "https://shop.coles.com.au/wcsstore/Coles-CAS/images/2/6/8/2686026.jpg",
    "cupPrice": "$0.15 per 1ea",
    "unit": "ea",
    "packageSize": "14 pack",
    "barcode": ["9325344002802"],
    "isAvailable": true,
    "locations": ["vic", "sa", "qld", "nsw", "wa", "tas", "act", "nt"]
  },
  {
    "apiUrl": "https://shop.coles.com.au/search/resources/store/20529/productview/bySeoUrlKeyword/nivea-visage-facial-cleansing-wipes-dry-sensitive?catalogId=27101",
    "id": "c9357747p-4005808819065",
    "store": "coles",
    "name": "Gentle Moisturising Face Cleansing Wipes + Almond Oil for Dry Skin",
    "brand": "Nivea",
    "price": 3.75,
    "orgPrice": 7.5,
    "categoryIds": ["health-beauty"],
    "imagePath": "https://shop.coles.com.au/wcsstore/Coles-CAS/images/9/3/5/9357747.jpg",
    "cupPrice": "$0.15 per 1ea",
    "unit": "ea",
    "packageSize": "25 pack",
    "barcode": ["4005808819065", "4005808185245"],
    "isAvailable": true,
    "locations": ["vic", "sa", "qld", "nsw", "wa", "tas", "act", "nt"]
  },
  {
    "apiUrl": "https://shop.coles.com.au/search/resources/store/20529/productview/bySeoUrlKeyword/colgate-plax-fresh-mint-mouthwash?catalogId=27101",
    "id": "c8795931p-8850006303306",
    "store": "coles",
    "name": "Plax Fresh Mint Mouthwash",
    "brand": "Colgate",
    "price": 2,
    "orgPrice": 4,
    "categoryIds": ["health-beauty"],
    "imagePath": "https://shop.coles.com.au/wcsstore/Coles-CAS/images/8/7/9/8795931.jpg",
    "cupPrice": "$0.80 per 100ml",
    "unit": "ea",
    "packageSize": "250ml",
    "barcode": ["8850006303306"],
    "isAvailable": true,
    "locations": ["vic", "sa", "qld", "nsw", "wa", "tas", "act", "nt"]
  },
  {
    "apiUrl": "https://shop.coles.com.au/search/resources/store/20529/productview/bySeoUrlKeyword/organix-moroccan-argan-oil-conditioner?catalogId=27101",
    "id": "c8632766p-022796916129",
    "store": "coles",
    "name": "Argan Oil of Morocco Conditioner",
    "brand": "Ogx",
    "price": 10,
    "orgPrice": 20,
    "categoryIds": ["health-beauty"],
    "imagePath": "https://shop.coles.com.au/wcsstore/Coles-CAS/images/8/6/3/8632766.jpg",
    "cupPrice": "$2.60 per 100ml",
    "unit": "ea",
    "packageSize": "385ml",
    "barcode": ["022796916129"],
    "isAvailable": true,
    "locations": ["vic", "sa", "qld", "nsw", "wa", "tas", "act", "nt"]
  },
  {
    "apiUrl": "https://shop.coles.com.au/search/resources/store/20529/productview/bySeoUrlKeyword/nivea-for-men-shaving-gel-sensitive?catalogId=27101",
    "id": "c8477914p-4005808817405",
    "store": "coles",
    "name": "Men Shaving Gel for Sensitive Skin",
    "brand": "Nivea",
    "price": 3,
    "orgPrice": 6,
    "categoryIds": ["health-beauty"],
    "imagePath": "https://shop.coles.com.au/wcsstore/Coles-CAS/images/8/4/7/8477914.jpg",
    "cupPrice": "$1.50 per 100ml",
    "unit": "ea",
    "packageSize": "200ml",
    "barcode": ["4005808817405", "5025970023243"],
    "isAvailable": true,
    "locations": ["vic", "sa", "qld", "nsw", "wa", "tas", "act", "nt"]
  },
  {
    "apiUrl": "https://shop.coles.com.au/search/resources/store/20529/productview/bySeoUrlKeyword/organix-moroccan-argan-oil-shampoo?catalogId=27101",
    "id": "c8632020p-022796916112",
    "store": "coles",
    "name": "Argan Oil of Morocco Shampoo",
    "brand": "Ogx",
    "price": 10,
    "orgPrice": 20,
    "categoryIds": ["health-beauty"],
    "imagePath": "https://shop.coles.com.au/wcsstore/Coles-CAS/images/8/6/3/8632020.jpg",
    "cupPrice": "$2.60 per 100ml",
    "unit": "ea",
    "packageSize": "385ml",
    "barcode": ["022796916112"],
    "isAvailable": true,
    "locations": ["vic", "sa", "qld", "nsw", "wa", "tas", "act", "nt"]
  },
  {
    "apiUrl": "https://shop.coles.com.au/search/resources/store/20529/productview/bySeoUrlKeyword/nivea-soft-intensive-moisturising-creme?catalogId=27101",
    "id": "c6086596p-5025970022574",
    "store": "coles",
    "name": "Soft Cream Lotion Moisturiser  + Jojoba Oil & Vitamin E",
    "brand": "Nivea",
    "price": 5,
    "orgPrice": 10,
    "categoryIds": ["health-beauty"],
    "imagePath": "https://shop.coles.com.au/wcsstore/Coles-CAS/images/6/0/8/6086596.jpg",
    "cupPrice": "$2.50 per 100ml",
    "unit": "ea",
    "packageSize": "200ml",
    "barcode": ["5025970022574", "4005808890507"],
    "isAvailable": true,
    "locations": ["vic", "sa", "qld", "nsw", "wa", "tas", "act", "nt"]
  },
  {
    "apiUrl": "https://shop.coles.com.au/search/resources/store/20529/productview/bySeoUrlKeyword/macleans-little-teeth-kids-toothbrush?catalogId=27101",
    "id": "c2871130p-9300673751669",
    "store": "coles",
    "name": "Little Teeth Soft Kids Toothbrush",
    "brand": "Macleans",
    "price": 1.85,
    "orgPrice": 4,
    "categoryIds": ["health-beauty"],
    "imagePath": "https://shop.coles.com.au/wcsstore/Coles-CAS/images/2/8/7/2871130.jpg",
    "cupPrice": "$1.85 per 1ea",
    "unit": "ea",
    "packageSize": "1 pack",
    "barcode": ["9300673751669", "400003174263"],
    "isAvailable": true,
    "locations": ["vic", "sa", "qld", "nsw", "wa", "tas", "act", "nt"]
  },
  {
    "apiUrl": "https://shop.coles.com.au/search/resources/store/20529/productview/bySeoUrlKeyword/nivea-invisible-cleat-black-white-roll-on?catalogId=27101",
    "id": "c8445000p-4005900036575",
    "store": "coles",
    "name": "Black And White Clear Invisible Roll On Antiperspirant Deodorant",
    "brand": "Nivea",
    "price": 1.75,
    "orgPrice": null,
    "categoryIds": ["health-beauty"],
    "imagePath": "https://shop.coles.com.au/wcsstore/Coles-CAS/images/8/4/4/8445000.jpg",
    "cupPrice": "$3.50 per 100ml",
    "unit": "ea",
    "packageSize": "50ml",
    "barcode": ["4005900036575"],
    "isAvailable": true,
    "locations": ["vic", "sa", "qld", "nsw", "wa", "tas", "act", "nt"]
  },
  {
    "apiUrl": "https://shop.coles.com.au/search/resources/store/20529/productview/bySeoUrlKeyword/colgate-toothpaste-sensitive-multi-protection?catalogId=27101",
    "id": "c5390194p-8850006323328",
    "store": "coles",
    "name": "Sensitive Multiprotection Toothpaste",
    "brand": "Colgate",
    "price": 4,
    "orgPrice": 8,
    "categoryIds": ["health-beauty"],
    "imagePath": "https://shop.coles.com.au/wcsstore/Coles-CAS/images/5/3/9/5390194.jpg",
    "cupPrice": "$3.64 per 100g",
    "unit": "ea",
    "packageSize": "110g",
    "barcode": ["8850006323328", "8850006323526"],
    "isAvailable": true,
    "locations": ["vic", "sa", "qld", "nsw", "wa", "tas", "act", "nt"]
  },
  {
    "apiUrl": "https://shop.coles.com.au/search/resources/store/20529/productview/bySeoUrlKeyword/nivea-anti-perspirant-double-effect-white-senses-aerosol-deodorant?catalogId=27101",
    "id": "c1996414p-4005900105523",
    "store": "coles",
    "name": "Double Effect Aerosol Antiperspirant Deodorant",
    "brand": "Nivea",
    "price": 3.25,
    "orgPrice": 6.5,
    "categoryIds": ["health-beauty"],
    "imagePath": "https://shop.coles.com.au/wcsstore/Coles-CAS/images/1/9/9/1996414.jpg",
    "cupPrice": "$1.30 per 100ml",
    "unit": "ea",
    "packageSize": "250ml",
    "barcode": ["4005900105523"],
    "isAvailable": true,
    "locations": ["vic", "sa", "qld", "nsw", "wa", "tas", "act", "nt"]
  },
  {
    "apiUrl": "https://shop.coles.com.au/search/resources/store/20529/productview/bySeoUrlKeyword/libra-invisible-sport-regular-pads-with-wings?catalogId=27101",
    "id": "c3036059p-9325344002994",
    "store": "coles",
    "name": "Invisible Sport Regular Pads With Wings",
    "brand": "Libra",
    "price": 2.3,
    "orgPrice": 4.6,
    "categoryIds": ["health-beauty"],
    "imagePath": "https://shop.coles.com.au/wcsstore/Coles-CAS/images/3/0/3/3036059.jpg",
    "cupPrice": "$0.19 per 1ea",
    "unit": "ea",
    "packageSize": "12 pack",
    "barcode": ["9325344002994"],
    "isAvailable": true,
    "locations": ["vic", "sa", "qld", "nsw", "wa", "tas", "act", "nt"]
  },
  {
    "apiUrl": "https://shop.coles.com.au/search/resources/store/20529/productview/bySeoUrlKeyword/nivea-deo-black-white-fresh-womens-aerosol?catalogId=27101",
    "id": "c3048885p-4005900370983",
    "store": "coles",
    "name": "Black And White Invisible Fresh Aerosol Antiperspirant Deodorant",
    "brand": "Nivea",
    "price": 3.25,
    "orgPrice": 6.5,
    "categoryIds": ["health-beauty"],
    "imagePath": "https://shop.coles.com.au/wcsstore/Coles-CAS/images/3/0/4/3048885.jpg",
    "cupPrice": "$1.30 per 100ml",
    "unit": "ea",
    "packageSize": "250ml",
    "barcode": ["4005900370983"],
    "isAvailable": true,
    "locations": ["vic", "sa", "qld", "nsw", "wa", "tas", "act", "nt"]
  },
  {
    "apiUrl": "https://shop.coles.com.au/search/resources/store/20529/productview/bySeoUrlKeyword/libra-girl-goodnight-pads-with-wings?catalogId=27101",
    "id": "c3301546p-9325344002116",
    "store": "coles",
    "name": "Girl Goodnight Pads With Wings",
    "brand": "Libra",
    "price": 2,
    "orgPrice": 4,
    "categoryIds": ["health-beauty"],
    "imagePath": "https://shop.coles.com.au/wcsstore/Coles-CAS/images/3/3/0/3301546.jpg",
    "cupPrice": "$0.20 per 1ea",
    "unit": "ea",
    "packageSize": "10 pack",
    "barcode": ["9325344002116"],
    "isAvailable": true,
    "locations": ["vic", "sa", "qld", "nsw", "tas", "act", "nt"]
  },
  {
    "apiUrl": "https://shop.coles.com.au/search/resources/store/20529/productview/bySeoUrlKeyword/libra-pads-extra-super-with-wings?catalogId=27101",
    "id": "c6811480p-9310004342343",
    "store": "coles",
    "name": "Extra Super with Wings Pads",
    "brand": "Libra",
    "price": 2.1,
    "orgPrice": null,
    "categoryIds": ["health-beauty"],
    "imagePath": "https://shop.coles.com.au/wcsstore/Coles-CAS/images/6/8/1/6811480.jpg",
    "cupPrice": "$0.18 per 1ea",
    "unit": "ea",
    "packageSize": "12 pack",
    "barcode": ["9310004342343", "9325344000488"],
    "isAvailable": true,
    "locations": ["vic", "sa", "qld", "nsw", "wa", "tas", "act", "nt"]
  },
  {
    "apiUrl": "https://shop.coles.com.au/search/resources/store/20529/productview/bySeoUrlKeyword/nivea-anti-perspirant-deodorant-roll-on-pearl-beauty?catalogId=27101",
    "id": "c5312077p-4005808837359",
    "store": "coles",
    "name": "Pearl & Beauty Roll On Antiperspirant Deodorant",
    "brand": "Nivea",
    "price": 1.75,
    "orgPrice": null,
    "categoryIds": ["health-beauty"],
    "imagePath": "https://shop.coles.com.au/wcsstore/Coles-CAS/images/5/3/1/5312077.jpg",
    "cupPrice": "$3.50 per 100ml",
    "unit": "ea",
    "packageSize": "50ml",
    "barcode": ["4005808837359"],
    "isAvailable": true,
    "locations": ["vic", "sa", "qld", "nsw", "wa", "tas", "act", "nt"]
  },
  {
    "apiUrl": "https://shop.coles.com.au/search/resources/store/20529/productview/bySeoUrlKeyword/colgate-toothpaste-sensitive-whitening?catalogId=27101",
    "id": "c5396485p-400003259311",
    "store": "coles",
    "name": "Sensitive Whitening Toothpaste",
    "brand": "Colgate",
    "price": 4,
    "orgPrice": 8,
    "categoryIds": ["health-beauty"],
    "imagePath": "https://shop.coles.com.au/wcsstore/Coles-CAS/images/5/3/9/5396485.jpg",
    "cupPrice": "$3.64 per 100g",
    "unit": "ea",
    "packageSize": "110g",
    "barcode": ["400003259311", "8850006323335"],
    "isAvailable": true,
    "locations": ["vic", "sa", "qld", "nsw", "wa", "tas", "act", "nt"]
  },
  {
    "apiUrl": "https://shop.coles.com.au/search/resources/store/20529/productview/bySeoUrlKeyword/macleans-extreme-clean-toothpaste-white?catalogId=27101",
    "id": "c4499530p-9300673851000",
    "store": "coles",
    "name": "Toothpaste Extreme Clean Whitening",
    "brand": "Macleans",
    "price": 2.5,
    "orgPrice": 5,
    "categoryIds": ["health-beauty"],
    "imagePath": "https://shop.coles.com.au/wcsstore/Coles-CAS/images/4/4/9/4499530.jpg",
    "cupPrice": "$1.47 per 100g",
    "unit": "ea",
    "packageSize": "170g",
    "barcode": ["9300673851000"],
    "isAvailable": true,
    "locations": ["vic", "sa", "qld", "nsw", "wa", "tas", "act", "nt"]
  },
  {
    "apiUrl": "https://shop.coles.com.au/search/resources/store/20529/productview/bySeoUrlKeyword/nivea-deodorant-aerosol-mens-sensitive-protect?catalogId=27101",
    "id": "c1184612p-4005808665273",
    "store": "coles",
    "name": "Men Sensitive Protect Aerosol Antiperspirant Deodorant",
    "brand": "Nivea",
    "price": 3.25,
    "orgPrice": 6.5,
    "categoryIds": ["health-beauty"],
    "imagePath": "https://shop.coles.com.au/wcsstore/Coles-CAS/images/1/1/8/1184612.jpg",
    "cupPrice": "$1.30 per 100ml",
    "unit": "ea",
    "packageSize": "250ml",
    "barcode": ["4005808665273"],
    "isAvailable": true,
    "locations": ["vic", "sa", "qld", "nsw", "wa", "tas", "act", "nt"]
  },
  {
    "apiUrl": "https://shop.coles.com.au/search/resources/store/20529/productview/bySeoUrlKeyword/garnier-micellar-solution?catalogId=27101",
    "id": "c1683893p-3600541358560",
    "store": "coles",
    "name": "Micellar Cleansing Water",
    "brand": "Garnier",
    "price": 6.75,
    "orgPrice": 13.5,
    "categoryIds": ["health-beauty"],
    "imagePath": "https://shop.coles.com.au/wcsstore/Coles-CAS/images/1/6/8/1683893.jpg",
    "cupPrice": "$1.69 per 100ml",
    "unit": "ea",
    "packageSize": "400ml",
    "barcode": ["3600541358560"],
    "isAvailable": true,
    "locations": ["vic", "sa", "qld", "nsw", "wa", "tas", "act", "nt"]
  },
  {
    "apiUrl": "https://shop.coles.com.au/search/resources/store/20529/productview/bySeoUrlKeyword/nivea-for-men-shave-foam-sensitive?catalogId=27101",
    "id": "c1740647p-4005808222698",
    "store": "coles",
    "name": "Men Shaving Foam for Sensitive Skin",
    "brand": "Nivea",
    "price": 2.9,
    "orgPrice": 5.8,
    "categoryIds": ["health-beauty"],
    "imagePath": "https://shop.coles.com.au/wcsstore/Coles-CAS/images/1/7/4/1740647.jpg",
    "cupPrice": "$1.45 per 100ml",
    "unit": "ea",
    "packageSize": "200ml",
    "barcode": ["4005808222698"],
    "isAvailable": true,
    "locations": ["vic", "sa", "qld", "nsw", "wa", "tas", "act", "nt"]
  },
  {
    "apiUrl": "https://shop.coles.com.au/search/resources/store/20529/productview/bySeoUrlKeyword/nivea-men-deo-black-white-fresh-aerosol?catalogId=27101",
    "id": "c3048896p-4005900370976",
    "store": "coles",
    "name": "Men Invisible Black & White Fresh Aerosol Antiperspirant Deodorant",
    "brand": "Nivea",
    "price": 3.25,
    "orgPrice": 6.5,
    "categoryIds": ["health-beauty"],
    "imagePath": "https://shop.coles.com.au/wcsstore/Coles-CAS/images/3/0/4/3048896.jpg",
    "cupPrice": "$1.30 per 100ml",
    "unit": "ea",
    "packageSize": "250ml",
    "barcode": ["4005900370976"],
    "isAvailable": true,
    "locations": ["vic", "sa", "qld", "nsw", "wa", "tas", "act", "nt"]
  },
  {
    "apiUrl": "https://shop.coles.com.au/search/resources/store/20529/productview/bySeoUrlKeyword/nivea-rich-moisture-shower-gel?catalogId=27101",
    "id": "c3517374p-4005900662446",
    "store": "coles",
    "name": "Aloe Vera Moisture Fresh Shower Gel & Body Wash",
    "brand": "Nivea",
    "price": 6.85,
    "orgPrice": 13.7,
    "categoryIds": ["health-beauty"],
    "imagePath": "https://shop.coles.com.au/wcsstore/Coles-CAS/images/3/5/1/3517374.jpg",
    "cupPrice": "$0.69 per 100ml",
    "unit": "ea",
    "packageSize": "1l",
    "barcode": ["4005900662446", "400003507535"],
    "isAvailable": true,
    "locations": ["vic", "sa", "qld", "nsw", "wa", "tas", "act", "nt"]
  },
  {
    "apiUrl": "https://shop.coles.com.au/search/resources/store/20529/productview/bySeoUrlKeyword/organix-moroccan-oil-argan-penetrating?catalogId=27101",
    "id": "c8627948p-022796976147",
    "store": "coles",
    "name": "Moroccan Argan Penetrating Oil",
    "brand": "Ogx",
    "price": 12.5,
    "orgPrice": 25,
    "categoryIds": ["health-beauty"],
    "imagePath": "https://shop.coles.com.au/wcsstore/Coles-CAS/images/8/6/2/8627948.jpg",
    "cupPrice": "$12.50 per 100ml",
    "unit": "ea",
    "packageSize": "100ml",
    "barcode": ["022796976147", "022796916143"],
    "isAvailable": true,
    "locations": ["vic", "sa", "qld", "nsw", "wa", "tas", "act", "nt"]
  },
  {
    "apiUrl": "https://shop.coles.com.au/search/resources/store/20529/productview/bySeoUrlKeyword/nivea-express-hydration-body-lotion?catalogId=27101",
    "id": "c7199000p-4005900025760",
    "store": "coles",
    "name": "Express Hydration Body Lotion Moisturiser",
    "brand": "Nivea",
    "price": 4,
    "orgPrice": 8,
    "categoryIds": ["health-beauty"],
    "imagePath": "https://shop.coles.com.au/wcsstore/Coles-CAS/images/7/1/9/7199000.jpg",
    "cupPrice": "$1.00 per 100ml",
    "unit": "ea",
    "packageSize": "400ml",
    "barcode": ["4005900025760", "4005808237135", "4005900038005"],
    "isAvailable": true,
    "locations": ["vic", "sa", "qld", "nsw", "wa", "tas", "act", "nt"]
  },
  {
    "apiUrl": "https://shop.coles.com.au/search/resources/store/20529/productview/bySeoUrlKeyword/nivea-body-lotion-q10-firming?catalogId=27101",
    "id": "c7200019p-4005808237470",
    "store": "coles",
    "name": "Firming Body Lotion Moisturiser + Q10 & Vitamin C",
    "brand": "Nivea",
    "price": 5.25,
    "orgPrice": 10.5,
    "categoryIds": ["health-beauty"],
    "imagePath": "https://shop.coles.com.au/wcsstore/Coles-CAS/images/7/2/0/7200019.jpg",
    "cupPrice": "$1.31 per 100ml",
    "unit": "ea",
    "packageSize": "400ml",
    "barcode": ["4005808237470"],
    "isAvailable": true,
    "locations": ["vic", "sa", "qld", "nsw", "wa", "tas", "act", "nt"]
  },
  {
    "apiUrl": "https://shop.coles.com.au/search/resources/store/20529/productview/bySeoUrlKeyword/nivea-deodorant-aerosol-cool-kick?catalogId=27101",
    "id": "c1184623p-4005808298174",
    "store": "coles",
    "name": "Men Cool Kick Aerosol Antiperspirant Deodorant",
    "brand": "Nivea",
    "price": 3.25,
    "orgPrice": 6.5,
    "categoryIds": ["health-beauty"],
    "imagePath": "https://shop.coles.com.au/wcsstore/Coles-CAS/images/1/1/8/1184623.jpg",
    "cupPrice": "$1.30 per 100ml",
    "unit": "ea",
    "packageSize": "250ml",
    "barcode": ["4005808298174"],
    "isAvailable": true,
    "locations": ["vic", "sa", "qld", "nsw", "wa", "act", "nt"]
  },
  {
    "apiUrl": "https://shop.coles.com.au/search/resources/store/20529/productview/bySeoUrlKeyword/libra-extra-regular-pads?catalogId=27101",
    "id": "c2686004p-9325344002710",
    "store": "coles",
    "name": "Extra Regular Pads",
    "brand": "Libra",
    "price": 2.1,
    "orgPrice": null,
    "categoryIds": ["health-beauty"],
    "imagePath": "https://shop.coles.com.au/wcsstore/Coles-CAS/images/2/6/8/2686004.jpg",
    "cupPrice": "$0.15 per 1ea",
    "unit": "ea",
    "packageSize": "14 pack",
    "barcode": ["9325344002710", "9325344003052"],
    "isAvailable": true,
    "locations": ["vic", "sa", "qld", "nsw", "wa", "act", "nt"]
  },
  {
    "apiUrl": "https://shop.coles.com.au/search/resources/store/20529/productview/bySeoUrlKeyword/nivea-men-antiperspirant-deep?catalogId=27101",
    "id": "c3234347p",
    "store": "coles",
    "name": "Men Deep Aerosol Antiperspirant Deodorant",
    "brand": "Nivea",
    "price": 3.25,
    "orgPrice": 6.5,
    "categoryIds": ["health-beauty"],
    "imagePath": "https://shop.coles.com.au/wcsstore/Coles-CAS/images/3/2/3/3234347.jpg",
    "cupPrice": "$1.30 per 100ml",
    "unit": "ea",
    "packageSize": "250ml",
    "barcode": null,
    "isAvailable": true,
    "locations": ["vic", "sa", "qld", "nsw", "wa", "act", "nt"]
  },
  {
    "apiUrl": "https://shop.coles.com.au/search/resources/store/20529/productview/bySeoUrlKeyword/nivea-body-lotion-irresistibly-smooth?catalogId=27101",
    "id": "c8898774p-4005808232529",
    "store": "coles",
    "name": "Irresistibly Smooth Body Lotion Moisturiser + Shea Butter",
    "brand": "Nivea",
    "price": 4,
    "orgPrice": 8,
    "categoryIds": ["health-beauty"],
    "imagePath": "https://shop.coles.com.au/wcsstore/Coles-CAS/images/8/8/9/8898774.jpg",
    "cupPrice": "$1.00 per 100ml",
    "unit": "ea",
    "packageSize": "400ml",
    "barcode": ["4005808232529"],
    "isAvailable": true,
    "locations": ["vic", "sa", "qld", "nsw", "wa", "act", "nt"]
  },
  {
    "apiUrl": "https://shop.coles.com.au/search/resources/store/20529/productview/bySeoUrlKeyword/nivea-invisible-power-black-white-roll-on?catalogId=27101",
    "id": "c8445011p-4005900036599",
    "store": "coles",
    "name": "Men Black And White Invisible Roll On Antiperspirant Deodorant",
    "brand": "Nivea",
    "price": 1.75,
    "orgPrice": null,
    "categoryIds": ["health-beauty"],
    "imagePath": "https://shop.coles.com.au/wcsstore/Coles-CAS/images/8/4/4/8445011.jpg",
    "cupPrice": "$3.50 per 100ml",
    "unit": "ea",
    "packageSize": "50ml",
    "barcode": ["4005900036599"],
    "isAvailable": true,
    "locations": ["vic", "sa", "qld", "nsw", "wa", "act", "nt"]
  },
  {
    "apiUrl": "https://shop.coles.com.au/search/resources/store/20529/productview/bySeoUrlKeyword/nivea-cellular-antiage-night-cream?catalogId=27101",
    "id": "c2207280p-4005900519122",
    "store": "coles",
    "name": "Cellular Anti-Wrinkle Night Cream Face Moisturiser + Hyaluronic Acid & Collagen",
    "brand": "Nivea",
    "price": 14,
    "orgPrice": 28,
    "categoryIds": ["health-beauty"],
    "imagePath": "https://shop.coles.com.au/wcsstore/Coles-CAS/images/2/2/0/2207280.jpg",
    "cupPrice": "$28.00 per 100ml",
    "unit": "ea",
    "packageSize": "50ml",
    "barcode": ["4005900519122", "4005900125392"],
    "isAvailable": true,
    "locations": ["vic", "sa", "qld", "nsw", "wa", "act", "nt"]
  },
  {
    "apiUrl": "https://shop.coles.com.au/search/resources/store/20529/productview/bySeoUrlKeyword/organix-conditioner-coconut-milk?catalogId=27101",
    "id": "c6896778p-022796910066",
    "store": "coles",
    "name": "Coconut Milk Conditioner",
    "brand": "Ogx",
    "price": 10,
    "orgPrice": 20,
    "categoryIds": ["health-beauty"],
    "imagePath": "https://shop.coles.com.au/wcsstore/Coles-CAS/images/6/8/9/6896778.jpg",
    "cupPrice": "$2.60 per 100ml",
    "unit": "ea",
    "packageSize": "384ml",
    "barcode": ["022796910066"],
    "isAvailable": true,
    "locations": ["vic", "sa", "qld", "nsw", "wa", "act", "nt"]
  },
  {
    "apiUrl": "https://shop.coles.com.au/search/resources/store/20529/productview/bySeoUrlKeyword/organix-shampoo-coconut-milk?catalogId=27101",
    "id": "c6896723p-022796910059",
    "store": "coles",
    "name": "Coconut Milk Shampoo",
    "brand": "Ogx",
    "price": 10,
    "orgPrice": 20,
    "categoryIds": ["health-beauty"],
    "imagePath": "https://shop.coles.com.au/wcsstore/Coles-CAS/images/6/8/9/6896723.jpg",
    "cupPrice": "$2.60 per 100ml",
    "unit": "ea",
    "packageSize": "384ml",
    "barcode": ["022796910059"],
    "isAvailable": true,
    "locations": ["vic", "sa", "qld", "nsw", "wa", "act", "nt"]
  },
  {
    "apiUrl": "https://shop.coles.com.au/search/resources/store/20529/productview/bySeoUrlKeyword/colgate-360-degree-toothbrush-adult-medium-4155745p?catalogId=27101",
    "id": "c4155745p-8714789183800",
    "store": "coles",
    "name": "360 Degree Medium Toothbrush",
    "brand": "Colgate",
    "price": 2.5,
    "orgPrice": 5,
    "categoryIds": ["health-beauty"],
    "imagePath": "https://shop.coles.com.au/wcsstore/Coles-CAS/images/4/1/5/4155745.jpg",
    "cupPrice": "$2.50 per 1ea",
    "unit": "ea",
    "packageSize": "1 pack",
    "barcode": ["8714789183800"],
    "isAvailable": true,
    "locations": ["vic", "sa", "qld", "nsw", "wa", "act", "nt"]
  },
  {
    "apiUrl": "https://shop.coles.com.au/search/resources/store/20529/productview/bySeoUrlKeyword/libra-invisible-sport-regular-pads?catalogId=27101",
    "id": "c3036070p-9325344002987",
    "store": "coles",
    "name": "Invisible Sport Regular Pads",
    "brand": "Libra",
    "price": 2.3,
    "orgPrice": 4.6,
    "categoryIds": ["health-beauty"],
    "imagePath": "https://shop.coles.com.au/wcsstore/Coles-CAS/images/3/0/3/3036070.jpg",
    "cupPrice": "$0.19 per 1ea",
    "unit": "ea",
    "packageSize": "12 pack",
    "barcode": ["9325344002987"],
    "isAvailable": true,
    "locations": ["vic", "sa", "qld", "nsw", "act", "nt"]
  },
  {
    "apiUrl": "https://shop.coles.com.au/search/resources/store/20529/productview/bySeoUrlKeyword/schwarzkopf-extra-care-shampoo-marrakesh-oil?catalogId=27101",
    "id": "c3156210p-400003506583",
    "store": "coles",
    "name": "Extra Care Shampoo Marrakesh Oil & Coconut",
    "brand": "Schwarzkopf",
    "price": 7,
    "orgPrice": 14,
    "categoryIds": ["health-beauty"],
    "imagePath": "https://shop.coles.com.au/wcsstore/Coles-CAS/images/3/1/5/3156210.jpg",
    "cupPrice": "$0.78 per 100ml",
    "unit": "ea",
    "packageSize": "900ml",
    "barcode": ["400003506583"],
    "isAvailable": true,
    "locations": ["vic", "sa", "qld", "nsw", "wa", "act", "nt"]
  },
  {
    "apiUrl": "https://shop.coles.com.au/search/resources/store/20529/productview/bySeoUrlKeyword/nivea-shower-hawaii-flower-oil-500ml?catalogId=27101",
    "id": "c3515620p-9005800307510",
    "store": "coles",
    "name": "Hawaiian Flower & Oil Shower Gel & Body Wash",
    "brand": "Nivea",
    "price": 4,
    "orgPrice": 8,
    "categoryIds": ["health-beauty"],
    "imagePath": "https://shop.coles.com.au/wcsstore/Coles-CAS/images/3/5/1/3515620.jpg",
    "cupPrice": "$0.80 per 100ml",
    "unit": "ea",
    "packageSize": "500ml",
    "barcode": ["9005800307510"],
    "isAvailable": true,
    "locations": ["vic", "sa", "qld", "nsw", "wa", "act", "nt"]
  },
  {
    "apiUrl": "https://shop.coles.com.au/search/resources/store/20529/productview/bySeoUrlKeyword/organix-moroccan-argan-oil-renew-treatment?catalogId=27101",
    "id": "c8631934p-022796916136",
    "store": "coles",
    "name": "Argan Oil of Morocco Renew Treatment",
    "brand": "Ogx",
    "price": 10,
    "orgPrice": 20,
    "categoryIds": ["health-beauty"],
    "imagePath": "https://shop.coles.com.au/wcsstore/Coles-CAS/images/8/6/3/8631934.jpg",
    "cupPrice": "$4.22 per 100ml",
    "unit": "ea",
    "packageSize": "237ml",
    "barcode": ["022796916136"],
    "isAvailable": true,
    "locations": ["vic", "sa", "qld", "nsw", "wa", "act", "nt"]
  },
  {
    "apiUrl": "https://shop.coles.com.au/search/resources/store/20529/productview/bySeoUrlKeyword/organix-shampoo-brazilian-keratin?catalogId=27101",
    "id": "c8142756p-022796916013",
    "store": "coles",
    "name": "Brazilian Keratin Shampoo",
    "brand": "Ogx",
    "price": 10,
    "orgPrice": 20,
    "categoryIds": ["health-beauty"],
    "imagePath": "https://shop.coles.com.au/wcsstore/Coles-CAS/images/8/1/4/8142756.jpg",
    "cupPrice": "$2.60 per 100ml",
    "unit": "ea",
    "packageSize": "385ml",
    "barcode": ["022796916013"],
    "isAvailable": true,
    "locations": ["vic", "sa", "qld", "nsw", "wa", "act", "nt"]
  },
  {
    "apiUrl": "https://shop.coles.com.au/search/resources/store/20529/productview/bySeoUrlKeyword/nivea--stress-protect-aerosol-deodorant-spray?catalogId=27101",
    "id": "c1996436p-4005808714735",
    "store": "coles",
    "name": "Stress Protect Aerosol Antiperspirant Deodorant",
    "brand": "Nivea",
    "price": 3.25,
    "orgPrice": 6.5,
    "categoryIds": ["health-beauty"],
    "imagePath": "https://shop.coles.com.au/wcsstore/Coles-CAS/images/1/9/9/1996436.jpg",
    "cupPrice": "$1.30 per 100ml",
    "unit": "ea",
    "packageSize": "250ml",
    "barcode": ["4005808714735"],
    "isAvailable": true,
    "locations": ["vic", "sa", "qld", "nsw", "wa", "act", "nt"]
  },
  {
    "apiUrl": "https://shop.coles.com.au/search/resources/store/20529/productview/bySeoUrlKeyword/macleans-multi-action-soft-toothbrush?catalogId=27101",
    "id": "c2213840p-9300673826022",
    "store": "coles",
    "name": "Multi Action Soft Toothbrush",
    "brand": "MacLeans",
    "price": 1.7,
    "orgPrice": 3.5,
    "categoryIds": ["health-beauty"],
    "imagePath": "https://shop.coles.com.au/wcsstore/Coles-CAS/images/2/2/1/2213840.jpg",
    "cupPrice": "$1.70 per 1ea",
    "unit": "ea",
    "packageSize": "1 each",
    "barcode": ["9300673826022"],
    "isAvailable": true,
    "locations": ["vic", "sa", "qld", "nsw", "wa", "act", "nt"]
  },
  {
    "apiUrl": "https://shop.coles.com.au/search/resources/store/20529/productview/bySeoUrlKeyword/garnier-micellar-cleansing-wipes?catalogId=27101",
    "id": "c2428600p-3600541716476",
    "store": "coles",
    "name": "Micellar Cleansing Wipes",
    "brand": "Garnier",
    "price": 3.5,
    "orgPrice": 7,
    "categoryIds": ["health-beauty"],
    "imagePath": "https://shop.coles.com.au/wcsstore/Coles-CAS/images/2/4/2/2428600.jpg",
    "cupPrice": "$0.14 per 1ea",
    "unit": "ea",
    "packageSize": "25 pack",
    "barcode": ["3600541716476"],
    "isAvailable": true,
    "locations": ["vic", "sa", "qld", "nsw", "wa", "act", "nt"]
  },
  {
    "apiUrl": "https://shop.coles.com.au/search/resources/store/20529/productview/bySeoUrlKeyword/nivea-creme-tin-moisturiser?catalogId=27101",
    "id": "c2857934p-4005900360229",
    "store": "coles",
    "name": "All Purpose Cream Moisturiser for Body Face & Hands",
    "brand": "Nivea",
    "price": 4,
    "orgPrice": 8,
    "categoryIds": ["health-beauty"],
    "imagePath": "https://shop.coles.com.au/wcsstore/Coles-CAS/images/2/8/5/2857934.jpg",
    "cupPrice": "$2.67 per 100ml",
    "unit": "ea",
    "packageSize": "150ml",
    "barcode": ["4005900360229"],
    "isAvailable": true,
    "locations": ["vic", "sa", "qld", "nsw", "wa", "act", "nt"]
  },
  {
    "apiUrl": "https://shop.coles.com.au/search/resources/store/20529/productview/bySeoUrlKeyword/hask-argan-5-in-1-leave-in-conditioner?catalogId=27101",
    "id": "c2940506p-071164302262",
    "store": "coles",
    "name": "Argan 5 In 1 Leave In Conditioner",
    "brand": "Hask",
    "price": 7.5,
    "orgPrice": 15,
    "categoryIds": ["health-beauty"],
    "imagePath": "https://shop.coles.com.au/wcsstore/Coles-CAS/images/2/9/4/2940506.jpg",
    "cupPrice": "$4.29 per 100ml",
    "unit": "ea",
    "packageSize": "175ml",
    "barcode": ["071164302262", "071164302361"],
    "isAvailable": true,
    "locations": ["vic", "sa", "qld", "nsw", "wa", "act", "nt"]
  },
  {
    "apiUrl": "https://shop.coles.com.au/search/resources/store/20529/productview/bySeoUrlKeyword/schwarzkopf-extra-care-conditioner-marrakesh-oil?catalogId=27101",
    "id": "c3156221p-400003506590",
    "store": "coles",
    "name": "Extra Care Conditioner Marrakesh Oil & Coconut",
    "brand": "Schwarzkopf",
    "price": 7,
    "orgPrice": 14,
    "categoryIds": ["health-beauty"],
    "imagePath": "https://shop.coles.com.au/wcsstore/Coles-CAS/images/3/1/5/3156221.jpg",
    "cupPrice": "$0.78 per 100ml",
    "unit": "ea",
    "packageSize": "900ml",
    "barcode": ["400003506590"],
    "isAvailable": true,
    "locations": ["vic", "sa", "qld", "nsw", "wa", "act", "nt"]
  },
  {
    "apiUrl": "https://shop.coles.com.au/search/resources/store/20529/productview/bySeoUrlKeyword/nivea-men-ap-everyday-active-fresh?catalogId=27101",
    "id": "c3363000p",
    "store": "coles",
    "name": "Men Everyday Active Fresh Aerosol Antiperspirant Deodorant",
    "brand": "Nivea",
    "price": 3.25,
    "orgPrice": 6.5,
    "categoryIds": ["health-beauty"],
    "imagePath": "https://shop.coles.com.au/wcsstore/Coles-CAS/images/3/3/6/3363000.jpg",
    "cupPrice": "$1.30 per 100ml",
    "unit": "ea",
    "packageSize": "250ml",
    "barcode": null,
    "isAvailable": true,
    "locations": ["vic", "sa", "qld", "nsw", "wa", "act", "nt"]
  },
  {
    "apiUrl": "https://shop.coles.com.au/search/resources/store/20529/productview/bySeoUrlKeyword/organix-conditioner-brazil-keratine?catalogId=27101",
    "id": "c8142790p-022796916020",
    "store": "coles",
    "name": "Brazil Keratine Conditioner",
    "brand": "Ogx",
    "price": 10,
    "orgPrice": 20,
    "categoryIds": ["health-beauty"],
    "imagePath": "https://shop.coles.com.au/wcsstore/Coles-CAS/images/8/1/4/8142790.jpg",
    "cupPrice": "$2.60 per 100ml",
    "unit": "ea",
    "packageSize": "385ml",
    "barcode": ["022796916020"],
    "isAvailable": true,
    "locations": ["vic", "sa", "qld", "nsw", "wa", "act", "nt"]
  },
  {
    "apiUrl": "https://shop.coles.com.au/search/resources/store/20529/productview/bySeoUrlKeyword/garnier-pure-3-in-1-wash--scrub-mask?catalogId=27101",
    "id": "c6556306p-3600540710734",
    "store": "coles",
    "name": "Pure Active 3 in 1 Wash Scrub & Mask",
    "brand": "Garnier",
    "price": 6.25,
    "orgPrice": 12.5,
    "categoryIds": ["health-beauty"],
    "imagePath": "https://shop.coles.com.au/wcsstore/Coles-CAS/images/6/5/5/6556306.jpg",
    "cupPrice": "$4.17 per 100ml",
    "unit": "ea",
    "packageSize": "150ml",
    "barcode": ["3600540710734"],
    "isAvailable": true,
    "locations": ["vic", "sa", "qld", "nsw", "wa", "act", "nt"]
  },
  {
    "apiUrl": "https://shop.coles.com.au/search/resources/store/20529/productview/bySeoUrlKeyword/nivea-anti-perspirant-deodorant-roll-on-for-men-aqua-cool?catalogId=27101",
    "id": "c4282491p-4005808828869",
    "store": "coles",
    "name": "Men Cool Kick Roll On Antiperspirant Deodorant",
    "brand": "Nivea",
    "price": 1.75,
    "orgPrice": null,
    "categoryIds": ["health-beauty"],
    "imagePath": "https://shop.coles.com.au/wcsstore/Coles-CAS/images/4/2/8/4282491.jpg",
    "cupPrice": "$3.50 per 100ml",
    "unit": "ea",
    "packageSize": "50ml",
    "barcode": ["4005808828869"],
    "isAvailable": true,
    "locations": ["vic", "sa", "qld", "nsw", "wa", "act", "nt"]
  },
  {
    "apiUrl": "https://shop.coles.com.au/search/resources/store/20529/productview/bySeoUrlKeyword/schwarzkopf-conditioner-extra-care-marrakesh?catalogId=27101",
    "id": "c9192862p-400003259694",
    "store": "coles",
    "name": "Extra Care Marrakesh oil And Coconut Conditioner",
    "brand": "Schwarzkopf",
    "price": 3.45,
    "orgPrice": 6.9,
    "categoryIds": ["health-beauty"],
    "imagePath": "https://shop.coles.com.au/wcsstore/Coles-CAS/images/9/1/9/9192862.jpg",
    "cupPrice": "$0.86 per 100ml",
    "unit": "ea",
    "packageSize": "400ml",
    "barcode": ["400003259694", "9310714213094"],
    "isAvailable": true,
    "locations": ["vic", "sa", "qld", "nsw", "wa", "act", "nt"]
  },
  {
    "apiUrl": "https://shop.coles.com.au/search/resources/store/20529/productview/bySeoUrlKeyword/organix-shampoo-biotin-collagen?catalogId=27101",
    "id": "c1255357p-022796916709",
    "store": "coles",
    "name": "Biotin & Collagen Shampoo",
    "brand": "Ogx",
    "price": 10,
    "orgPrice": 20,
    "categoryIds": ["health-beauty"],
    "imagePath": "https://shop.coles.com.au/wcsstore/Coles-CAS/images/1/2/5/1255357.jpg",
    "cupPrice": "$2.60 per 100ml",
    "unit": "ea",
    "packageSize": "385ml",
    "barcode": ["022796916709"],
    "isAvailable": true,
    "locations": ["vic", "sa", "qld", "nsw", "wa", "act", "nt"]
  },
  {
    "apiUrl": "https://shop.coles.com.au/search/resources/store/20529/productview/bySeoUrlKeyword/hask-argan-conditioner?catalogId=27101",
    "id": "c2940299p-400003389179",
    "store": "coles",
    "name": "Argan Oil Conditioner",
    "brand": "Hask",
    "price": 7.5,
    "orgPrice": 15,
    "categoryIds": ["health-beauty"],
    "imagePath": "https://shop.coles.com.au/wcsstore/Coles-CAS/images/2/9/4/2940299.jpg",
    "cupPrice": "$2.11 per 100ml",
    "unit": "ea",
    "packageSize": "355ml",
    "barcode": ["400003389179", "071164343265"],
    "isAvailable": true,
    "locations": ["vic", "sa", "qld", "nsw", "wa", "act", "nt"]
  },
  {
    "apiUrl": "https://shop.coles.com.au/search/resources/store/20529/productview/bySeoUrlKeyword/nivea-shower-creme-oils-cherry-blossom?catalogId=27101",
    "id": "c3222520p",
    "store": "coles",
    "name": "Crème & Oil Pearls Cherry Blossom Shower Gel & Body Wash",
    "brand": "Nivea",
    "price": 2.8,
    "orgPrice": 5.6,
    "categoryIds": ["health-beauty"],
    "imagePath": "https://shop.coles.com.au/wcsstore/Coles-CAS/images/3/2/2/3222520.jpg",
    "cupPrice": "$1.12 per 100ml",
    "unit": "ea",
    "packageSize": "250ml",
    "barcode": null,
    "isAvailable": true,
    "locations": ["vic", "sa", "qld", "nsw", "wa", "act", "nt"]
  },
  {
    "apiUrl": "https://shop.coles.com.au/search/resources/store/20529/productview/bySeoUrlKeyword/schwarzkopf-extra-care-shampoo-ultimate-repair?catalogId=27101",
    "id": "c8143001p-400003259687",
    "store": "coles",
    "name": "Extra Care Ultimate Repair Shampoo",
    "brand": "Schwarzkopf",
    "price": 3.45,
    "orgPrice": 6.9,
    "categoryIds": ["health-beauty"],
    "imagePath": "https://shop.coles.com.au/wcsstore/Coles-CAS/images/8/1/4/8143001.jpg",
    "cupPrice": "$0.86 per 100ml",
    "unit": "ea",
    "packageSize": "400ml",
    "barcode": ["400003259687", "9310714211403"],
    "isAvailable": true,
    "locations": ["vic", "sa", "qld", "nsw", "wa", "act", "nt"]
  },
  {
    "apiUrl": "https://shop.coles.com.au/search/resources/store/20529/productview/bySeoUrlKeyword/schwarzkopf-extra-care-hair-conditioner-liquid-silk?catalogId=27101",
    "id": "c8143012p-9310714211410",
    "store": "coles",
    "name": "Extra Care Ultimate Hair Repair Conditioner",
    "brand": "Schwarzkopf",
    "price": 3.45,
    "orgPrice": 6.9,
    "categoryIds": ["health-beauty"],
    "imagePath": "https://shop.coles.com.au/wcsstore/Coles-CAS/images/8/1/4/8143012.jpg",
    "cupPrice": "$0.86 per 100ml",
    "unit": "ea",
    "packageSize": "400ml",
    "barcode": ["9310714211410", "400003649877"],
    "isAvailable": true,
    "locations": ["vic", "sa", "qld", "nsw", "wa", "act", "nt"]
  },
  {
    "apiUrl": "https://shop.coles.com.au/search/resources/store/20529/productview/bySeoUrlKeyword/colgate-360-degree-toothbrush-adult-soft-4155756p?catalogId=27101",
    "id": "c4155756p-8714789183824",
    "store": "coles",
    "name": "360 Degree Soft Toothbrush",
    "brand": "Colgate",
    "price": 2.5,
    "orgPrice": 5,
    "categoryIds": ["health-beauty"],
    "imagePath": "https://shop.coles.com.au/wcsstore/Coles-CAS/images/4/1/5/4155756.jpg",
    "cupPrice": "$2.50 per 1ea",
    "unit": "ea",
    "packageSize": "1 pack",
    "barcode": ["8714789183824"],
    "isAvailable": true,
    "locations": ["vic", "sa", "qld", "nsw", "wa", "act", "nt"]
  },
  {
    "apiUrl": "https://shop.coles.com.au/search/resources/store/20529/productview/bySeoUrlKeyword/schwarzkopf-shampoo-extra-care-marrakesh?catalogId=27101",
    "id": "c9192851p-9310714213087",
    "store": "coles",
    "name": "Extra Care Marrakesh Oil And Coconut Shampoo",
    "brand": "Schwarzkopf",
    "price": 3.45,
    "orgPrice": 6.9,
    "categoryIds": ["health-beauty"],
    "imagePath": "https://shop.coles.com.au/wcsstore/Coles-CAS/images/9/1/9/9192851.jpg",
    "cupPrice": "$0.86 per 100ml",
    "unit": "ea",
    "packageSize": "400ml",
    "barcode": ["9310714213087"],
    "isAvailable": true,
    "locations": ["vic", "sa", "qld", "nsw", "wa", "act", "nt"]
  },
  {
    "apiUrl": "https://shop.coles.com.au/search/resources/store/20529/productview/bySeoUrlKeyword/nivea-cellular-antiage-day-cream-spf15?catalogId=27101",
    "id": "c2207270p-4005900125385",
    "store": "coles",
    "name": "Cellular Anti Age Day Cream Face Moisturiser SPF15 for Mature Skin",
    "brand": "Nivea",
    "price": 14,
    "orgPrice": 28,
    "categoryIds": ["health-beauty"],
    "imagePath": "https://shop.coles.com.au/wcsstore/Coles-CAS/images/2/2/0/2207270.jpg",
    "cupPrice": "$28.00 per 100ml",
    "unit": "ea",
    "packageSize": "50ml",
    "barcode": ["4005900125385", "4005900519139"],
    "isAvailable": true,
    "locations": ["vic", "sa", "qld", "nsw", "wa", "act", "nt"]
  },
  {
    "apiUrl": "https://shop.coles.com.au/search/resources/store/20529/productview/bySeoUrlKeyword/nivea-indulge-body-lotion-cocoa?catalogId=27101",
    "id": "c3240543p",
    "store": "coles",
    "name": "Cocoa & Indulging  Body Lotion Moisturiser + Vitamin E",
    "brand": "Nivea",
    "price": 4,
    "orgPrice": 8,
    "categoryIds": ["health-beauty"],
    "imagePath": "https://shop.coles.com.au/wcsstore/Coles-CAS/images/3/2/4/3240543.jpg",
    "cupPrice": "$1.00 per 100ml",
    "unit": "ea",
    "packageSize": "400ml",
    "barcode": null,
    "isAvailable": true,
    "locations": ["vic", "sa", "qld", "nsw", "wa", "act", "nt"]
  },
  {
    "apiUrl": "https://shop.coles.com.au/search/resources/store/20529/productview/bySeoUrlKeyword/nivea-roll-on-deodorant-black-white-silky-touch?catalogId=27101",
    "id": "c3363066p-4005900542762",
    "store": "coles",
    "name": "Black And White Invisible Silky Smooth Roll On Antiperspirant Deodorant",
    "brand": "Nivea",
    "price": 1.75,
    "orgPrice": 3.5,
    "categoryIds": ["health-beauty"],
    "imagePath": "https://shop.coles.com.au/wcsstore/Coles-CAS/images/3/3/6/3363066.jpg",
    "cupPrice": "$3.50 per 100ml",
    "unit": "ea",
    "packageSize": "50ml",
    "barcode": ["4005900542762"],
    "isAvailable": true,
    "locations": ["vic", "sa", "qld", "nsw", "wa", "act", "nt"]
  },
  {
    "apiUrl": "https://shop.coles.com.au/search/resources/store/20529/productview/bySeoUrlKeyword/colgate-plax-mouthwash-bambo-charcoal-mint?catalogId=27101",
    "id": "c3694154p-8850006932155",
    "store": "coles",
    "name": "Plax Mouthwash Bamboo Charcoal Mint",
    "brand": "Colgate",
    "price": 2,
    "orgPrice": 4,
    "categoryIds": ["health-beauty"],
    "imagePath": "https://shop.coles.com.au/wcsstore/Coles-CAS/images/3/6/9/3694154.jpg",
    "cupPrice": "$0.80 per 100ml",
    "unit": "ea",
    "packageSize": "250ml",
    "barcode": ["8850006932155"],
    "isAvailable": true,
    "locations": ["vic", "sa", "qld", "nsw", "wa", "act", "nt"]
  },
  {
    "apiUrl": "https://shop.coles.com.au/search/resources/store/20529/productview/bySeoUrlKeyword/organix-conditioner-biotin-collagen?catalogId=27101",
    "id": "c1255346p-022796916716",
    "store": "coles",
    "name": "Biotin & Collagen Conditioner",
    "brand": "Ogx",
    "price": 10,
    "orgPrice": 20,
    "categoryIds": ["health-beauty"],
    "imagePath": "https://shop.coles.com.au/wcsstore/Coles-CAS/images/1/2/5/1255346.jpg",
    "cupPrice": "$2.60 per 100ml",
    "unit": "ea",
    "packageSize": "385ml",
    "barcode": ["022796916716"],
    "isAvailable": true,
    "locations": ["vic", "sa", "qld", "nsw", "wa", "act", "nt"]
  },
  {
    "apiUrl": "https://shop.coles.com.au/search/resources/store/20529/productview/bySeoUrlKeyword/hask-argan-shampoo?catalogId=27101",
    "id": "c2940175p-400003389155",
    "store": "coles",
    "name": "Argan Oil Shampoo",
    "brand": "Hask",
    "price": 7.5,
    "orgPrice": 15,
    "categoryIds": ["health-beauty"],
    "imagePath": "https://shop.coles.com.au/wcsstore/Coles-CAS/images/2/9/4/2940175.jpg",
    "cupPrice": "$2.11 per 100ml",
    "unit": "ea",
    "packageSize": "355ml",
    "barcode": ["400003389155", "071164343166"],
    "isAvailable": true,
    "locations": ["vic", "sa", "qld", "nsw", "wa", "act", "nt"]
  },
  {
    "apiUrl": "https://shop.coles.com.au/search/resources/store/20529/productview/bySeoUrlKeyword/ogx-extra-strength-damage-remedy-coconut-oil-conditioner?catalogId=27101",
    "id": "c2940073p-022796901217",
    "store": "coles",
    "name": "Extra Strength Damage Remedy Coconut Oil Conditioner",
    "brand": "Ogx",
    "price": 10.5,
    "orgPrice": 21,
    "categoryIds": ["health-beauty"],
    "imagePath": "https://shop.coles.com.au/wcsstore/Coles-CAS/images/2/9/4/2940073.jpg",
    "cupPrice": "$2.73 per 100ml",
    "unit": "ea",
    "packageSize": "385ml",
    "barcode": ["022796901217"],
    "isAvailable": true,
    "locations": ["vic", "sa", "qld", "nsw", "wa", "act", "nt"]
  },
  {
    "apiUrl": "https://shop.coles.com.au/search/resources/store/20529/productview/bySeoUrlKeyword/ogx-extra-strength-damage-remedy-coconut-oil-shampoo?catalogId=27101",
    "id": "c2940051p-022796901200",
    "store": "coles",
    "name": "Extra Strength Damage Remedy Coconut Oil Shampoo",
    "brand": "Ogx",
    "price": 10.5,
    "orgPrice": 21,
    "categoryIds": ["health-beauty"],
    "imagePath": "https://shop.coles.com.au/wcsstore/Coles-CAS/images/2/9/4/2940051.jpg",
    "cupPrice": "$2.73 per 100ml",
    "unit": "ea",
    "packageSize": "385ml",
    "barcode": ["022796901200"],
    "isAvailable": true,
    "locations": ["vic", "sa", "qld", "nsw", "wa", "act", "nt"]
  },
  {
    "apiUrl": "https://shop.coles.com.au/search/resources/store/20529/productview/bySeoUrlKeyword/garnier-micellar-cleans-water?catalogId=27101",
    "id": "c3152548p-3600541975071",
    "store": "coles",
    "name": "Micellar Cleansing Water",
    "brand": "Garnier",
    "price": 10,
    "orgPrice": 20,
    "categoryIds": ["health-beauty"],
    "imagePath": "https://shop.coles.com.au/wcsstore/Coles-CAS/images/3/1/5/3152548.jpg",
    "cupPrice": "$1.43 per 100ml",
    "unit": "ea",
    "packageSize": "700ml",
    "barcode": ["3600541975071"],
    "isAvailable": true,
    "locations": ["vic", "sa", "qld", "nsw", "wa", "act", "nt"]
  },
  {
    "apiUrl": "https://shop.coles.com.au/search/resources/store/20529/productview/bySeoUrlKeyword/nivea-lemongrass-shower-oil?catalogId=27101",
    "id": "c3515619p-9005800307503",
    "store": "coles",
    "name": "Lemongrass & Oil Shower Gel & Body Wash",
    "brand": "Nivea",
    "price": 4,
    "orgPrice": 8,
    "categoryIds": ["health-beauty"],
    "imagePath": "https://shop.coles.com.au/wcsstore/Coles-CAS/images/3/5/1/3515619.jpg",
    "cupPrice": "$0.80 per 100ml",
    "unit": "ea",
    "packageSize": "500ml",
    "barcode": ["9005800307503"],
    "isAvailable": true,
    "locations": ["vic", "sa", "qld", "nsw", "wa", "act", "nt"]
  },
  {
    "apiUrl": "https://shop.coles.com.au/search/resources/store/20529/productview/bySeoUrlKeyword/nivea-body-lotion-cocnut-monoi-oil?catalogId=27101",
    "id": "c3727151p-4005900629890",
    "store": "coles",
    "name": "Oil in Lotion Coconut & Monoi Oil Scented Body Moisturiser",
    "brand": "Nivea",
    "price": 5,
    "orgPrice": 10,
    "categoryIds": ["health-beauty"],
    "imagePath": "https://shop.coles.com.au/wcsstore/Coles-CAS/images/3/7/2/3727151.jpg",
    "cupPrice": "$1.25 per 100ml",
    "unit": "ea",
    "packageSize": "400ml",
    "barcode": ["4005900629890"],
    "isAvailable": true,
    "locations": ["vic", "sa", "qld", "nsw", "wa", "act", "nt"]
  },
  {
    "apiUrl": "https://shop.coles.com.au/search/resources/store/20529/productview/bySeoUrlKeyword/organix-serum-anti-breakage-coconut-milk?catalogId=27101",
    "id": "c6896530p-022796910080",
    "store": "coles",
    "name": "Anti Breakage Coconut Milk Serum",
    "brand": "Ogx",
    "price": 10,
    "orgPrice": 20,
    "categoryIds": ["health-beauty"],
    "imagePath": "https://shop.coles.com.au/wcsstore/Coles-CAS/images/6/8/9/6896530.jpg",
    "cupPrice": "$8.47 per 100ml",
    "unit": "ea",
    "packageSize": "118ml",
    "barcode": ["022796910080"],
    "isAvailable": true,
    "locations": ["vic", "sa", "qld", "nsw", "wa", "act", "nt"]
  },
  {
    "apiUrl": "https://shop.coles.com.au/search/resources/store/20529/productview/bySeoUrlKeyword/organix-heavenly-hydration-cherry-blossom-shampoo?catalogId=27101",
    "id": "c2321253p-022796900807",
    "store": "coles",
    "name": "Heavenly Hydration Cherry Blossom Shampoo",
    "brand": "Ogx",
    "price": 10,
    "orgPrice": 20,
    "categoryIds": ["health-beauty"],
    "imagePath": "https://shop.coles.com.au/wcsstore/Coles-CAS/images/2/3/2/2321253.jpg",
    "cupPrice": "$2.60 per 100ml",
    "unit": "ea",
    "packageSize": "385ml",
    "barcode": ["022796900807"],
    "isAvailable": true,
    "locations": ["vic", "sa", "qld", "nsw", "wa", "act", "nt"]
  },
  {
    "apiUrl": "https://shop.coles.com.au/search/resources/store/20529/productview/bySeoUrlKeyword/ogx--quenching-coconut-curls-conditioner?catalogId=27101",
    "id": "c2676179p-022796900920",
    "store": "coles",
    "name": "Quenching Coconut Curls Conditioner",
    "brand": "Ogx",
    "price": 10,
    "orgPrice": 20,
    "categoryIds": ["health-beauty"],
    "imagePath": "https://shop.coles.com.au/wcsstore/Coles-CAS/images/2/6/7/2676179.jpg",
    "cupPrice": "$2.60 per 100ml",
    "unit": "ea",
    "packageSize": "385ml",
    "barcode": ["022796900920"],
    "isAvailable": true,
    "locations": ["vic", "sa", "qld", "nsw", "wa", "act", "nt"]
  },
  {
    "apiUrl": "https://shop.coles.com.au/search/resources/store/20529/productview/bySeoUrlKeyword/garnier-bb-cream-sheer?catalogId=27101",
    "id": "c2859510p-3600541751897",
    "store": "coles",
    "name": "BB Cream Nude Effect Universal Shade",
    "brand": "Garnier",
    "price": 7.45,
    "orgPrice": 14.9,
    "categoryIds": ["health-beauty"],
    "imagePath": "https://shop.coles.com.au/wcsstore/Coles-CAS/images/2/8/5/2859510.jpg",
    "cupPrice": "$14.90 per 100ml",
    "unit": "ea",
    "packageSize": "50ml",
    "barcode": ["3600541751897"],
    "isAvailable": true,
    "locations": ["vic", "sa", "qld", "nsw", "wa", "act", "nt"]
  },
  {
    "apiUrl": "https://shop.coles.com.au/search/resources/store/20529/productview/bySeoUrlKeyword/nivea-antiperspirant-everyday-active-fresh?catalogId=27101",
    "id": "c3234303p",
    "store": "coles",
    "name": "Everyday Active Fresh Aerosol Antiperspirant Deodorant",
    "brand": "Nivea",
    "price": 3.25,
    "orgPrice": 6.5,
    "categoryIds": ["health-beauty"],
    "imagePath": "https://shop.coles.com.au/wcsstore/Coles-CAS/images/3/2/3/3234303.jpg",
    "cupPrice": "$1.30 per 100ml",
    "unit": "ea",
    "packageSize": "250ml",
    "barcode": null,
    "isAvailable": true,
    "locations": ["vic", "sa", "qld", "nsw", "wa", "act", "nt"]
  },
  {
    "apiUrl": "https://shop.coles.com.au/search/resources/store/20529/productview/bySeoUrlKeyword/organix-hevenly-hydration-cherry-blossom-conditioner?catalogId=27101",
    "id": "c2321275p-022796900814",
    "store": "coles",
    "name": "Hevenly Hydration Cherry Blossom Conditioner",
    "brand": "Ogx",
    "price": 10,
    "orgPrice": 20,
    "categoryIds": ["health-beauty"],
    "imagePath": "https://shop.coles.com.au/wcsstore/Coles-CAS/images/2/3/2/2321275.jpg",
    "cupPrice": "$2.60 per 100ml",
    "unit": "ea",
    "packageSize": "385ml",
    "barcode": ["022796900814"],
    "isAvailable": true,
    "locations": ["vic", "sa", "qld", "nsw", "wa", "act", "nt"]
  },
  {
    "apiUrl": "https://shop.coles.com.au/search/resources/store/20529/productview/bySeoUrlKeyword/ogx--quenching-coconut-curls-shampoo?catalogId=27101",
    "id": "c2675562p-022796900906",
    "store": "coles",
    "name": "Quenching Coconut Curls Shampoo",
    "brand": "Ogx",
    "price": 10,
    "orgPrice": 20,
    "categoryIds": ["health-beauty"],
    "imagePath": "https://shop.coles.com.au/wcsstore/Coles-CAS/images/2/6/7/2675562.jpg",
    "cupPrice": "$2.60 per 100ml",
    "unit": "ea",
    "packageSize": "385ml",
    "barcode": ["022796900906"],
    "isAvailable": true,
    "locations": ["vic", "sa", "qld", "nsw", "wa", "act", "nt"]
  },
  {
    "apiUrl": "https://shop.coles.com.au/search/resources/store/20529/productview/bySeoUrlKeyword/ogx-extra-strength-shampoo?catalogId=27101",
    "id": "c2675610p-022796900104",
    "store": "coles",
    "name": "Extra Strength Argan Oil Shampoo",
    "brand": "Ogx",
    "price": 10.5,
    "orgPrice": 21,
    "categoryIds": ["health-beauty"],
    "imagePath": "https://shop.coles.com.au/wcsstore/Coles-CAS/images/2/6/7/2675610.jpg",
    "cupPrice": "$2.73 per 100ml",
    "unit": "ea",
    "packageSize": "385ml",
    "barcode": ["022796900104"],
    "isAvailable": true,
    "locations": ["vic", "sa", "qld", "nsw", "wa", "act", "nt"]
  },
  {
    "apiUrl": "https://shop.coles.com.au/search/resources/store/20529/productview/bySeoUrlKeyword/hask-monoi-coconut-conditioner?catalogId=27101",
    "id": "c2940426p-400003389148",
    "store": "coles",
    "name": "Monoi Coconut Conditioner",
    "brand": "Hask",
    "price": 7.5,
    "orgPrice": 15,
    "categoryIds": ["health-beauty"],
    "imagePath": "https://shop.coles.com.au/wcsstore/Coles-CAS/images/2/9/4/2940426.jpg",
    "cupPrice": "$2.11 per 100ml",
    "unit": "ea",
    "packageSize": "355ml",
    "barcode": ["400003389148", "071164343289"],
    "isAvailable": true,
    "locations": ["vic", "sa", "qld", "nsw", "wa", "act", "nt"]
  },
  {
    "apiUrl": "https://shop.coles.com.au/search/resources/store/20529/productview/bySeoUrlKeyword/hask-monoi-coconut-shampoo?catalogId=27101",
    "id": "c2940222p-400003389131",
    "store": "coles",
    "name": "Monoi Coconut Shampoo",
    "brand": "Hask",
    "price": 7.5,
    "orgPrice": 15,
    "categoryIds": ["health-beauty"],
    "imagePath": "https://shop.coles.com.au/wcsstore/Coles-CAS/images/2/9/4/2940222.jpg",
    "cupPrice": "$2.11 per 100ml",
    "unit": "ea",
    "packageSize": "355ml",
    "barcode": ["400003389131", "071164343180"],
    "isAvailable": true,
    "locations": ["vic", "sa", "qld", "nsw", "wa", "act", "nt"]
  },
  {
    "apiUrl": "https://shop.coles.com.au/search/resources/store/20529/productview/bySeoUrlKeyword/schwarzkopf-extra-care-shampoo-ultimate-repair-3156232p?catalogId=27101",
    "id": "c3156232p-400003510528",
    "store": "coles",
    "name": "Extra Care Shampoo Ultimate Repair",
    "brand": "Schwarzkopf",
    "price": 7,
    "orgPrice": 14,
    "categoryIds": ["health-beauty"],
    "imagePath": "https://shop.coles.com.au/wcsstore/Coles-CAS/images/3/1/5/3156232.jpg",
    "cupPrice": "$0.78 per 100ml",
    "unit": "ea",
    "packageSize": "900ml",
    "barcode": ["400003510528"],
    "isAvailable": true,
    "locations": ["vic", "sa", "qld", "nsw", "wa", "act", "nt"]
  },
  {
    "apiUrl": "https://shop.coles.com.au/search/resources/store/20529/productview/bySeoUrlKeyword/nivea-antiperspirant-everyday-active?catalogId=27101",
    "id": "c3360578p-4005808816071",
    "store": "coles",
    "name": "Everyday Active Dry Antiperspirant Aerosol Deodorant",
    "brand": "Nivea",
    "price": 3.25,
    "orgPrice": 6.5,
    "categoryIds": ["health-beauty"],
    "imagePath": "https://shop.coles.com.au/wcsstore/Coles-CAS/images/3/3/6/3360578.jpg",
    "cupPrice": "$1.30 per 100ml",
    "unit": "ea",
    "packageSize": "250ml",
    "barcode": ["4005808816071"],
    "isAvailable": true,
    "locations": ["vic", "sa", "qld", "nsw", "wa", "act", "nt"]
  },
  {
    "apiUrl": "https://shop.coles.com.au/search/resources/store/20529/productview/bySeoUrlKeyword/essano-shampoo-argan?catalogId=27101",
    "id": "c3418871p-9421008702382",
    "store": "coles",
    "name": "Argan Oil Nourishing Shampoo",
    "brand": "Essano",
    "price": 8,
    "orgPrice": 16,
    "categoryIds": ["health-beauty"],
    "imagePath": "https://shop.coles.com.au/wcsstore/Coles-CAS/images/3/4/1/3418871.jpg",
    "cupPrice": "$2.67 per 100ml",
    "unit": "ea",
    "packageSize": "300ml",
    "barcode": ["9421008702382"],
    "isAvailable": true,
    "locations": ["vic", "sa", "qld", "nsw", "wa", "act", "nt"]
  },
  {
    "apiUrl": "https://shop.coles.com.au/search/resources/store/20529/productview/bySeoUrlKeyword/nivea-shower-clay-fresh-hibiscus-white-sage?catalogId=27101",
    "id": "c3515390p-4005900593450",
    "store": "coles",
    "name": "Clay Fresh Hibiscus & White Sage Shower Gel & Body Wash",
    "brand": "Nivea",
    "price": 2.8,
    "orgPrice": 5.6,
    "categoryIds": ["health-beauty"],
    "imagePath": "https://shop.coles.com.au/wcsstore/Coles-CAS/images/3/5/1/3515390.jpg",
    "cupPrice": "$1.12 per 100ml",
    "unit": "ea",
    "packageSize": "250ml",
    "barcode": ["4005900593450"],
    "isAvailable": true,
    "locations": ["vic", "sa", "qld", "nsw", "wa", "act", "nt"]
  },
  {
    "apiUrl": "https://shop.coles.com.au/search/resources/store/20529/productview/bySeoUrlKeyword/garnier-miracle-skin-perfector-cream-medium?catalogId=27101",
    "id": "c8573066p-400003245178",
    "store": "coles",
    "name": "BB Cream Medium For Normal Skin",
    "brand": "Garnier",
    "price": 7.85,
    "orgPrice": 15.7,
    "categoryIds": ["health-beauty"],
    "imagePath": "https://shop.coles.com.au/wcsstore/Coles-CAS/images/8/5/7/8573066.jpg",
    "cupPrice": "$15.70 per 100ml",
    "unit": "ea",
    "packageSize": "50ml",
    "barcode": ["400003245178", "3600541124745"],
    "isAvailable": true,
    "locations": ["vic", "sa", "qld", "nsw", "wa", "act", "nt"]
  },
  {
    "apiUrl": "https://shop.coles.com.au/search/resources/store/20529/productview/bySeoUrlKeyword/garnier-proactive-charcoal-scrub-gel?catalogId=27101",
    "id": "c1683984p-3600541266209",
    "store": "coles",
    "name": "Anti-Blackhead Charcoal Scrub Gel",
    "brand": "Garnier",
    "price": 6.25,
    "orgPrice": 12.5,
    "categoryIds": ["health-beauty"],
    "imagePath": "https://shop.coles.com.au/wcsstore/Coles-CAS/images/1/6/8/1683984.jpg",
    "cupPrice": "$4.17 per 100ml",
    "unit": "ea",
    "packageSize": "150ml",
    "barcode": ["3600541266209"],
    "isAvailable": true,
    "locations": ["vic", "sa", "qld", "nsw", "wa", "act", "nt"]
  },
  {
    "apiUrl": "https://shop.coles.com.au/search/resources/store/20529/productview/bySeoUrlKeyword/ogx-extra-strength-damage-remedy-coconut-oil-conditioner-2940109p?catalogId=27101",
    "id": "c2940109p-022796901224",
    "store": "coles",
    "name": "Extra Strength Coconut Miracle Oil",
    "brand": "Ogx",
    "price": 10.5,
    "orgPrice": 21,
    "categoryIds": ["health-beauty"],
    "imagePath": "https://shop.coles.com.au/wcsstore/Coles-CAS/images/2/9/4/2940109.jpg",
    "cupPrice": "$10.50 per 100ml",
    "unit": "ea",
    "packageSize": "100ml",
    "barcode": ["022796901224"],
    "isAvailable": true,
    "locations": ["vic", "sa", "qld", "nsw", "wa", "act", "nt"]
  },
  {
    "apiUrl": "https://shop.coles.com.au/search/resources/store/20529/productview/bySeoUrlKeyword/nivea-men-deo--black-white-fresh-roll-on?catalogId=27101",
    "id": "c3049006p-4005900372628",
    "store": "coles",
    "name": "Men Invisible Black & White Fresh Roll On Antiperspirant Deodorant",
    "brand": "Nivea",
    "price": 1.75,
    "orgPrice": 3.5,
    "categoryIds": ["health-beauty"],
    "imagePath": "https://shop.coles.com.au/wcsstore/Coles-CAS/images/3/0/4/3049006.jpg",
    "cupPrice": "$3.50 per 100ml",
    "unit": "ea",
    "packageSize": "50ml",
    "barcode": ["4005900372628"],
    "isAvailable": true,
    "locations": ["vic", "sa", "qld", "nsw", "wa", "act", "nt"]
  },
  {
    "apiUrl": "https://shop.coles.com.au/search/resources/store/20529/productview/bySeoUrlKeyword/nivea-men-roll-on-deep?catalogId=27101",
    "id": "c3363022p",
    "store": "coles",
    "name": "Men Deep Roll On Antiperspirant Deodorant",
    "brand": "Nivea",
    "price": 1.75,
    "orgPrice": 3.5,
    "categoryIds": ["health-beauty"],
    "imagePath": "https://shop.coles.com.au/wcsstore/Coles-CAS/images/3/3/6/3363022.jpg",
    "cupPrice": "$3.50 per 100ml",
    "unit": "ea",
    "packageSize": "50ml",
    "barcode": null,
    "isAvailable": true,
    "locations": ["vic", "sa", "qld", "nsw", "wa", "act", "nt"]
  },
  {
    "apiUrl": "https://shop.coles.com.au/search/resources/store/20529/productview/bySeoUrlKeyword/ogx-extra-strength-penetrating-oil?catalogId=27101",
    "id": "c3732355p-022796916167",
    "store": "coles",
    "name": "Penetrating Oil Extra Strength",
    "brand": "Ogx",
    "price": 12.5,
    "orgPrice": 25,
    "categoryIds": ["health-beauty"],
    "imagePath": "https://shop.coles.com.au/wcsstore/Coles-CAS/images/3/7/3/3732355.jpg",
    "cupPrice": "$12.50 per 100ml",
    "unit": "ea",
    "packageSize": "100ml",
    "barcode": ["022796916167"],
    "isAvailable": true,
    "locations": ["vic", "sa", "qld", "nsw", "wa", "act", "nt"]
  },
  {
    "apiUrl": "https://shop.coles.com.au/search/resources/store/20529/productview/bySeoUrlKeyword/garnier-bb-medium-anti-ageing-cream?catalogId=27101",
    "id": "c1685651p-3600541228535",
    "store": "coles",
    "name": "BB Cream Anti Ageing Medium",
    "brand": "Garnier",
    "price": 7.87,
    "orgPrice": 15.75,
    "categoryIds": ["health-beauty"],
    "imagePath": "https://shop.coles.com.au/wcsstore/Coles-CAS/images/1/6/8/1685651.jpg",
    "cupPrice": "$1.57 per 10ml",
    "unit": "ea",
    "packageSize": "50ml",
    "barcode": ["3600541228535"],
    "isAvailable": true,
    "locations": ["vic", "sa", "qld", "nsw", "wa", "act", "nt"]
  },
  {
    "apiUrl": "https://shop.coles.com.au/search/resources/store/20529/productview/bySeoUrlKeyword/ogx-ex-strength-conditioner?catalogId=27101",
    "id": "c2676973p-022796900111",
    "store": "coles",
    "name": "Extra Strength Argan Oil Of Morocco Conditioner",
    "brand": "Ogx",
    "price": 10.5,
    "orgPrice": 21,
    "categoryIds": ["health-beauty"],
    "imagePath": "https://shop.coles.com.au/wcsstore/Coles-CAS/images/2/6/7/2676973.jpg",
    "cupPrice": "$2.73 per 100ml",
    "unit": "ea",
    "packageSize": "385ml",
    "barcode": ["022796900111"],
    "isAvailable": true,
    "locations": ["vic", "sa", "qld", "nsw", "wa", "act", "nt"]
  },
  {
    "apiUrl": "https://shop.coles.com.au/search/resources/store/20529/productview/bySeoUrlKeyword/garnier-pure-active-3-in-1-chrcoal-wash?catalogId=27101",
    "id": "c2859532p-3600541921122",
    "store": "coles",
    "name": "Pure Active 3 In 1 Charcoal Wash",
    "brand": "Garnier",
    "price": 5.95,
    "orgPrice": 11.9,
    "categoryIds": ["health-beauty"],
    "imagePath": "https://shop.coles.com.au/wcsstore/Coles-CAS/images/2/8/5/2859532.jpg",
    "cupPrice": "$3.97 per 100ml",
    "unit": "ea",
    "packageSize": "150ml",
    "barcode": ["3600541921122"],
    "isAvailable": true,
    "locations": ["vic", "sa", "qld", "nsw", "wa", "act", "nt"]
  },
  {
    "apiUrl": "https://shop.coles.com.au/search/resources/store/20529/productview/bySeoUrlKeyword/nivea-roll-on-deodorant-everyday-active?catalogId=27101",
    "id": "c3365822p-4005808816118",
    "store": "coles",
    "name": "Everyday Active Dry Roll On Antiperspirant Deodorant",
    "brand": "Nivea",
    "price": 1.75,
    "orgPrice": 3.5,
    "categoryIds": ["health-beauty"],
    "imagePath": "https://shop.coles.com.au/wcsstore/Coles-CAS/images/3/3/6/3365822.jpg",
    "cupPrice": "$3.50 per 100ml",
    "unit": "ea",
    "packageSize": "50ml",
    "barcode": ["4005808816118"],
    "isAvailable": true,
    "locations": ["vic", "sa", "qld", "nsw", "wa", "act", "nt"]
  },
  {
    "apiUrl": "https://shop.coles.com.au/search/resources/store/20529/productview/bySeoUrlKeyword/nivea-shower-clay-fresh-blue-agave-lavendar?catalogId=27101",
    "id": "c3515380p-4005900593443",
    "store": "coles",
    "name": "Clay Fresh Blue Agave & Lavender Shower Gel & Body Wash",
    "brand": "Nivea",
    "price": 2.8,
    "orgPrice": 5.6,
    "categoryIds": ["health-beauty"],
    "imagePath": "https://shop.coles.com.au/wcsstore/Coles-CAS/images/3/5/1/3515380.jpg",
    "cupPrice": "$1.12 per 100ml",
    "unit": "ea",
    "packageSize": "250ml",
    "barcode": ["4005900593443"],
    "isAvailable": true,
    "locations": ["vic", "sa", "qld", "nsw", "wa", "act", "nt"]
  },
  {
    "apiUrl": "https://shop.coles.com.au/search/resources/store/20529/productview/bySeoUrlKeyword/nivea-shower-creme-oils-ylang-ylang?catalogId=27101",
    "id": "c3227170p",
    "store": "coles",
    "name": "Shower Gel & Body Wash Creme & Oil Pearls Ylang Ylang",
    "brand": "Nivea",
    "price": 3,
    "orgPrice": 6,
    "categoryIds": ["health-beauty"],
    "imagePath": "https://shop.coles.com.au/wcsstore/Coles-CAS/images/3/2/2/3227170.jpg",
    "cupPrice": "$1.20 per 100ml",
    "unit": "ea",
    "packageSize": "250ml",
    "barcode": null,
    "isAvailable": true,
    "locations": ["vic", "sa", "qld", "nsw", "wa", "act", "nt"]
  },
  {
    "apiUrl": "https://shop.coles.com.au/search/resources/store/20529/productview/bySeoUrlKeyword/garnier-hydrabomb-eye-mask-orange?catalogId=27101",
    "id": "c3239544p",
    "store": "coles",
    "name": "Orange Juice & Hyaluronic Acid Hydra Bomb Eye Tissue Mask",
    "brand": "Garnier",
    "price": 2,
    "orgPrice": 4,
    "categoryIds": ["health-beauty"],
    "imagePath": "https://shop.coles.com.au/wcsstore/Coles-CAS/images/3/2/3/3239544.jpg",
    "cupPrice": "$33.34 per 100g",
    "unit": "ea",
    "packageSize": "6g",
    "barcode": null,
    "isAvailable": true,
    "locations": ["vic", "sa", "qld", "nsw", "wa", "act", "nt"]
  },
  {
    "apiUrl": "https://shop.coles.com.au/search/resources/store/20529/productview/bySeoUrlKeyword/nivea-men-roll-on-everyday-active-fresh?catalogId=27101",
    "id": "c3363011p-4005900510013",
    "store": "coles",
    "name": "Men Everyday Active Fresh Roll On Antiperspirant Deodorant",
    "brand": "Nivea",
    "price": 1.75,
    "orgPrice": 3.5,
    "categoryIds": ["health-beauty"],
    "imagePath": "https://shop.coles.com.au/wcsstore/Coles-CAS/images/3/3/6/3363011.jpg",
    "cupPrice": "$3.50 per 100ml",
    "unit": "ea",
    "packageSize": "50ml",
    "barcode": ["4005900510013"],
    "isAvailable": true,
    "locations": ["vic", "sa", "qld", "nsw", "wa", "act", "nt"]
  },
  {
    "apiUrl": "https://shop.coles.com.au/search/resources/store/20529/productview/bySeoUrlKeyword/essano-conditioner-argan?catalogId=27101",
    "id": "c3419014p-9421008702399",
    "store": "coles",
    "name": "Argan Oil Nourishing Conditioner",
    "brand": "Essano",
    "price": 8,
    "orgPrice": 16,
    "categoryIds": ["health-beauty"],
    "imagePath": "https://shop.coles.com.au/wcsstore/Coles-CAS/images/3/4/1/3419014.jpg",
    "cupPrice": "$2.67 per 100ml",
    "unit": "ea",
    "packageSize": "300ml",
    "barcode": ["9421008702399"],
    "isAvailable": true,
    "locations": ["vic", "sa", "qld", "nsw", "wa", "act", "nt"]
  },
  {
    "apiUrl": "https://shop.coles.com.au/search/resources/store/20529/productview/bySeoUrlKeyword/nivea-body-lotion-aloe-vera?catalogId=27101",
    "id": "c3727140p-4005900717931",
    "store": "coles",
    "name": "Hydrating Body Lotion Moisturiser + Aloe Vera",
    "brand": "Nivea",
    "price": 4,
    "orgPrice": 8,
    "categoryIds": ["health-beauty"],
    "imagePath": "https://shop.coles.com.au/wcsstore/Coles-CAS/images/3/7/2/3727140.jpg",
    "cupPrice": "$1.00 per 100ml",
    "unit": "ea",
    "packageSize": "400ml",
    "barcode": ["4005900717931"],
    "isAvailable": true,
    "locations": ["vic", "sa", "qld", "nsw", "wa", "nt"]
  },
  {
    "apiUrl": "https://shop.coles.com.au/search/resources/store/20529/productview/bySeoUrlKeyword/garnier-miracle-skin-perfector-cream-light?catalogId=27101",
    "id": "c8573088p-3600541124738",
    "store": "coles",
    "name": "BB Cream Original Light",
    "brand": "Garnier",
    "price": 7.87,
    "orgPrice": 15.75,
    "categoryIds": ["health-beauty"],
    "imagePath": "https://shop.coles.com.au/wcsstore/Coles-CAS/images/8/5/7/8573088.jpg",
    "cupPrice": "$15.74 per 100ml",
    "unit": "ea",
    "packageSize": "50ml",
    "barcode": ["3600541124738", "400003245161"],
    "isAvailable": true,
    "locations": ["vic", "sa", "nsw", "wa", "act", "nt"]
  },
  {
    "apiUrl": "https://shop.coles.com.au/search/resources/store/20529/productview/bySeoUrlKeyword/nivea-shower-clay-fresh-ginger-basil-250ml?catalogId=27101",
    "id": "c3515368p-4005900593436",
    "store": "coles",
    "name": "Clay Fresh Ginger & Basil Shower Gel & Body Wash",
    "brand": "Nivea",
    "price": 2.8,
    "orgPrice": 5.6,
    "categoryIds": ["health-beauty"],
    "imagePath": "https://shop.coles.com.au/wcsstore/Coles-CAS/images/3/5/1/3515368.jpg",
    "cupPrice": "$1.12 per 100ml",
    "unit": "ea",
    "packageSize": "250ml",
    "barcode": ["4005900593436"],
    "isAvailable": true,
    "locations": ["vic", "sa", "qld", "nsw", "wa", "act", "nt"]
  },
  {
    "apiUrl": "https://shop.coles.com.au/search/resources/store/20529/productview/bySeoUrlKeyword/colgate-sensitive-advanced-clean?catalogId=27101",
    "id": "c3693990p-8850006930151",
    "store": "coles",
    "name": "Sensitive Advanced Clean",
    "brand": "Colgate",
    "price": 4,
    "orgPrice": 8,
    "categoryIds": ["health-beauty"],
    "imagePath": "https://shop.coles.com.au/wcsstore/Coles-CAS/images/3/6/9/3693990.jpg",
    "cupPrice": "$3.64 per 100g",
    "unit": "ea",
    "packageSize": "110g",
    "barcode": ["8850006930151"],
    "isAvailable": true,
    "locations": ["vic", "sa", "qld", "nsw", "wa", "act", "nt"]
  },
  {
    "apiUrl": "https://shop.coles.com.au/search/resources/store/20529/productview/bySeoUrlKeyword/banana-boat-simply-prot-sunscreen-lotion-spf50?catalogId=27101",
    "id": "c3566584p-9330344009997",
    "store": "coles",
    "name": "Simply Protect Sunscreen Lotion SPF 50+",
    "brand": "Banana Boat",
    "price": 8.5,
    "orgPrice": 17,
    "categoryIds": ["health-beauty"],
    "imagePath": "https://shop.coles.com.au/wcsstore/Coles-CAS/images/3/5/6/3566584.jpg",
    "cupPrice": "$17.00 per 100g",
    "unit": "ea",
    "packageSize": "50g",
    "barcode": ["9330344009997"],
    "isAvailable": true,
    "locations": ["vic", "sa", "qld", "nsw", "wa", "act", "nt"]
  },
  {
    "apiUrl": "https://shop.coles.com.au/search/resources/store/20529/productview/bySeoUrlKeyword/hawaiian-tropic-tan-foam-1hr-express?catalogId=27101",
    "id": "c3605788p-9330344010061",
    "store": "coles",
    "name": "Sunless Tan Self Tanning Foam",
    "brand": "Hawaiian Tropic",
    "price": 12,
    "orgPrice": 24,
    "categoryIds": ["health-beauty"],
    "imagePath": "https://shop.coles.com.au/wcsstore/Coles-CAS/images/3/6/0/3605788.jpg",
    "cupPrice": "$6.00 per 100g",
    "unit": "ea",
    "packageSize": "200g",
    "barcode": ["9330344010061"],
    "isAvailable": true,
    "locations": ["vic", "sa", "qld", "nsw", "wa", "act", "nt"]
  },
  {
    "apiUrl": "https://shop.coles.com.au/search/resources/store/20529/productview/bySeoUrlKeyword/ogx-shampoo-detox-pomegranate-ginger?catalogId=27101",
    "id": "c3155976p",
    "store": "coles",
    "name": "Detoxifying Pomegranate & Ginger Shampoo",
    "brand": "Ogx",
    "price": 10,
    "orgPrice": 20,
    "categoryIds": ["health-beauty"],
    "imagePath": "https://shop.coles.com.au/wcsstore/Coles-CAS/images/3/1/5/3155976.jpg",
    "cupPrice": "$2.60 per 100ml",
    "unit": "ea",
    "packageSize": "385ml",
    "barcode": null,
    "isAvailable": true,
    "locations": ["vic", "sa", "qld", "nsw", "wa", "act", "nt"]
  },
  {
    "apiUrl": "https://shop.coles.com.au/search/resources/store/20529/productview/bySeoUrlKeyword/garnier-micellar-milky-water?catalogId=27101",
    "id": "c3532731p-3600542137355",
    "store": "coles",
    "name": "Skin Active Micellar Cleansing Milky Water",
    "brand": "Garnier",
    "price": 7.5,
    "orgPrice": 15,
    "categoryIds": ["health-beauty"],
    "imagePath": "https://shop.coles.com.au/wcsstore/Coles-CAS/images/3/5/3/3532731.jpg",
    "cupPrice": "$1.88 per 100ml",
    "unit": "ea",
    "packageSize": "400ml",
    "barcode": ["3600542137355", "3600542137935"],
    "isAvailable": true,
    "locations": ["vic", "sa", "qld", "nsw", "wa", "act", "nt"]
  },
  {
    "apiUrl": "https://shop.coles.com.au/search/resources/store/20529/productview/bySeoUrlKeyword/garnier-pure-charcoal-mask-black-algae?catalogId=27101",
    "id": "c3557845p-6923700950977",
    "store": "coles",
    "name": "Pure Charcoal Tissue Mask",
    "brand": "Garnier",
    "price": 3,
    "orgPrice": 6,
    "categoryIds": ["health-beauty"],
    "imagePath": "https://shop.coles.com.au/wcsstore/Coles-CAS/images/3/5/5/3557845.jpg",
    "cupPrice": "$1.07 per 10g",
    "unit": "ea",
    "packageSize": "28g",
    "barcode": ["6923700950977"],
    "isAvailable": true,
    "locations": ["vic", "sa", "qld", "nsw", "wa", "act", "nt"]
  },
  {
    "apiUrl": "https://shop.coles.com.au/search/resources/store/20529/productview/bySeoUrlKeyword/garnier-hydrabomb-eye-msk-antiage?catalogId=27101",
    "id": "c3559625p-400003521395",
    "store": "coles",
    "name": "Hydra Bomb Eye Tissue Mask",
    "brand": "Garnier",
    "price": 2,
    "orgPrice": 4,
    "categoryIds": ["health-beauty"],
    "imagePath": "https://shop.coles.com.au/wcsstore/Coles-CAS/images/3/5/5/3559625.jpg",
    "cupPrice": "$2.00 per 1ea",
    "unit": "ea",
    "packageSize": "1 each",
    "barcode": ["400003521395", "6923700952308"],
    "isAvailable": true,
    "locations": ["vic", "sa", "qld", "nsw", "wa", "act", "nt"]
  },
  {
    "apiUrl": "https://shop.coles.com.au/search/resources/store/20529/productview/bySeoUrlKeyword/ogx-conditioner-hyd-rev-lavender-platinum?catalogId=27101",
    "id": "c3155455p",
    "store": "coles",
    "name": "Hydrate And Color Reviving Lavender Platinum Conditioner",
    "brand": "Ogx",
    "price": 10,
    "orgPrice": 20,
    "categoryIds": ["health-beauty"],
    "imagePath": "https://shop.coles.com.au/wcsstore/Coles-CAS/images/3/1/5/3155455.jpg",
    "cupPrice": "$2.60 per 100ml",
    "unit": "ea",
    "packageSize": "385ml",
    "barcode": null,
    "isAvailable": true,
    "locations": ["vic", "sa", "qld", "nsw", "wa", "act", "nt"]
  },
  {
    "apiUrl": "https://shop.coles.com.au/search/resources/store/20529/productview/bySeoUrlKeyword/ogx-shampoo-green-tea-fitness?catalogId=27101",
    "id": "c3423281p-022796610515",
    "store": "coles",
    "name": "Green Tea Fitness Shampoo",
    "brand": "Ogx",
    "price": 10,
    "orgPrice": 20,
    "categoryIds": ["health-beauty"],
    "imagePath": "https://shop.coles.com.au/wcsstore/Coles-CAS/images/3/4/2/3423281.jpg",
    "cupPrice": "$2.60 per 100ml",
    "unit": "ea",
    "packageSize": "385ml",
    "barcode": ["022796610515"],
    "isAvailable": true,
    "locations": ["vic", "sa", "qld", "nsw", "wa", "act", "nt"]
  },
  {
    "apiUrl": "https://shop.coles.com.au/search/resources/store/20529/productview/bySeoUrlKeyword/garnier-hydrabomb-tissue-mask-lavender?catalogId=27101",
    "id": "c3557823p-6923700950946",
    "store": "coles",
    "name": "Hydra Bomb Lavender Tissue Mask",
    "brand": "Garnier",
    "price": 3,
    "orgPrice": 6,
    "categoryIds": ["health-beauty"],
    "imagePath": "https://shop.coles.com.au/wcsstore/Coles-CAS/images/3/5/5/3557823.jpg",
    "cupPrice": "$0.94 per 10g",
    "unit": "ea",
    "packageSize": "32g",
    "barcode": ["6923700950946"],
    "isAvailable": true,
    "locations": ["vic", "sa", "qld", "nsw", "wa", "act", "nt"]
  },
  {
    "apiUrl": "https://shop.coles.com.au/search/resources/store/20529/productview/bySeoUrlKeyword/ogx-shampoo-hyd-rev-lavender-platinum?catalogId=27101",
    "id": "c3155444p",
    "store": "coles",
    "name": "Hydrate And Color Reviving Lavender Platinum Shampoo",
    "brand": "Ogx",
    "price": 10,
    "orgPrice": 20,
    "categoryIds": ["health-beauty"],
    "imagePath": "https://shop.coles.com.au/wcsstore/Coles-CAS/images/3/1/5/3155444.jpg",
    "cupPrice": "$2.60 per 100ml",
    "unit": "ea",
    "packageSize": "385ml",
    "barcode": null,
    "isAvailable": true,
    "locations": ["vic", "sa", "qld", "nsw", "wa", "act", "nt"]
  },
  {
    "apiUrl": "https://shop.coles.com.au/search/resources/store/20529/productview/bySeoUrlKeyword/garnier-fresh-mix-vitamin-c?catalogId=27101",
    "id": "c3239566p",
    "store": "coles",
    "name": "Skin Active Vitamin C Shot Fresh Mix Tissue Mask",
    "brand": "Garnier",
    "price": 3.5,
    "orgPrice": 7,
    "categoryIds": ["health-beauty"],
    "imagePath": "https://shop.coles.com.au/wcsstore/Coles-CAS/images/3/2/3/3239566.jpg",
    "cupPrice": "$10.61 per 100g",
    "unit": "ea",
    "packageSize": "33g",
    "barcode": null,
    "isAvailable": true,
    "locations": ["vic", "sa", "qld", "nsw", "nt"]
  },
  {
    "apiUrl": "https://shop.coles.com.au/search/resources/store/20529/productview/bySeoUrlKeyword/finish-0-dishwashing-tablets-3513318p?catalogId=27101",
    "id": "c3513318p-9300701848491",
    "store": "coles",
    "name": "Dishwasher Tablets",
    "brand": "Finish",
    "price": 16,
    "orgPrice": 32,
    "categoryIds": ["household"],
    "imagePath": "https://shop.coles.com.au/wcsstore/Coles-CAS/images/3/5/1/3513318.jpg",
    "cupPrice": "$0.38 per 1ea",
    "unit": "ea",
    "packageSize": "42 pack",
    "barcode": ["9300701848491"],
    "isAvailable": true,
    "locations": ["vic", "sa", "qld", "nsw", "wa", "tas", "act", "nt"]
  },
  {
    "apiUrl": "https://shop.coles.com.au/search/resources/store/20529/productview/bySeoUrlKeyword/finish-dishwash-quantum-ultimate-pro-lemon-3679150p?catalogId=27101",
    "id": "c3679150p-9300701066512",
    "store": "coles",
    "name": "Quantum Ultimate Pro Lemon Dishwash Tablets",
    "brand": "Finish",
    "price": 16,
    "orgPrice": 32,
    "categoryIds": ["household"],
    "imagePath": "https://shop.coles.com.au/wcsstore/Coles-CAS/images/3/6/7/3679150.jpg",
    "cupPrice": "$0.50 per 1ea",
    "unit": "ea",
    "packageSize": "32 pack",
    "barcode": ["9300701066512"],
    "isAvailable": true,
    "locations": ["vic", "sa", "qld", "nsw", "wa", "tas", "act", "nt"]
  },
  {
    "apiUrl": "https://shop.coles.com.au/search/resources/store/20529/productview/bySeoUrlKeyword/finish-dishwasher-rinse-aid-regular?catalogId=27101",
    "id": "c5870735p-9300701956233",
    "store": "coles",
    "name": "Regular Rinse Aid for Dishwashers",
    "brand": "Finish",
    "price": 4.5,
    "orgPrice": null,
    "categoryIds": ["household"],
    "imagePath": "https://shop.coles.com.au/wcsstore/Coles-CAS/images/5/8/7/5870735.jpg",
    "cupPrice": "$0.90 per 100ml",
    "unit": "ea",
    "packageSize": "500ml",
    "barcode": ["9300701956233"],
    "isAvailable": true,
    "locations": ["vic", "sa", "qld", "nsw", "wa", "tas", "act", "nt"]
  },
  {
    "apiUrl": "https://shop.coles.com.au/search/resources/store/20529/productview/bySeoUrlKeyword/biozet-attack-front-top-loader-laundry-powder?catalogId=27101",
    "id": "c2597877p-4901301511591",
    "store": "coles",
    "name": "Attack Front & Top Loader Laundry Powder",
    "brand": "Biozet",
    "price": 10,
    "orgPrice": 20,
    "categoryIds": ["household"],
    "imagePath": "https://shop.coles.com.au/wcsstore/Coles-CAS/images/2/5/9/2597877.jpg",
    "cupPrice": "$5.00 per 1kg",
    "unit": "ea",
    "packageSize": "2kg",
    "barcode": ["4901301511591", "4710363961103"],
    "isAvailable": true,
    "locations": ["vic", "sa", "qld", "nsw", "wa", "tas", "act", "nt"]
  },
  {
    "apiUrl": "https://shop.coles.com.au/search/resources/store/20529/productview/bySeoUrlKeyword/biozet-attack-front-top-loader-liquid?catalogId=27101",
    "id": "c2688214p-4710363777698",
    "store": "coles",
    "name": "Attack Front & Top Loader Regular Laundry Liquid",
    "brand": "Biozet",
    "price": 10,
    "orgPrice": 20,
    "categoryIds": ["household"],
    "imagePath": "https://shop.coles.com.au/wcsstore/Coles-CAS/images/2/6/8/2688214.jpg",
    "cupPrice": "$5.00 per 1l",
    "unit": "ea",
    "packageSize": "2l",
    "barcode": ["4710363777698"],
    "isAvailable": true,
    "locations": ["vic", "sa", "qld", "nsw", "wa", "tas", "act", "nt"]
  },
  {
    "apiUrl": "https://shop.coles.com.au/search/resources/store/20529/productview/bySeoUrlKeyword/finish-quantum-ultimate-pro-baking-soda?catalogId=27101",
    "id": "c3701012p-9300701147730",
    "store": "coles",
    "name": "Quantum Ultimate Pro Baking Soda",
    "brand": "Finish",
    "price": 16,
    "orgPrice": 32,
    "categoryIds": ["household"],
    "imagePath": "https://shop.coles.com.au/wcsstore/Coles-CAS/images/3/7/0/3701012.jpg",
    "cupPrice": "$0.50 per 1ea",
    "unit": "ea",
    "packageSize": "32 pack",
    "barcode": ["9300701147730"],
    "isAvailable": true,
    "locations": ["vic", "sa", "qld", "nsw", "wa", "tas", "act", "nt"]
  },
  {
    "apiUrl": "https://shop.coles.com.au/search/resources/store/20529/productview/bySeoUrlKeyword/finish-dishwash-quantum-ultimate-pro-original?catalogId=27101",
    "id": "c3679140p-9300701066505",
    "store": "coles",
    "name": "Quantum Ultimate Pro Original Dishwash Tablets",
    "brand": "Finish",
    "price": 16,
    "orgPrice": 32,
    "categoryIds": ["household"],
    "imagePath": "https://shop.coles.com.au/wcsstore/Coles-CAS/images/3/6/7/3679140.jpg",
    "cupPrice": "$0.50 per 1ea",
    "unit": "ea",
    "packageSize": "32 pack",
    "barcode": ["9300701066505"],
    "isAvailable": true,
    "locations": ["vic", "sa", "qld", "nsw", "wa", "tas", "act", "nt"]
  },
  {
    "apiUrl": "https://shop.coles.com.au/search/resources/store/20529/productview/bySeoUrlKeyword/dynamo-prof-l-liquid-7-in-1-3774344p?catalogId=27101",
    "id": "c3774344p-9350376003701",
    "store": "coles",
    "name": "Profession 7 In 1 Laundry Liquid",
    "brand": "Dynamo",
    "price": 10,
    "orgPrice": 20,
    "categoryIds": ["household"],
    "imagePath": "https://shop.coles.com.au/wcsstore/Coles-CAS/images/3/7/7/3774344.jpg",
    "cupPrice": "$5.56 per 1l",
    "unit": "ea",
    "packageSize": "1.8l",
    "barcode": ["9350376003701"],
    "isAvailable": true,
    "locations": ["vic", "sa", "qld", "nsw", "wa", "tas", "act", "nt"]
  },
  {
    "apiUrl": "https://shop.coles.com.au/search/resources/store/20529/productview/bySeoUrlKeyword/viva-paper-towels-white-9333523p?catalogId=27101",
    "id": "c9333523p-9310088006667",
    "store": "coles",
    "name": "White Paper Towels",
    "brand": "Viva",
    "price": 1.75,
    "orgPrice": 3.5,
    "categoryIds": ["household"],
    "imagePath": "https://shop.coles.com.au/wcsstore/Coles-CAS/images/9/3/3/9333523.jpg",
    "cupPrice": "$1.46 per 100ea",
    "unit": "ea",
    "packageSize": "2 pack",
    "barcode": ["9310088006667", "9310088011883"],
    "isAvailable": true,
    "locations": ["vic", "sa", "qld", "nsw", "wa", "tas", "act", "nt"]
  },
  {
    "apiUrl": "https://shop.coles.com.au/search/resources/store/20529/productview/bySeoUrlKeyword/morning-fresh-sweet-pea-freesia-limited-edition-dishwashing-liquid?catalogId=27101",
    "id": "c2225384p-9300615055862",
    "store": "coles",
    "name": "Dishwashing Liquid Limited Edition Watermelon & Pomegranate",
    "brand": "Morning Fresh",
    "price": 2.15,
    "orgPrice": 4.3,
    "categoryIds": ["household"],
    "imagePath": "https://shop.coles.com.au/wcsstore/Coles-CAS/images/2/2/2/2225384.jpg",
    "cupPrice": "$0.54 per 100ml",
    "unit": "ea",
    "packageSize": "400ml",
    "barcode": ["9300615055862"],
    "isAvailable": true,
    "locations": ["vic", "sa", "qld", "nsw", "wa", "tas", "act", "nt"]
  },
  {
    "apiUrl": "https://shop.coles.com.au/search/resources/store/20529/productview/bySeoUrlKeyword/bref-power-active-toilet-cleaner-triple-pack-lemon?catalogId=27101",
    "id": "c3476040p-9350376002186",
    "store": "coles",
    "name": "Power Active Juicy Lemon Toilet Cleaner",
    "brand": "Bref",
    "price": 6.5,
    "orgPrice": 13,
    "categoryIds": ["household"],
    "imagePath": "https://shop.coles.com.au/wcsstore/Coles-CAS/images/3/4/7/3476040.jpg",
    "cupPrice": "$4.33 per 100g",
    "unit": "ea",
    "packageSize": "3 pack",
    "barcode": ["9350376002186"],
    "isAvailable": true,
    "locations": ["vic", "sa", "qld", "nsw", "wa", "tas", "act", "nt"]
  },
  {
    "apiUrl": "https://shop.coles.com.au/search/resources/store/20529/productview/bySeoUrlKeyword/dynamo-prof-l-liquid-odour-eliminator?catalogId=27101",
    "id": "c3774355p-9350376003756",
    "store": "coles",
    "name": "Profession Odour Eliminator Liquid",
    "brand": "Dynamo",
    "price": 10,
    "orgPrice": 20,
    "categoryIds": ["household"],
    "imagePath": "https://shop.coles.com.au/wcsstore/Coles-CAS/images/3/7/7/3774355.jpg",
    "cupPrice": "$5.56 per 1l",
    "unit": "ea",
    "packageSize": "1.8l",
    "barcode": ["9350376003756"],
    "isAvailable": true,
    "locations": ["vic", "sa", "qld", "nsw", "wa", "tas", "act", "nt"]
  },
  {
    "apiUrl": "https://shop.coles.com.au/search/resources/store/20529/productview/bySeoUrlKeyword/morning-fresh-lemon-dishwashing-liquid?catalogId=27101",
    "id": "c2225395p-9300615055909",
    "store": "coles",
    "name": "Lemon Dishwashing Liquid",
    "brand": "Morning Fresh",
    "price": 2.15,
    "orgPrice": 4.3,
    "categoryIds": ["household"],
    "imagePath": "https://shop.coles.com.au/wcsstore/Coles-CAS/images/2/2/2/2225395.jpg",
    "cupPrice": "$0.54 per 100ml",
    "unit": "ea",
    "packageSize": "400ml",
    "barcode": ["9300615055909"],
    "isAvailable": true,
    "locations": ["vic", "sa", "qld", "nsw", "wa", "tas", "act", "nt"]
  },
  {
    "apiUrl": "https://shop.coles.com.au/search/resources/store/20529/productview/bySeoUrlKeyword/morning-fresh-lime-dishwashing-liquid?catalogId=27101",
    "id": "c2225329p-9300615055800",
    "store": "coles",
    "name": "Lime Dishwashing Liquid",
    "brand": "Morning Fresh",
    "price": 2.15,
    "orgPrice": 4.3,
    "categoryIds": ["household"],
    "imagePath": "https://shop.coles.com.au/wcsstore/Coles-CAS/images/2/2/2/2225329.jpg",
    "cupPrice": "$0.54 per 100ml",
    "unit": "ea",
    "packageSize": "400ml",
    "barcode": ["9300615055800"],
    "isAvailable": true,
    "locations": ["vic", "sa", "qld", "nsw", "wa", "tas", "nt"]
  },
  {
    "apiUrl": "https://shop.coles.com.au/search/resources/store/20529/productview/bySeoUrlKeyword/bref-blue-active-triple-pack-eucalyptus?catalogId=27101",
    "id": "c3476051p-9350376003558",
    "store": "coles",
    "name": "Blue Active Eucalyptus",
    "brand": "Bref",
    "price": 6.5,
    "orgPrice": 13,
    "categoryIds": ["household"],
    "imagePath": "https://shop.coles.com.au/wcsstore/Coles-CAS/images/3/4/7/3476051.jpg",
    "cupPrice": "$4.33 per 100g",
    "unit": "ea",
    "packageSize": "3 pack",
    "barcode": ["9350376003558"],
    "isAvailable": true,
    "locations": ["vic", "sa", "qld", "nsw", "wa", "tas", "act", "nt"]
  },
  {
    "apiUrl": "https://shop.coles.com.au/search/resources/store/20529/productview/bySeoUrlKeyword/cold-power-advanced-clean-laundry-liquid-3774402p?catalogId=27101",
    "id": "c3774402p-9350376003831",
    "store": "coles",
    "name": "Advanced Clean Laundry Liquid",
    "brand": "Cold Power",
    "price": 5.5,
    "orgPrice": 11,
    "categoryIds": ["household"],
    "imagePath": "https://shop.coles.com.au/wcsstore/Coles-CAS/images/3/7/7/3774402.jpg",
    "cupPrice": "$5.50 per 1l",
    "unit": "ea",
    "packageSize": "1l",
    "barcode": ["9350376003831"],
    "isAvailable": true,
    "locations": ["vic", "sa", "qld", "nsw", "wa", "tas", "act", "nt"]
  },
  {
    "apiUrl": "https://shop.coles.com.au/search/resources/store/20529/productview/bySeoUrlKeyword/dynamo-prof-l-liquid-oxi-plus-3774300p?catalogId=27101",
    "id": "c3774300p-9350376003626",
    "store": "coles",
    "name": "Profession Oxi Plus Laundry Liquid",
    "brand": "Dynamo",
    "price": 10,
    "orgPrice": 20,
    "categoryIds": ["household"],
    "imagePath": "https://shop.coles.com.au/wcsstore/Coles-CAS/images/3/7/7/3774300.jpg",
    "cupPrice": "$5.56 per 1l",
    "unit": "ea",
    "packageSize": "1.8l",
    "barcode": ["9350376003626"],
    "isAvailable": true,
    "locations": ["vic", "sa", "qld", "nsw", "wa", "tas", "act", "nt"]
  },
  {
    "apiUrl": "https://shop.coles.com.au/search/resources/store/20529/productview/bySeoUrlKeyword/cold-power-advanced-clean-laundry-powder-3774876p?catalogId=27101",
    "id": "c3774876p-9350376004517",
    "store": "coles",
    "name": "Advanced Clean Laundry Powder",
    "brand": "Cold Power",
    "price": 5.5,
    "orgPrice": 11,
    "categoryIds": ["household"],
    "imagePath": "https://shop.coles.com.au/wcsstore/Coles-CAS/images/3/7/7/3774876.jpg",
    "cupPrice": "$5.50 per 1kg",
    "unit": "ea",
    "packageSize": "1kg",
    "barcode": ["9350376004517"],
    "isAvailable": true,
    "locations": ["vic", "sa", "qld", "nsw", "wa", "tas", "act", "nt"]
  },
  {
    "apiUrl": "https://shop.coles.com.au/search/resources/store/20529/productview/bySeoUrlKeyword/lovables-care-renew-laundry-liquid-for-blacks-darks?catalogId=27101",
    "id": "c3035792p-9350376000205",
    "store": "coles",
    "name": "Care & Renew Laundry Liquid For Blacks & Darks",
    "brand": "Lovables",
    "price": 6,
    "orgPrice": 12,
    "categoryIds": ["household"],
    "imagePath": "https://shop.coles.com.au/wcsstore/Coles-CAS/images/3/0/3/3035792.jpg",
    "cupPrice": "$4.00 per 1l",
    "unit": "ea",
    "packageSize": "1.5l",
    "barcode": ["9350376000205"],
    "isAvailable": true,
    "locations": ["vic", "sa", "qld", "nsw", "wa", "tas", "nt"]
  },
  {
    "apiUrl": "https://shop.coles.com.au/search/resources/store/20529/productview/bySeoUrlKeyword/bref-purple-active-triple-pack-lavender?catalogId=27101",
    "id": "c3476062p-9350376003565",
    "store": "coles",
    "name": "Purple Active Lavender Toilet Cleaner",
    "brand": "Bref",
    "price": 6.5,
    "orgPrice": 13,
    "categoryIds": ["household"],
    "imagePath": "https://shop.coles.com.au/wcsstore/Coles-CAS/images/3/4/7/3476062.jpg",
    "cupPrice": "$4.33 per 100g",
    "unit": "ea",
    "packageSize": "3 pack",
    "barcode": ["9350376003565"],
    "isAvailable": true,
    "locations": ["vic", "sa", "qld", "nsw", "wa", "tas", "nt"]
  },
  {
    "apiUrl": "https://shop.coles.com.au/search/resources/store/20529/productview/bySeoUrlKeyword/air-wick-pure-le-prime-cherry-blossom-19ml?catalogId=27101",
    "id": "c3411056p-9300701765552",
    "store": "coles",
    "name": "Pure Cherry Blossom Fragrance Infused With Essential Oil 19mL",
    "brand": "Air Wick",
    "price": 5.5,
    "orgPrice": 11,
    "categoryIds": ["household"],
    "imagePath": "https://shop.coles.com.au/wcsstore/Coles-CAS/images/3/4/1/3411056.jpg",
    "cupPrice": "$5.50 per 1ea",
    "unit": "ea",
    "packageSize": "1 pack",
    "barcode": ["9300701765552"],
    "isAvailable": true,
    "locations": ["vic", "sa", "qld", "nsw", "wa", "tas", "act", "nt"]
  },
  {
    "apiUrl": "https://shop.coles.com.au/search/resources/store/20529/productview/bySeoUrlKeyword/dynamo-prof-l-liquid-fre-clear?catalogId=27101",
    "id": "c3774322p-9350376003688",
    "store": "coles",
    "name": "Profession Free & Clear Laundry Liquid",
    "brand": "Dynamo",
    "price": 10,
    "orgPrice": 20,
    "categoryIds": ["household"],
    "imagePath": "https://shop.coles.com.au/wcsstore/Coles-CAS/images/3/7/7/3774322.jpg",
    "cupPrice": "$5.56 per 1l",
    "unit": "ea",
    "packageSize": "1.8l",
    "barcode": ["9350376003688"],
    "isAvailable": true,
    "locations": ["vic", "sa", "qld", "nsw", "wa", "tas", "act", "nt"]
  },
  {
    "apiUrl": "https://shop.coles.com.au/search/resources/store/20529/productview/bySeoUrlKeyword/sistema-klip-it-containers?catalogId=27101",
    "id": "c8145368p-9414202016133",
    "store": "coles",
    "name": "Klip It Container 1L",
    "brand": "Sistema",
    "price": 6.25,
    "orgPrice": 12.5,
    "categoryIds": ["household"],
    "imagePath": "https://shop.coles.com.au/wcsstore/Coles-CAS/images/8/1/4/8145368.jpg",
    "cupPrice": "$2.08 per 1ea",
    "unit": "ea",
    "packageSize": "3 pack",
    "barcode": ["9414202016133"],
    "isAvailable": true,
    "locations": ["vic", "sa", "qld", "nsw", "wa", "tas", "act", "nt"]
  },
  {
    "apiUrl": "https://shop.coles.com.au/search/resources/store/20529/productview/bySeoUrlKeyword/decor-match-ups-container-oblong-purple-500ml?catalogId=27101",
    "id": "c1898732p-9300621020403",
    "store": "coles",
    "name": "Match Ups Oblong Container 500ml",
    "brand": "Decor",
    "price": 2,
    "orgPrice": 4,
    "categoryIds": ["household"],
    "imagePath": "https://shop.coles.com.au/wcsstore/Coles-CAS/images/1/8/9/1898732.jpg",
    "cupPrice": "$2.00 per 1ea",
    "unit": "ea",
    "packageSize": "1 each",
    "barcode": ["9300621020403"],
    "isAvailable": true,
    "locations": ["vic", "sa", "qld", "nsw", "wa", "tas", "act", "nt"]
  },
  {
    "apiUrl": "https://shop.coles.com.au/search/resources/store/20529/productview/bySeoUrlKeyword/morning-fresh-dishwash-liquid?catalogId=27101",
    "id": "c3733019p-9300615067377",
    "store": "coles",
    "name": "Dishwash Liquid Strawberry Guava",
    "brand": "Morning Fresh",
    "price": 2.15,
    "orgPrice": 4.3,
    "categoryIds": ["household"],
    "imagePath": "https://shop.coles.com.au/wcsstore/Coles-CAS/images/3/7/3/3733019.jpg",
    "cupPrice": "$0.54 per 100ml",
    "unit": "ea",
    "packageSize": "400ml",
    "barcode": ["9300615067377"],
    "isAvailable": true,
    "locations": ["vic", "sa", "qld", "nsw", "wa", "tas", "act", "nt"]
  },
  {
    "apiUrl": "https://shop.coles.com.au/search/resources/store/20529/productview/bySeoUrlKeyword/decor-match-ups-container-oblong-green-800ml?catalogId=27101",
    "id": "c1898801p-9300621020397",
    "store": "coles",
    "name": "Match Ups Basics Container Oblong Green 800ml",
    "brand": "Decor",
    "price": 2.75,
    "orgPrice": 5.5,
    "categoryIds": ["household"],
    "imagePath": "https://shop.coles.com.au/wcsstore/Coles-CAS/images/1/8/9/1898801.jpg",
    "cupPrice": "$2.75 per 1ea",
    "unit": "ea",
    "packageSize": "1 each",
    "barcode": ["9300621020397"],
    "isAvailable": true,
    "locations": ["vic", "sa", "qld", "nsw", "wa", "tas", "act", "nt"]
  },
  {
    "apiUrl": "https://shop.coles.com.au/search/resources/store/20529/productview/bySeoUrlKeyword/decor-tellfresh-cupcake-storer-4l?catalogId=27101",
    "id": "c2791847p-9300621014976",
    "store": "coles",
    "name": "Tellfresh Cupcake Storer 4L",
    "brand": "Decor",
    "price": 5,
    "orgPrice": 10,
    "categoryIds": ["household"],
    "imagePath": "https://shop.coles.com.au/wcsstore/Coles-CAS/images/2/7/9/2791847.jpg",
    "cupPrice": "$5.00 per 1ea",
    "unit": "ea",
    "packageSize": "1 each",
    "barcode": ["9300621014976"],
    "isAvailable": true,
    "locations": ["vic", "sa", "qld", "nsw", "wa", "tas", "act", "nt"]
  },
  {
    "apiUrl": "https://shop.coles.com.au/search/resources/store/20529/productview/bySeoUrlKeyword/harpic-platinum-pro-shield-marine-explosion?catalogId=27101",
    "id": "c3527673p-9300701888763",
    "store": "coles",
    "name": "Platinum Pro Shield Marine Explosion Liquid Toilet Cleaner",
    "brand": "Harpic",
    "price": 2.5,
    "orgPrice": 5,
    "categoryIds": ["household"],
    "imagePath": "https://shop.coles.com.au/wcsstore/Coles-CAS/images/3/5/2/3527673.jpg",
    "cupPrice": "$0.50 per 100ml",
    "unit": "ea",
    "packageSize": "500ml",
    "barcode": ["9300701888763"],
    "isAvailable": true,
    "locations": ["vic", "sa", "qld", "nsw", "wa", "tas", "act", "nt"]
  },
  {
    "apiUrl": "https://shop.coles.com.au/search/resources/store/20529/productview/bySeoUrlKeyword/decor-match-ups-container-oblong-blue-2l?catalogId=27101",
    "id": "c1898776p-9300621020465",
    "store": "coles",
    "name": "Match Ups Basics Container Oblong Blue 2L",
    "brand": "Decor",
    "price": 3.75,
    "orgPrice": 7.5,
    "categoryIds": ["household"],
    "imagePath": "https://shop.coles.com.au/wcsstore/Coles-CAS/images/1/8/9/1898776.jpg",
    "cupPrice": "$3.75 per 1ea",
    "unit": "ea",
    "packageSize": "1 each",
    "barcode": ["9300621020465"],
    "isAvailable": true,
    "locations": ["vic", "sa", "qld", "nsw", "wa", "tas", "act", "nt"]
  },
  {
    "apiUrl": "https://shop.coles.com.au/search/resources/store/20529/productview/bySeoUrlKeyword/harpic-platinum-pro-shield-pine-forest?catalogId=27101",
    "id": "c3527695p-9300701888756",
    "store": "coles",
    "name": "Platinum Pro Shield Pine Forest Liquid Toilet Cleaner",
    "brand": "Harpic",
    "price": 2.5,
    "orgPrice": 5,
    "categoryIds": ["household"],
    "imagePath": "https://shop.coles.com.au/wcsstore/Coles-CAS/images/3/5/2/3527695.jpg",
    "cupPrice": "$0.50 per 100ml",
    "unit": "ea",
    "packageSize": "500ml",
    "barcode": ["9300701888756"],
    "isAvailable": true,
    "locations": ["vic", "sa", "qld", "nsw", "wa", "tas", "nt"]
  },
  {
    "apiUrl": "https://shop.coles.com.au/search/resources/store/20529/productview/bySeoUrlKeyword/sistema-klip-it-container-rectangular?catalogId=27101",
    "id": "c4868830p-9414202018700",
    "store": "coles",
    "name": "Klip It Rectangular Container 7L",
    "brand": "Sistema",
    "price": 6.25,
    "orgPrice": 12.5,
    "categoryIds": ["household"],
    "imagePath": "https://shop.coles.com.au/wcsstore/Coles-CAS/images/4/8/6/4868830.jpg",
    "cupPrice": "$6.25 per 1ea",
    "unit": "ea",
    "packageSize": "1 pack",
    "barcode": ["9414202018700"],
    "isAvailable": true,
    "locations": ["vic", "sa", "qld", "nsw", "wa", "tas", "act", "nt"]
  },
  {
    "apiUrl": "https://shop.coles.com.au/search/resources/store/20529/productview/bySeoUrlKeyword/sistema-klip-it-container-rectangular-4535746p?catalogId=27101",
    "id": "c4535746p-9414202018304",
    "store": "coles",
    "name": "Klip It Rectangular Container 3L",
    "brand": "Sistema",
    "price": 4,
    "orgPrice": 8,
    "categoryIds": ["household"],
    "imagePath": "https://shop.coles.com.au/wcsstore/Coles-CAS/images/4/5/3/4535746.jpg",
    "cupPrice": "$4.00 per 1ea",
    "unit": "ea",
    "packageSize": "1 pack",
    "barcode": ["9414202018304"],
    "isAvailable": true,
    "locations": ["vic", "sa", "qld", "nsw", "wa", "tas", "act", "nt"]
  },
  {
    "apiUrl": "https://shop.coles.com.au/search/resources/store/20529/productview/bySeoUrlKeyword/sistema-klip-it-container-cereal?catalogId=27101",
    "id": "c4868895p-9414202014504",
    "store": "coles",
    "name": "Klip It Cereal Container 4.2L",
    "brand": "Sistema",
    "price": 6.5,
    "orgPrice": 13,
    "categoryIds": ["household"],
    "imagePath": "https://shop.coles.com.au/wcsstore/Coles-CAS/images/4/8/6/4868895.jpg",
    "cupPrice": "$6.50 per 1ea",
    "unit": "ea",
    "packageSize": "1 pack",
    "barcode": ["9414202014504"],
    "isAvailable": true,
    "locations": ["vic", "sa", "qld", "nsw", "wa", "tas", "act", "nt"]
  },
  {
    "apiUrl": "https://shop.coles.com.au/search/resources/store/20529/productview/bySeoUrlKeyword/sistema-klip-it-container-rectangular-9432886p?catalogId=27101",
    "id": "c9432886p-9414202017000",
    "store": "coles",
    "name": "Klip It Rectangular Container 2L",
    "brand": "Sistema",
    "price": 3.1,
    "orgPrice": 6.2,
    "categoryIds": ["household"],
    "imagePath": "https://shop.coles.com.au/wcsstore/Coles-CAS/images/9/4/3/9432886.jpg",
    "cupPrice": "$3.10 per 1ea",
    "unit": "ea",
    "packageSize": "1 pack",
    "barcode": ["9414202017000"],
    "isAvailable": true,
    "locations": ["vic", "sa", "qld", "nsw", "wa", "tas", "act", "nt"]
  },
  {
    "apiUrl": "https://shop.coles.com.au/search/resources/store/20529/productview/bySeoUrlKeyword/decor-match-ups-container-oblong-orange-200ml?catalogId=27101",
    "id": "c1898812p-9300621020441",
    "store": "coles",
    "name": "Match Ups Basics Container Oblong Orange 200ml",
    "brand": "Decor",
    "price": 1.25,
    "orgPrice": 2.5,
    "categoryIds": ["household"],
    "imagePath": "https://shop.coles.com.au/wcsstore/Coles-CAS/images/1/8/9/1898812.jpg",
    "cupPrice": "$1.25 per 1ea",
    "unit": "ea",
    "packageSize": "1 each",
    "barcode": ["9300621020441"],
    "isAvailable": true,
    "locations": ["vic", "sa", "qld", "nsw", "wa", "tas", "act", "nt"]
  },
  {
    "apiUrl": "https://shop.coles.com.au/search/resources/store/20529/productview/bySeoUrlKeyword/decor-match-ups-container-oblong-red-1-litre?catalogId=27101",
    "id": "c1898743p-9300621020427",
    "store": "coles",
    "name": "Match Ups Basics Container Oblong Red 1L",
    "brand": "Decor",
    "price": 2.75,
    "orgPrice": 5.5,
    "categoryIds": ["household"],
    "imagePath": "https://shop.coles.com.au/wcsstore/Coles-CAS/images/1/8/9/1898743.jpg",
    "cupPrice": "$2.75 per 1ea",
    "unit": "ea",
    "packageSize": "1 each",
    "barcode": ["9300621020427"],
    "isAvailable": true,
    "locations": ["vic", "sa", "qld", "nsw", "wa", "tas", "act", "nt"]
  },
  {
    "apiUrl": "https://shop.coles.com.au/search/resources/store/20529/productview/bySeoUrlKeyword/air-wick-pure-le-prime-spring-delight-19ml?catalogId=27101",
    "id": "c3411045p-9300701765545",
    "store": "coles",
    "name": "Pure Spring Delight Fragance Infused With Essential Oil 19mL",
    "brand": "Air Wick",
    "price": 5.5,
    "orgPrice": 11,
    "categoryIds": ["household"],
    "imagePath": "https://shop.coles.com.au/wcsstore/Coles-CAS/images/3/4/1/3411045.jpg",
    "cupPrice": "$5.50 per 1ea",
    "unit": "ea",
    "packageSize": "1 pack",
    "barcode": ["9300701765545"],
    "isAvailable": true,
    "locations": ["vic", "sa", "qld", "nsw", "wa", "tas", "act", "nt"]
  },
  {
    "apiUrl": "https://shop.coles.com.au/search/resources/store/20529/productview/bySeoUrlKeyword/decor-match-ups-container-oblong-red-600ml?catalogId=27101",
    "id": "c1898754p-9300621020434",
    "store": "coles",
    "name": "Match Ups Basics Container Oblong Red 600ml",
    "brand": "Decor",
    "price": 2.25,
    "orgPrice": 4.5,
    "categoryIds": ["household"],
    "imagePath": "https://shop.coles.com.au/wcsstore/Coles-CAS/images/1/8/9/1898754.jpg",
    "cupPrice": "",
    "unit": "ea",
    "packageSize": "1 each",
    "barcode": ["9300621020434"],
    "isAvailable": true,
    "locations": ["vic", "sa", "qld", "nsw", "wa", "tas", "act", "nt"]
  },
  {
    "apiUrl": "https://shop.coles.com.au/search/resources/store/20529/productview/bySeoUrlKeyword/sistema-klip-it-container-rectangular-9432831p?catalogId=27101",
    "id": "c9432831p-9414202016003",
    "store": "coles",
    "name": "Klip It Rectangular Container 1L",
    "brand": "Sistema",
    "price": 2.6,
    "orgPrice": 5.2,
    "categoryIds": ["household"],
    "imagePath": "https://shop.coles.com.au/wcsstore/Coles-CAS/images/9/4/3/9432831.jpg",
    "cupPrice": "$2.60 per 1ea",
    "unit": "ea",
    "packageSize": "1 pack",
    "barcode": ["9414202016003"],
    "isAvailable": true,
    "locations": ["vic", "sa", "qld", "nsw", "wa", "tas", "act", "nt"]
  },
  {
    "apiUrl": "https://shop.coles.com.au/search/resources/store/20529/productview/bySeoUrlKeyword/sistema-klip-it--container--rectangular?catalogId=27101",
    "id": "c9432784p-9414202015402",
    "store": "coles",
    "name": "Klip It Rectangular Container 400mL",
    "brand": "Sistema",
    "price": 1.5,
    "orgPrice": 3,
    "categoryIds": ["household"],
    "imagePath": "https://shop.coles.com.au/wcsstore/Coles-CAS/images/9/4/3/9432784.jpg",
    "cupPrice": "$1.50 per 1ea",
    "unit": "ea",
    "packageSize": "1 pack",
    "barcode": ["9414202015402", "9414202615404"],
    "isAvailable": true,
    "locations": ["vic", "sa", "qld", "nsw", "wa", "tas", "act", "nt"]
  },
  {
    "apiUrl": "https://shop.coles.com.au/search/resources/store/20529/productview/bySeoUrlKeyword/decor-match-ups-container-oblong-blue-3-litre?catalogId=27101",
    "id": "c1898787p-9300621020472",
    "store": "coles",
    "name": "Match Ups Basics Container Oblong Blue 3 Litre",
    "brand": "Decor",
    "price": 4.25,
    "orgPrice": 8.5,
    "categoryIds": ["household"],
    "imagePath": "https://shop.coles.com.au/wcsstore/Coles-CAS/images/1/8/9/1898787.jpg",
    "cupPrice": "$4.25 per 1ea",
    "unit": "ea",
    "packageSize": "1 each",
    "barcode": ["9300621020472"],
    "isAvailable": true,
    "locations": ["vic", "sa", "qld", "nsw", "wa", "tas", "act", "nt"]
  },
  {
    "apiUrl": "https://shop.coles.com.au/search/resources/store/20529/productview/bySeoUrlKeyword/decor-match-ups-container-oblong-green-15l?catalogId=27101",
    "id": "c1898798p-9300621020380",
    "store": "coles",
    "name": "Match Ups Basics Container Oblong Green 1.5L",
    "brand": "Decor",
    "price": 3.25,
    "orgPrice": 6.5,
    "categoryIds": ["household"],
    "imagePath": "https://shop.coles.com.au/wcsstore/Coles-CAS/images/1/8/9/1898798.jpg",
    "cupPrice": "",
    "unit": "ea",
    "packageSize": "1 each",
    "barcode": ["9300621020380"],
    "isAvailable": true,
    "locations": ["vic", "sa", "qld", "nsw", "wa", "tas", "act", "nt"]
  },
  {
    "apiUrl": "https://shop.coles.com.au/search/resources/store/20529/productview/bySeoUrlKeyword/sistema-klip-it-container-lunch-plus?catalogId=27101",
    "id": "c8370397p-9414202016522",
    "store": "coles",
    "name": "Klip It Lunch Plus 1.2L",
    "brand": "Sistema",
    "price": 4.5,
    "orgPrice": 9,
    "categoryIds": ["household"],
    "imagePath": "https://shop.coles.com.au/wcsstore/Coles-CAS/images/8/3/7/8370397.jpg",
    "cupPrice": "$2.25 per 1ea",
    "unit": "ea",
    "packageSize": "2 pack",
    "barcode": ["9414202016522"],
    "isAvailable": true,
    "locations": ["vic", "sa", "qld", "nsw", "wa", "tas", "act", "nt"]
  },
  {
    "apiUrl": "https://shop.coles.com.au/search/resources/store/20529/productview/bySeoUrlKeyword/botanica-lqd-elctrc-prime-frsh-pnpple-tnsn-rsmry?catalogId=27101",
    "id": "c3721417p-9300701113575",
    "store": "coles",
    "name": "Fresh Pineapple & Tunisian Rosemary Liquid Electric Prime",
    "brand": "Botanica",
    "price": 6,
    "orgPrice": 12.5,
    "categoryIds": ["household"],
    "imagePath": "https://shop.coles.com.au/wcsstore/Coles-CAS/images/3/7/2/3721417.jpg",
    "cupPrice": "$31.58 per 100ml",
    "unit": "ea",
    "packageSize": "19ml",
    "barcode": ["9300701113575"],
    "isAvailable": true,
    "locations": ["vic", "sa", "qld", "nsw", "wa", "tas", "nt"]
  },
  {
    "apiUrl": "https://shop.coles.com.au/search/resources/store/20529/productview/bySeoUrlKeyword/botanica-lqd-elctrc-prime-vanilla-hmlyn-magnolia?catalogId=27101",
    "id": "c3721406p-9300701113582",
    "store": "coles",
    "name": "Vanilla & Himalayan Magnolia Liquid Electric Prime",
    "brand": "Botanica",
    "price": 6.25,
    "orgPrice": 12.5,
    "categoryIds": ["household"],
    "imagePath": "https://shop.coles.com.au/wcsstore/Coles-CAS/images/3/7/2/3721406.jpg",
    "cupPrice": "$32.89 per 100ml",
    "unit": "ea",
    "packageSize": "19ml",
    "barcode": ["9300701113582"],
    "isAvailable": true,
    "locations": ["vic", "sa", "qld", "nsw", "wa", "tas", "nt"]
  },
  {
    "apiUrl": "https://shop.coles.com.au/search/resources/store/20529/productview/bySeoUrlKeyword/bref-blue-active-toilet-flower-blossom-triple-pk?catalogId=27101",
    "id": "c3744740p-9350376004401",
    "store": "coles",
    "name": "Blue Active Toilet Flower Blossom Triple Pk",
    "brand": "Bref",
    "price": 6.5,
    "orgPrice": 13,
    "categoryIds": ["household"],
    "imagePath": "https://shop.coles.com.au/wcsstore/Coles-CAS/images/3/7/4/3744740.jpg",
    "cupPrice": "",
    "unit": null,
    "packageSize": "150 gram",
    "barcode": ["9350376004401"],
    "isAvailable": true,
    "locations": ["vic", "sa", "qld", "nsw", "wa", "tas", "nt"]
  }
]

