[{"id":"c5051858p-93231251","store":"coles","name":"Fresh Beef Ravioli","brand":"Latina","price":3.25,"orgPrice":6.5,"categoryIds":["dairy-eggs-fridge"],"imagePath":"https://shop.coles.com.au/wcsstore/Coles-CAS/images/5/0/5/5051858.jpg","cupPrice":"$0.87 per 100g","unit":"ea","packageSize":"375g","barcode":["93231251"],"isAvailable":true,"location":["tas"]},{"id":"c9907203p-9310653102558","store":"coles","name":"Passion Fruit Yoghurt Pot","brand":"Chobani","price":1,"orgPrice":2,"categoryIds":["dairy-eggs-fridge"],"imagePath":"https://shop.coles.com.au/wcsstore/Coles-CAS/images/9/9/0/9907203.jpg","cupPrice":"$0.59 per 100g","unit":"ea","packageSize":"170g","barcode":["9310653102558"],"isAvailable":true,"location":["tas"]},{"id":"c5280232p-9312353000950","store":"coles","name":"Fresh Ricotta & Spinach Agnolotti","brand":"Latina","price":3.25,"orgPrice":6.5,"categoryIds":["dairy-eggs-fridge"],"imagePath":"https://shop.coles.com.au/wcsstore/Coles-CAS/images/5/2/8/5280232.jpg","cupPrice":"$0.87 per 100g","unit":"ea","packageSize":"375g","barcode":["9312353000950"],"isAvailable":true,"location":["tas"]},{"id":"c9907236p-9310653102565","store":"coles","name":"Strawberry Yoghurt Pot","brand":"Chobani","price":1,"orgPrice":2,"categoryIds":["dairy-eggs-fridge"],"imagePath":"https://shop.coles.com.au/wcsstore/Coles-CAS/images/9/9/0/9907236.jpg","cupPrice":"$0.59 per 100g","unit":"ea","packageSize":"170g","barcode":["9310653102565"],"isAvailable":true,"location":["tas"]},{"id":"c9907010p-9310653102596","store":"coles","name":"Mango Yoghurt Pot","brand":"Chobani","price":1,"orgPrice":2,"categoryIds":["dairy-eggs-fridge"],"imagePath":"https://shop.coles.com.au/wcsstore/Coles-CAS/images/9/9/0/9907010.jpg","cupPrice":"$0.59 per 100g","unit":"ea","packageSize":"170g","barcode":["9310653102596"],"isAvailable":true,"location":["tas"]},{"id":"c1198297p-9310653102893","store":"coles","name":"Raspberry Yoghurt","brand":"Chobani","price":1,"orgPrice":2,"categoryIds":["dairy-eggs-fridge"],"imagePath":"https://shop.coles.com.au/wcsstore/Coles-CAS/images/1/1/9/1198297.jpg","cupPrice":"$0.59 per 100g","unit":"ea","packageSize":"170g","barcode":["9310653102893"],"isAvailable":true,"location":["tas"]},{"id":"c9906970p-9310653102602","store":"coles","name":"Plain Yoghurt Pot","brand":"Chobani","price":1,"orgPrice":2,"categoryIds":["dairy-eggs-fridge"],"imagePath":"https://shop.coles.com.au/wcsstore/Coles-CAS/images/9/9/0/9906970.jpg","cupPrice":"$0.59 per 100g","unit":"ea","packageSize":"170g","barcode":["9310653102602"],"isAvailable":true,"location":["tas"]},{"id":"c2367221p-9310653103494","store":"coles","name":"Strawberry & Banana Yoghurt","brand":"Chobani","price":1,"orgPrice":2,"categoryIds":["dairy-eggs-fridge"],"imagePath":"https://shop.coles.com.au/wcsstore/Coles-CAS/images/2/3/6/2367221.jpg","cupPrice":"$0.59 per 100g","unit":"ea","packageSize":"170g","barcode":["9310653103494"],"isAvailable":true,"location":["tas"]},{"id":"c3766583p-9300650450196","store":"coles","name":"Caramilk Cream Cheese","brand":"Philadelphia","price":2.35,"orgPrice":4.7,"categoryIds":["dairy-eggs-fridge"],"imagePath":"https://shop.coles.com.au/wcsstore/Coles-CAS/images/3/7/6/3766583.jpg","cupPrice":"$9.40 per 1kg","unit":"ea","packageSize":"250g","barcode":["9300650450196"],"isAvailable":true,"location":["tas"]},{"id":"c9907043p-9310653102541","store":"coles","name":"Blueberry Yoghurt Pot","brand":"Chobani","price":1,"orgPrice":2,"categoryIds":["dairy-eggs-fridge"],"imagePath":"https://shop.coles.com.au/wcsstore/Coles-CAS/images/9/9/0/9907043.jpg","cupPrice":"$0.59 per 100g","unit":"ea","packageSize":"170g","barcode":["9310653102541"],"isAvailable":true,"location":["tas"]},{"id":"c1434629p-9310653102855","store":"coles","name":"Low Fat Lemon Yoghurt","brand":"Chobani","price":1,"orgPrice":2,"categoryIds":["dairy-eggs-fridge"],"imagePath":"https://shop.coles.com.au/wcsstore/Coles-CAS/images/1/4/3/1434629.jpg","cupPrice":"$0.59 per 100g","unit":"ea","packageSize":"170g","barcode":["9310653102855"],"isAvailable":true,"location":["tas"]},{"id":"c3246801p-9310653104132","store":"coles","name":"Fit Strawberry Yoghurt Pouch","brand":"Chobani","price":1.12,"orgPrice":2.25,"categoryIds":["dairy-eggs-fridge"],"imagePath":"https://shop.coles.com.au/wcsstore/Coles-CAS/images/3/2/4/3246801.jpg","cupPrice":"$0.80 per 100g","unit":"ea","packageSize":"140g","barcode":["9310653104132"],"isAvailable":true,"location":["tas"]},{"id":"c5051836p-93231268","store":"coles","name":"Fresh Veal Tortellini","brand":"Latina","price":3.25,"orgPrice":6.5,"categoryIds":["dairy-eggs-fridge"],"imagePath":"https://shop.coles.com.au/wcsstore/Coles-CAS/images/5/0/5/5051836.jpg","cupPrice":"$0.87 per 100g","unit":"ea","packageSize":"375g","barcode":["93231268"],"isAvailable":true,"location":["tas"]},{"id":"c3246550p-9310653103982","store":"coles","name":"Vanilla Yoghurt Pot","brand":"Chobani","price":1,"orgPrice":2,"categoryIds":["dairy-eggs-fridge"],"imagePath":"https://shop.coles.com.au/wcsstore/Coles-CAS/images/3/2/4/3246550.jpg","cupPrice":"$0.59 per 100g","unit":"ea","packageSize":"170g","barcode":["9310653103982"],"isAvailable":true,"location":["tas"]},{"id":"c2974825p-9310653104354","store":"coles","name":"Limited Edition Yoghurt","brand":"Chobani","price":1,"orgPrice":2,"categoryIds":["dairy-eggs-fridge"],"imagePath":"https://shop.coles.com.au/wcsstore/Coles-CAS/images/2/9/7/2974825.jpg","cupPrice":"$0.59 per 100g","unit":"ea","packageSize":"170g","barcode":["9310653104354"],"isAvailable":true,"location":["tas"]},{"id":"c3246834p-9310653104156","store":"coles","name":"Fit Blueberry Yoghurt Pouch","brand":"Chobani","price":1.12,"orgPrice":2.25,"categoryIds":["dairy-eggs-fridge"],"imagePath":"https://shop.coles.com.au/wcsstore/Coles-CAS/images/3/2/4/3246834.jpg","cupPrice":"$0.80 per 100g","unit":"ea","packageSize":"140g","barcode":["9310653104156"],"isAvailable":true,"location":["tas"]},{"id":"c3721654p-9310653104422","store":"coles","name":"Fit Banana Yoghurt Pouch","brand":"Chobani","price":1.12,"orgPrice":2.25,"categoryIds":["dairy-eggs-fridge"],"imagePath":"https://shop.coles.com.au/wcsstore/Coles-CAS/images/3/7/2/3721654.jpg","cupPrice":"$0.80 per 100g","unit":"ea","packageSize":"140g","barcode":["9310653104422"],"isAvailable":true,"location":["tas"]},{"id":"c3246812p-9310653104125","store":"coles","name":"Fit Vanilla Yoghurt Pouch","brand":"Chobani","price":1.12,"orgPrice":2.25,"categoryIds":["dairy-eggs-fridge"],"imagePath":"https://shop.coles.com.au/wcsstore/Coles-CAS/images/3/2/4/3246812.jpg","cupPrice":"$0.80 per 100g","unit":"ea","packageSize":"140g","barcode":["9310653104125"],"isAvailable":true,"location":["tas"]},{"id":"c3721676p-9310653104439","store":"coles","name":"Fit Yoghurt Pouch Coconut","brand":"Chobani","price":1.12,"orgPrice":2.25,"categoryIds":["dairy-eggs-fridge"],"imagePath":"https://shop.coles.com.au/wcsstore/Coles-CAS/images/3/7/2/3721676.jpg","cupPrice":"$0.80 per 100g","unit":"ea","packageSize":"140g","barcode":["9310653104439"],"isAvailable":true,"location":["tas"]},{"id":"c6109035p-5000396015898","store":"coles","name":"Digestives Milk Chocolate Wheat Biscuits","brand":"McVitie's","price":1.97,"orgPrice":3.95,"categoryIds":["pantry"],"imagePath":"https://shop.coles.com.au/wcsstore/Coles-CAS/images/6/1/0/6109035.jpg","cupPrice":"$0.66 per 100g","unit":"ea","packageSize":"300g","barcode":["5000396015898"],"isAvailable":true,"location":["tas"]},{"id":"c329607p-9310072015316","store":"coles","name":"Original Chocolate Tim Tam","brand":"Arnott's","price":1.82,"orgPrice":3.65,"categoryIds":["pantry"],"imagePath":"https://shop.coles.com.au/wcsstore/Coles-CAS/images/3/2/9/329607.jpg","cupPrice":"$0.91 per 100g","unit":"ea","packageSize":"200g","barcode":["9310072015316","9310072000282","871455000002","9310072022628"],"isAvailable":true,"location":["tas"]},{"id":"c9264250p-9310055598447","store":"coles","name":"K-Time Baked Twists Raspberry & Apple Flavour Filled Snack Bars 5 pack","brand":"Kellogg's","price":2,"orgPrice":4,"categoryIds":["pantry"],"imagePath":"https://shop.coles.com.au/wcsstore/Coles-CAS/images/9/2/6/9264250.jpg","cupPrice":"$1.08 per 100g","unit":"ea","packageSize":"185g","barcode":["9310055598447"],"isAvailable":true,"location":["tas"]},{"id":"c3706741p-400003594603","store":"coles","name":"Sour Cream & Chives","brand":"Grain Waves","price":1.75,"orgPrice":3.5,"categoryIds":["pantry"],"imagePath":"https://shop.coles.com.au/wcsstore/Coles-CAS/images/3/7/0/3706741.jpg","cupPrice":"$1.03 per 100g","unit":"ea","packageSize":"170g","barcode":["400003594603","9310015248849"],"isAvailable":true,"location":["tas"]},{"id":"c6369014p-9310155003254","store":"coles","name":"Delites Sour Cream & Chives","brand":"Fantastic","price":1,"orgPrice":2,"categoryIds":["pantry"],"imagePath":"https://shop.coles.com.au/wcsstore/Coles-CAS/images/6/3/6/6369014.jpg","cupPrice":"$1.00 per 100g","unit":"ea","packageSize":"100g","barcode":["9310155003254"],"isAvailable":true,"location":["tas"]},{"id":"c7029292p-9310072013855","store":"coles","name":"Double Coat Chocolate Tim Tam","brand":"Arnott's","price":1.82,"orgPrice":3.65,"categoryIds":["pantry"],"imagePath":"https://shop.coles.com.au/wcsstore/Coles-CAS/images/7/0/2/7029292.jpg","cupPrice":"$0.91 per 100g","unit":"ea","packageSize":"200g","barcode":["9310072013855"],"isAvailable":true,"location":["tas"]},{"id":"c6108010p-5000168001159","store":"coles","name":"Original Digestive Biscuits","brand":"McVitie's","price":1.97,"orgPrice":3.95,"categoryIds":["pantry"],"imagePath":"https://shop.coles.com.au/wcsstore/Coles-CAS/images/6/1/0/6108010.jpg","cupPrice":"$0.49 per 100g","unit":"ea","packageSize":"400g","barcode":["5000168001159","5000396015935"],"isAvailable":true,"location":["tas"]},{"id":"c6109057p-5000396022308","store":"coles","name":"Dark Chocolate Digestive Biscuits","brand":"McVitie's","price":1.97,"orgPrice":3.95,"categoryIds":["pantry"],"imagePath":"https://shop.coles.com.au/wcsstore/Coles-CAS/images/6/1/0/6109057.jpg","cupPrice":"$0.66 per 100g","unit":"ea","packageSize":"300g","barcode":["5000396022308"],"isAvailable":true,"location":["tas"]},{"id":"c8156535p-9310988016056","store":"coles","name":"Sea Salt Potato Chips","brand":"Kettle","price":2.32,"orgPrice":4.65,"categoryIds":["pantry"],"imagePath":"https://shop.coles.com.au/wcsstore/Coles-CAS/images/8/1/5/8156535.jpg","cupPrice":"$1.33 per 100g","unit":"ea","packageSize":"175g","barcode":["9310988016056","9310988012133","400003206278"],"isAvailable":true,"location":["tas"]},{"id":"c116322p-9300605114173","store":"coles","name":"Blend 43 Instant Coffee","brand":"Nescafe","price":4.7,"orgPrice":9.4,"categoryIds":["pantry"],"imagePath":"https://shop.coles.com.au/wcsstore/Coles-CAS/images/1/1/6/116322.jpg","cupPrice":"$3.13 per 100g","unit":"ea","packageSize":"150g","barcode":["9300605114173","9300605004887","9300605302020"],"isAvailable":true,"location":["tas"]},{"id":"c9264260p-9310055598454","store":"coles","name":"K-Time Baked Twists Strawberry & Yoghurt Flavour Filled Snack Bars 5 pack","brand":"Kellogg's","price":2,"orgPrice":4,"categoryIds":["pantry"],"imagePath":"https://shop.coles.com.au/wcsstore/Coles-CAS/images/9/2/6/9264260.jpg","cupPrice":"$1.08 per 100g","unit":"ea","packageSize":"185g","barcode":["9310055598454"],"isAvailable":true,"location":["tas"]},{"id":"c3571711p-9300617075332","store":"coles","name":"Favourites","brand":"Cadbury","price":10,"orgPrice":20,"categoryIds":["pantry"],"imagePath":"https://shop.coles.com.au/wcsstore/Coles-CAS/images/3/5/7/3571711.jpg","cupPrice":"$1.75 per 100g","unit":"ea","packageSize":"570g","barcode":["9300617075332"],"isAvailable":true,"location":["tas"]},{"id":"c3761182p-9300617288633","store":"coles","name":"Old Gold Block Cherry Ripe","brand":"Cadbury","price":2.5,"orgPrice":5,"categoryIds":["pantry"],"imagePath":"https://shop.coles.com.au/wcsstore/Coles-CAS/images/3/7/6/3761182.jpg","cupPrice":"$1.39 per 100g","unit":"ea","packageSize":"180g","barcode":["9300617288633"],"isAvailable":true,"location":["tas"]},{"id":"c8655375p-9310072001210","store":"coles","name":"Chewy Caramel Tim Tam","brand":"Arnott's","price":1.82,"orgPrice":3.65,"categoryIds":["pantry"],"imagePath":"https://shop.coles.com.au/wcsstore/Coles-CAS/images/8/6/5/8655375.jpg","cupPrice":"$1.04 per 100g","unit":"ea","packageSize":"175g","barcode":["9310072001210","9310072012100"],"isAvailable":true,"location":["tas"]},{"id":"c4915339p-9300644700702","store":"coles","name":"Chunky Beef Soup Can","brand":"Campbell's","price":1.75,"orgPrice":3.5,"categoryIds":["pantry"],"imagePath":"https://shop.coles.com.au/wcsstore/Coles-CAS/images/4/9/1/4915339.jpg","cupPrice":"$0.35 per 100g","unit":"ea","packageSize":"505g","barcode":["9300644700702"],"isAvailable":true,"location":["tas"]},{"id":"c136534p-9300617323266","store":"coles","name":"Cherry Ripe Chocolate Bar","brand":"Cadbury","price":1,"orgPrice":2,"categoryIds":["pantry"],"imagePath":"https://shop.coles.com.au/wcsstore/Coles-CAS/images/1/3/6/136534.jpg","cupPrice":"$1.92 per 100g","unit":"ea","packageSize":"52g","barcode":["9300617323266","9300617408741","9300617000426","9300685000076","9300617325741"],"isAvailable":true,"location":["tas"]},{"id":"c136498p-9300617335733","store":"coles","name":"Turkish Delight Chocolate Bar","brand":"Fry's","price":1,"orgPrice":2,"categoryIds":["pantry"],"imagePath":"https://shop.coles.com.au/wcsstore/Coles-CAS/images/1/3/6/136498.jpg","cupPrice":"$1.82 per 100g","unit":"ea","packageSize":"55g","barcode":["9300617335733","9300617320289","9300617000549"],"isAvailable":true,"location":["tas"]},{"id":"c1260302p-9310988012720","store":"coles","name":"Sea Salt Potato Chips","brand":"Natural Chip Co.","price":2.1,"orgPrice":null,"categoryIds":["pantry"],"imagePath":"https://shop.coles.com.au/wcsstore/Coles-CAS/images/1/2/6/1260302.jpg","cupPrice":"$1.20 per 100g","unit":"ea","packageSize":"175g","barcode":["9310988012720"],"isAvailable":true,"location":["tas"]},{"id":"c2133898p-8852756401691","store":"coles","name":"Nutri-Grain Original Cereal Snack Bars 6 pack","brand":"Kellogg's","price":2,"orgPrice":4,"categoryIds":["pantry"],"imagePath":"https://shop.coles.com.au/wcsstore/Coles-CAS/images/2/1/3/2133898.jpg","cupPrice":"$1.39 per 100g","unit":"ea","packageSize":"144g","barcode":["8852756401691"],"isAvailable":true,"location":["tas"]},{"id":"c2350557p-9300617065876","store":"coles","name":"Old Gold Jamaican Rum and Raisin Dark Chocolate Block","brand":"Cadbury","price":2.5,"orgPrice":5,"categoryIds":["pantry"],"imagePath":"https://shop.coles.com.au/wcsstore/Coles-CAS/images/2/3/5/2350557.jpg","cupPrice":"$1.39 per 100g","unit":"ea","packageSize":"180g","barcode":["9300617065876","9300617041061"],"isAvailable":true,"location":["tas"]},{"id":"c2528761p-9300698501904","store":"coles","name":"Chocolate 16 Treat Sharebag","brand":"Kinder","price":2.5,"orgPrice":5,"categoryIds":["pantry"],"imagePath":"https://shop.coles.com.au/wcsstore/Coles-CAS/images/2/5/2/2528761.jpg","cupPrice":"$1.25 per 100g","unit":"ea","packageSize":"200g","barcode":["9300698501904"],"isAvailable":true,"location":["tas"]},{"id":"c3294815p-9310645244839","store":"coles","name":"Springwater Fished Tuna","brand":"Wild Tides","price":1,"orgPrice":2,"categoryIds":["pantry"],"imagePath":"https://shop.coles.com.au/wcsstore/Coles-CAS/images/3/2/9/3294815.jpg","cupPrice":"$1.05 per 100g","unit":"ea","packageSize":"95g","barcode":["9310645244839"],"isAvailable":true,"location":["tas"]},{"id":"c3698621p-9300617288084","store":"coles","name":"Twirl Caramilk Bars","brand":"Cadbury","price":1,"orgPrice":2,"categoryIds":["pantry"],"imagePath":"https://shop.coles.com.au/wcsstore/Coles-CAS/images/3/6/9/3698621.jpg","cupPrice":"$2.56 per 100g","unit":"ea","packageSize":"39g","barcode":["9300617288084"],"isAvailable":true,"location":["tas"]},{"id":"c5216313p-9300617000556","store":"coles","name":"Twirl Chocolate Bar","brand":"Cadbury","price":1,"orgPrice":2,"categoryIds":["pantry"],"imagePath":"https://shop.coles.com.au/wcsstore/Coles-CAS/images/5/2/1/5216313.jpg","cupPrice":"$2.56 per 100g","unit":"ea","packageSize":"39g","barcode":["9300617000556","9300617325659","9300685000045","9300685000601","9300617325727","9300617408710","9300617323969","9300617325802"],"isAvailable":true,"location":["tas"]},{"id":"c6368930p-9310155003216","store":"coles","name":"Delites Sea Salt & Balsamic Vinegar Rice Snacks","brand":"Fantastic","price":1,"orgPrice":2,"categoryIds":["pantry"],"imagePath":"https://shop.coles.com.au/wcsstore/Coles-CAS/images/6/3/6/6368930.jpg","cupPrice":"$1.00 per 100g","unit":"ea","packageSize":"100g","barcode":["9310155003216"],"isAvailable":true,"location":["tas"]},{"id":"c8156557p-400003206322","store":"coles","name":"Sea Salt & Vinegar Potato Chips","brand":"Kettle","price":2.32,"orgPrice":4.65,"categoryIds":["pantry"],"imagePath":"https://shop.coles.com.au/wcsstore/Coles-CAS/images/8/1/5/8156557.jpg","cupPrice":"$1.33 per 100g","unit":"ea","packageSize":"175g","barcode":["400003206322","9310988012140","9310988016063"],"isAvailable":true,"location":["tas"]},{"id":"c1260335p-9310988012751","store":"coles","name":"Honey Soy Chicken Potato Chips","brand":"Natural Chip Co.","price":2.1,"orgPrice":null,"categoryIds":["pantry"],"imagePath":"https://shop.coles.com.au/wcsstore/Coles-CAS/images/1/2/6/1260335.jpg","cupPrice":"$1.20 per 100g","unit":"ea","packageSize":"175g","barcode":["9310988012751"],"isAvailable":true,"location":["tas"]},{"id":"c2350535p-9300617066071","store":"coles","name":"Old Gold Roast Almond Dark Chocolate Block","brand":"Cadbury","price":2.5,"orgPrice":5,"categoryIds":["pantry"],"imagePath":"https://shop.coles.com.au/wcsstore/Coles-CAS/images/2/3/5/2350535.jpg","cupPrice":"$1.39 per 100g","unit":"ea","packageSize":"180g","barcode":["9300617066071","9300617041160"],"isAvailable":true,"location":["tas"]},{"id":"c3294780p-9310645244822","store":"coles","name":"Fished Tuna Olive Oil Blend","brand":"Wild Tides","price":1,"orgPrice":2,"categoryIds":["pantry"],"imagePath":"https://shop.coles.com.au/wcsstore/Coles-CAS/images/3/2/9/3294780.jpg","cupPrice":"$10.53 per 1kg","unit":"ea","packageSize":"95g","barcode":["9310645244822"],"isAvailable":true,"location":["tas"]},{"id":"c3706763p-9310015248856","store":"coles","name":"Sweet Chilli","brand":"Grain Waves","price":1.75,"orgPrice":3.5,"categoryIds":["pantry"],"imagePath":"https://shop.coles.com.au/wcsstore/Coles-CAS/images/3/7/0/3706763.jpg","cupPrice":"$1.03 per 100g","unit":"ea","packageSize":"170g","barcode":["9310015248856","400003594610"],"isAvailable":true,"location":["tas"]},{"id":"c5106508p-400003109999","store":"coles","name":"Milk Chocolate Bag Medium","brand":"Maltesers","price":2.12,"orgPrice":4.25,"categoryIds":["pantry"],"imagePath":"https://shop.coles.com.au/wcsstore/Coles-CAS/images/5/1/0/5106508.jpg","cupPrice":"$1.51 per 100g","unit":"ea","packageSize":"140g","barcode":["400003109999","9300682002134","9300682037334","9300682035804","9300682047500"],"isAvailable":true,"location":["tas"]},{"id":"c6920930p-9310055470446","store":"coles","name":"LCMs Kaleidos Puffed Rice Snack Bars 6 pack","brand":"Kellogg's","price":2,"orgPrice":4,"categoryIds":["pantry"],"imagePath":"https://shop.coles.com.au/wcsstore/Coles-CAS/images/6/9/2/6920930.jpg","cupPrice":"$1.52 per 100g","unit":"ea","packageSize":"132g","barcode":["9310055470446","8852756401738"],"isAvailable":true,"location":["tas"]},{"id":"c6642805p-8852756401745","store":"coles","name":"LCMs Yoghurty Split Stix Puffed Rice Snack Bars 6 pack","brand":"Kellogg's","price":2,"orgPrice":4,"categoryIds":["pantry"],"imagePath":"https://shop.coles.com.au/wcsstore/Coles-CAS/images/6/6/4/6642805.jpg","cupPrice":"$1.45 per 100g","unit":"ea","packageSize":"138g","barcode":["8852756401745","9310055416888"],"isAvailable":true,"location":["tas"]},{"id":"c4915350p-9300644700740","store":"coles","name":"Chunky Chicken Roast Vegetable Soup Can","brand":"Campbell's","price":1.75,"orgPrice":3.5,"categoryIds":["pantry"],"imagePath":"https://shop.coles.com.au/wcsstore/Coles-CAS/images/4/9/1/4915350.jpg","cupPrice":"$0.35 per 100g","unit":"ea","packageSize":"505g","barcode":["9300644700740"],"isAvailable":true,"location":["tas"]},{"id":"c4905947p-9300644700009","store":"coles","name":"Chunky Soup Irish Stew Style","brand":"Campbell's","price":1.75,"orgPrice":3.5,"categoryIds":["pantry"],"imagePath":"https://shop.coles.com.au/wcsstore/Coles-CAS/images/4/9/0/4905947.jpg","cupPrice":"$0.35 per 100g","unit":"ea","packageSize":"505g","barcode":["9300644700009"],"isAvailable":true,"location":["tas"]},{"id":"c9139724p-400003206353","store":"coles","name":"Chilli Potato Chips","brand":"Kettle","price":2.32,"orgPrice":4.65,"categoryIds":["pantry"],"imagePath":"https://shop.coles.com.au/wcsstore/Coles-CAS/images/9/1/3/9139724.jpg","cupPrice":"$1.33 per 100g","unit":"ea","packageSize":"175g","barcode":["400003206353","9310988016070","9310988012621"],"isAvailable":true,"location":["tas"]},{"id":"c1260313p-9310988012737","store":"coles","name":"Sea Salt & Vinegar Potato Chips","brand":"Natural Chip Co.","price":2.1,"orgPrice":null,"categoryIds":["pantry"],"imagePath":"https://shop.coles.com.au/wcsstore/Coles-CAS/images/1/2/6/1260313.jpg","cupPrice":"$1.20 per 100g","unit":"ea","packageSize":"175g","barcode":["9310988012737"],"isAvailable":true,"location":["tas"]},{"id":"c2350568p-9300617041153","store":"coles","name":"Old Gold Original Dark Chocolate Block","brand":"Cadbury","price":2.5,"orgPrice":5,"categoryIds":["pantry"],"imagePath":"https://shop.coles.com.au/wcsstore/Coles-CAS/images/2/3/5/2350568.jpg","cupPrice":"$1.39 per 100g","unit":"ea","packageSize":"180g","barcode":["9300617041153","9300617065975"],"isAvailable":true,"location":["tas"]},{"id":"c2784138p-8886467103438","store":"coles","name":"Sour Cream & Onion Stacked Potato Chips","brand":"Pringles","price":0.95,"orgPrice":1.9,"categoryIds":["pantry"],"imagePath":"https://shop.coles.com.au/wcsstore/Coles-CAS/images/2/7/8/2784138.jpg","cupPrice":"$1.79 per 100g","unit":"ea","packageSize":"53g","barcode":["8886467103438"],"isAvailable":true,"location":["tas"]},{"id":"c3294972p-9310645244860","store":"coles","name":"Spicy Chilli Fished Tuna","brand":"Wild Tides","price":1,"orgPrice":2,"categoryIds":["pantry"],"imagePath":"https://shop.coles.com.au/wcsstore/Coles-CAS/images/3/2/9/3294972.jpg","cupPrice":"$10.53 per 1kg","unit":"ea","packageSize":"95g","barcode":["9310645244860"],"isAvailable":true,"location":["tas"]},{"id":"c3761193p-9300617288657","store":"coles","name":"Old Gold Block Caramel Chocolate","brand":"Cadbury","price":2.5,"orgPrice":5,"categoryIds":["pantry"],"imagePath":"https://shop.coles.com.au/wcsstore/Coles-CAS/images/3/7/6/3761193.jpg","cupPrice":"$1.39 per 100g","unit":"ea","packageSize":"180g","barcode":["9300617288657"],"isAvailable":true,"location":["tas"]},{"id":"c6025536p-9310072012599","store":"coles","name":"Classic Dark Chocolate Tim Tam","brand":"Arnott's","price":1.82,"orgPrice":3.65,"categoryIds":["pantry"],"imagePath":"https://shop.coles.com.au/wcsstore/Coles-CAS/images/6/0/2/6025536.jpg","cupPrice":"$0.91 per 100g","unit":"ea","packageSize":"200g","barcode":["9310072012599"],"isAvailable":true,"location":["tas"]},{"id":"c8229231p-9300605114227","store":"coles","name":"Blend 43 Espresso Instant Coffee","brand":"Nescafe","price":4.7,"orgPrice":9.4,"categoryIds":["pantry"],"imagePath":"https://shop.coles.com.au/wcsstore/Coles-CAS/images/8/2/2/8229231.jpg","cupPrice":"$3.13 per 100g","unit":"ea","packageSize":"150g","barcode":["9300605114227","9300605130418"],"isAvailable":true,"location":["tas"]},{"id":"c7166090p-9300644123532","store":"coles","name":"Country Ladle Traditional Minestrone Soup Can","brand":"Campbell's","price":1.75,"orgPrice":3.5,"categoryIds":["pantry"],"imagePath":"https://shop.coles.com.au/wcsstore/Coles-CAS/images/7/1/6/7166090.jpg","cupPrice":"$0.35 per 100g","unit":"ea","packageSize":"495g","barcode":["9300644123532","9300644023535"],"isAvailable":true,"location":["tas"]},{"id":"c4965712p-9325121003305","store":"coles","name":"Premium Full Bodied Granulated Coffee","brand":"Robert Timms","price":4,"orgPrice":null,"categoryIds":["pantry"],"imagePath":"https://shop.coles.com.au/wcsstore/Coles-CAS/images/4/9/6/4965712.jpg","cupPrice":"$2.00 per 100g","unit":"ea","packageSize":"200g","barcode":["9325121003305"],"isAvailable":true,"location":["tas"]},{"id":"c5258947p-9300682035767","store":"coles","name":"Chocolate Peanut Bag Medium","brand":"M&M's","price":2.12,"orgPrice":4.25,"categoryIds":["pantry"],"imagePath":"https://shop.coles.com.au/wcsstore/Coles-CAS/images/5/2/5/5258947.jpg","cupPrice":"$1.18 per 100g","unit":"ea","packageSize":"180g","barcode":["9300682035767","9300682021548","9300682047647","9300682003308"],"isAvailable":true,"location":["tas"]},{"id":"c5072676p-9300617320319","store":"coles","name":"Dairy Milk Chocolate Roll Pack","brand":"Cadbury","price":1,"orgPrice":2,"categoryIds":["pantry"],"imagePath":"https://shop.coles.com.au/wcsstore/Coles-CAS/images/5/0/7/5072676.jpg","cupPrice":"$1.82 per 100g","unit":"ea","packageSize":"55g","barcode":["9300617320319","9300685000090"],"isAvailable":true,"location":["tas"]},{"id":"c7243805p-9310072025155","store":"coles","name":"Tim Tam White Chocolate Biscuits","brand":"Arnott's","price":1.82,"orgPrice":3.65,"categoryIds":["pantry"],"imagePath":"https://shop.coles.com.au/wcsstore/Coles-CAS/images/7/2/4/7243805.jpg","cupPrice":"$1.10 per 100g","unit":"ea","packageSize":"165g","barcode":["9310072025155"],"isAvailable":true,"location":["tas"]},{"id":"c2350579p-9300617041146","store":"coles","name":"Old Gold 70% Cocoa Dark Chocolate Block","brand":"Cadbury","price":2.5,"orgPrice":5,"categoryIds":["pantry"],"imagePath":"https://shop.coles.com.au/wcsstore/Coles-CAS/images/2/3/5/2350579.jpg","cupPrice":"$1.39 per 100g","unit":"ea","packageSize":"180g","barcode":["9300617041146","9300617065920"],"isAvailable":true,"location":["tas"]},{"id":"c2469618p-9310155004510","store":"coles","name":"Delites Honey Soy Chicken Rice Snacks","brand":"Fantastic","price":1,"orgPrice":2,"categoryIds":["pantry"],"imagePath":"https://shop.coles.com.au/wcsstore/Coles-CAS/images/2/4/6/2469618.jpg","cupPrice":"$1.00 per 100g","unit":"ea","packageSize":"100g","barcode":["9310155004510"],"isAvailable":true,"location":["tas"]},{"id":"c3581293p-400003631155","store":"coles","name":"Shin Ramyun Noodle Soup 5 pack","brand":"Nongshim","price":3,"orgPrice":6,"categoryIds":["pantry"],"imagePath":"https://shop.coles.com.au/wcsstore/Coles-CAS/images/3/5/8/3581293.jpg","cupPrice":"$0.50 per 100g","unit":"ea","packageSize":"600g","barcode":["400003631155","031146157365"],"isAvailable":true,"location":["tas"]},{"id":"c3797292p-9310146970879","store":"coles","name":"Pasta Spirals","brand":"Vetta","price":1,"orgPrice":2,"categoryIds":["pantry"],"imagePath":"https://shop.coles.com.au/wcsstore/Coles-CAS/images/3/7/9/3797292.jpg","cupPrice":"$0.20 per 100g","unit":"ea","packageSize":"500g","barcode":["9310146970879"],"isAvailable":true,"location":["tas"]},{"id":"c9628571p-400003115532","store":"coles","name":"Fruits Lollies Medium Bag","brand":"Skittles","price":2.12,"orgPrice":4.3,"categoryIds":["pantry"],"imagePath":"https://shop.coles.com.au/wcsstore/Coles-CAS/images/9/6/2/9628571.jpg","cupPrice":"$1.06 per 100g","unit":"ea","packageSize":"200g","barcode":["400003115532","9300682023146","9300613105460"],"isAvailable":true,"location":["tas"]},{"id":"c6369003p-9310155003223","store":"coles","name":"Delites Sweet Chilli & Sour Cream Rice Snacks","brand":"Fantastic","price":1,"orgPrice":2,"categoryIds":["pantry"],"imagePath":"https://shop.coles.com.au/wcsstore/Coles-CAS/images/6/3/6/6369003.jpg","cupPrice":"$1.00 per 100g","unit":"ea","packageSize":"100g","barcode":["9310155003223"],"isAvailable":true,"location":["tas"]},{"id":"c7165858p-9300644023542","store":"coles","name":"Country Ladle Butternut Pumpkin Soup Can","brand":"Campbell's","price":1.75,"orgPrice":3.5,"categoryIds":["pantry"],"imagePath":"https://shop.coles.com.au/wcsstore/Coles-CAS/images/7/1/6/7165858.jpg","cupPrice":"$0.35 per 100g","unit":"ea","packageSize":"505g","barcode":["9300644023542","9300644123549"],"isAvailable":true,"location":["tas"]},{"id":"c6334439p-9310146970060","store":"coles","name":"Smart Fibre Spaghetti Pasta","brand":"Vetta","price":1,"orgPrice":2,"categoryIds":["pantry"],"imagePath":"https://shop.coles.com.au/wcsstore/Coles-CAS/images/6/3/3/6334439.jpg","cupPrice":"$0.20 per 100g","unit":"ea","packageSize":"500g","barcode":["9310146970060","9310146972538"],"isAvailable":true,"location":["tas"]},{"id":"c5258936p-9300682021562","store":"coles","name":"Milk Chocolate Bag Medium","brand":"M&M's","price":2.12,"orgPrice":4.25,"categoryIds":["pantry"],"imagePath":"https://shop.coles.com.au/wcsstore/Coles-CAS/images/5/2/5/5258936.jpg","cupPrice":"$1.18 per 100g","unit":"ea","packageSize":"180g","barcode":["9300682021562","9300682003292","9300682047623","9300682035743"],"isAvailable":true,"location":["tas"]},{"id":"c4887131p-9300644235808","store":"coles","name":"Country Ladle Chicken Sweet Corn Soup Can","brand":"Campbell's","price":1.75,"orgPrice":3.5,"categoryIds":["pantry"],"imagePath":"https://shop.coles.com.au/wcsstore/Coles-CAS/images/4/8/8/4887131.jpg","cupPrice":"$0.35 per 100g","unit":"ea","packageSize":"505g","barcode":["9300644235808"],"isAvailable":true,"location":["tas"]},{"id":"c136556p-9300617323549","store":"coles","name":"Picnic Chocolate Bar","brand":"Cadbury","price":1,"orgPrice":2,"categoryIds":["pantry"],"imagePath":"https://shop.coles.com.au/wcsstore/Coles-CAS/images/1/3/6/136556.jpg","cupPrice":"$2.17 per 100g","unit":"ea","packageSize":"46g","barcode":["9300617323549","9300617000532","9300617408642","9300617323563"],"isAvailable":true,"location":["tas"]},{"id":"c136523p-9300617381457","store":"coles","name":"Crunchie Chocolate bar","brand":"Cadbury","price":1,"orgPrice":2,"categoryIds":["pantry"],"imagePath":"https://shop.coles.com.au/wcsstore/Coles-CAS/images/1/3/6/136523.jpg","cupPrice":"$2.00 per 100g","unit":"ea","packageSize":"50g","barcode":["9300617381457","9300617322863","9300617000433"],"isAvailable":true,"location":["tas"]},{"id":"c1795310p-9310988013925","store":"coles","name":"Honey Soy Chicken Potato Chips","brand":"Kettle","price":2.32,"orgPrice":4.65,"categoryIds":["pantry"],"imagePath":"https://shop.coles.com.au/wcsstore/Coles-CAS/images/1/7/9/1795310.jpg","cupPrice":"$1.33 per 100g","unit":"ea","packageSize":"175g","barcode":["9310988013925","400003206193","9310988016087"],"isAvailable":true,"location":["tas"]},{"id":"c2350546p-9300617066026","store":"coles","name":"Old Gold Peppermint Dark Chocolate Block","brand":"Cadbury","price":2.5,"orgPrice":5,"categoryIds":["pantry"],"imagePath":"https://shop.coles.com.au/wcsstore/Coles-CAS/images/2/3/5/2350546.jpg","cupPrice":"$1.39 per 100g","unit":"ea","packageSize":"180g","barcode":["9300617066026","9300617041078"],"isAvailable":true,"location":["tas"]},{"id":"c2784127p-8886467103414","store":"coles","name":"Original Salted Stacked Potato Chips","brand":"Pringles","price":0.95,"orgPrice":1.9,"categoryIds":["pantry"],"imagePath":"https://shop.coles.com.au/wcsstore/Coles-CAS/images/2/7/8/2784127.jpg","cupPrice":"$1.79 per 100g","unit":"ea","packageSize":"53g","barcode":["8886467103414"],"isAvailable":true,"location":["tas"]},{"id":"c2877090p-9319133333925","store":"coles","name":"Gourmet Porridge Sachet with Honey Vanilla & Cinnamon","brand":"Carman's","price":3,"orgPrice":6,"categoryIds":["pantry"],"imagePath":"https://shop.coles.com.au/wcsstore/Coles-CAS/images/2/8/7/2877090.jpg","cupPrice":"$0.94 per 100g","unit":"ea","packageSize":"320g","barcode":["9319133333925"],"isAvailable":true,"location":["tas"]},{"id":"c3287514p-9300617287988","store":"coles","name":"Twirl Bites Chocolate Pieces","brand":"Cadbury","price":6,"orgPrice":12,"categoryIds":["pantry"],"imagePath":"https://shop.coles.com.au/wcsstore/Coles-CAS/images/3/2/8/3287514.jpg","cupPrice":"$2.00 per 100g","unit":"ea","packageSize":"300g","barcode":["9300617287988"],"isAvailable":true,"location":["tas"]},{"id":"c3294859p-9310645244846","store":"coles","name":"Lemon And Pepper Tuna","brand":"Wild Tides","price":1,"orgPrice":2,"categoryIds":["pantry"],"imagePath":"https://shop.coles.com.au/wcsstore/Coles-CAS/images/3/2/9/3294859.jpg","cupPrice":"$10.53 per 1kg","unit":"ea","packageSize":"95g","barcode":["9310645244846"],"isAvailable":true,"location":["tas"]},{"id":"c3390499p-400003449699","store":"coles","name":"LCMs Unicorn Puffed Rice Snack Bars 6 pack","brand":"Kellogg's","price":2,"orgPrice":4,"categoryIds":["pantry"],"imagePath":"https://shop.coles.com.au/wcsstore/Coles-CAS/images/3/3/9/3390499.jpg","cupPrice":"$1.52 per 100g","unit":"ea","packageSize":"132g","barcode":["400003449699","8852756023497"],"isAvailable":true,"location":["tas"]},{"id":"c3797281p-9310146970862","store":"coles","name":"Pasta Penne","brand":"Vetta","price":1,"orgPrice":2,"categoryIds":["pantry"],"imagePath":"https://shop.coles.com.au/wcsstore/Coles-CAS/images/3/7/9/3797281.jpg","cupPrice":"$0.20 per 100g","unit":"ea","packageSize":"500g","barcode":["9310146970862"],"isAvailable":true,"location":["tas"]},{"id":"c86866p-9300617325079","store":"coles","name":"Time Out Chocolate Bar","brand":"Cadbury","price":1,"orgPrice":2,"categoryIds":["pantry"],"imagePath":"https://shop.coles.com.au/wcsstore/Coles-CAS/images/8/6/8/86866.jpg","cupPrice":"$2.50 per 100g","unit":"ea","packageSize":"40g","barcode":["9300617325079"],"isAvailable":true,"location":["tas"]},{"id":"c8639925p-9325121003770","store":"coles","name":"Premium Espresso Extra Dark Roasted Granulated Coffee","brand":"Robert Timms","price":4,"orgPrice":null,"categoryIds":["pantry"],"imagePath":"https://shop.coles.com.au/wcsstore/Coles-CAS/images/8/6/3/8639925.jpg","cupPrice":"$2.00 per 100g","unit":"ea","packageSize":"200g","barcode":["9325121003770"],"isAvailable":true,"location":["tas"]},{"id":"c7165971p-9300644023504","store":"coles","name":"Country Ladle Farmhouse Vegetable Soup Can","brand":"Campbell's","price":1.75,"orgPrice":3.5,"categoryIds":["pantry"],"imagePath":"https://shop.coles.com.au/wcsstore/Coles-CAS/images/7/1/6/7165971.jpg","cupPrice":"$0.35 per 100g","unit":"ea","packageSize":"495g","barcode":["9300644023504","9300644123501"],"isAvailable":true,"location":["tas"]},{"id":"c5899760p-9300682036061","store":"coles","name":"Pods Chocolate Medium Bag","brand":"Mars","price":2.12,"orgPrice":4.25,"categoryIds":["pantry"],"imagePath":"https://shop.coles.com.au/wcsstore/Coles-CAS/images/5/8/9/5899760.jpg","cupPrice":"$1.33 per 100g","unit":"ea","packageSize":"160g","barcode":["9300682036061","9300682037341","9300682030892","9300682047913"],"isAvailable":true,"location":["tas"]},{"id":"c9680312p-9300644234900","store":"coles","name":"Country Ladle Creamy Chicken Soup Can","brand":"Campbell's","price":1.75,"orgPrice":3.5,"categoryIds":["pantry"],"imagePath":"https://shop.coles.com.au/wcsstore/Coles-CAS/images/9/6/8/9680312.jpg","cupPrice":"$0.35 per 100g","unit":"ea","packageSize":"500g","barcode":["9300644234900"],"isAvailable":true,"location":["tas"]},{"id":"c1736763p-9319133333666","store":"coles","name":"Carman's Apple Sultana & Cinnamon Porridge Sachets 8 pack","brand":"Carman's","price":3,"orgPrice":6,"categoryIds":["pantry"],"imagePath":"https://shop.coles.com.au/wcsstore/Coles-CAS/images/1/7/3/1736763.jpg","cupPrice":"$0.94 per 100g","unit":"ea","packageSize":"320g","barcode":["9319133333666"],"isAvailable":true,"location":["tas"]},{"id":"c1691086p-9310146972651","store":"coles","name":"Smart Fibre Penne Pasta","brand":"Vetta","price":1,"orgPrice":2,"categoryIds":["pantry"],"imagePath":"https://shop.coles.com.au/wcsstore/Coles-CAS/images/1/6/9/1691086.jpg","cupPrice":"$0.20 per 100g","unit":"ea","packageSize":"500g","barcode":["9310146972651","9310146970480"],"isAvailable":true,"location":["tas"]},{"id":"c2125460p-9300605100060","store":"coles","name":"Blend 43 Smooth & Creamy Instant Coffee","brand":"Nescafe","price":4.7,"orgPrice":9.4,"categoryIds":["pantry"],"imagePath":"https://shop.coles.com.au/wcsstore/Coles-CAS/images/2/1/2/2125460.jpg","cupPrice":"$3.36 per 100g","unit":"ea","packageSize":"140g","barcode":["9300605100060"],"isAvailable":true,"location":["tas"]},{"id":"c2869977p-9310072029979","store":"coles","name":"Tim Tam Chocolate Mint Biscuits","brand":"Arnott's","price":1.82,"orgPrice":3.65,"categoryIds":["pantry"],"imagePath":"https://shop.coles.com.au/wcsstore/Coles-CAS/images/2/8/6/2869977.jpg","cupPrice":"$1.14 per 100g","unit":"ea","packageSize":"160g","barcode":["9310072029979"],"isAvailable":true,"location":["tas"]},{"id":"c3308997p-9300617073420","store":"coles","name":"Dairy Milk Chocolate Gift Box","brand":"Cadbury","price":6,"orgPrice":12,"categoryIds":["pantry"],"imagePath":"https://shop.coles.com.au/wcsstore/Coles-CAS/images/3/3/0/3308997.jpg","cupPrice":"$2.73 per 100g","unit":"ea","packageSize":"220g","barcode":["9300617073420"],"isAvailable":true,"location":["tas"]},{"id":"c3294906p-9310645244853","store":"coles","name":"Tuna Onion And Tomato Savoury Sauce","brand":"Wild Tides","price":1,"orgPrice":2,"categoryIds":["pantry"],"imagePath":"https://shop.coles.com.au/wcsstore/Coles-CAS/images/3/2/9/3294906.jpg","cupPrice":"$10.53 per 1kg","unit":"ea","packageSize":"95g","barcode":["9310645244853"],"isAvailable":true,"location":["tas"]},{"id":"c8027044p-9300644702393","store":"coles","name":"Country Ladle Chicken Noodle Soup Can","brand":"Campbell's","price":1.75,"orgPrice":3.5,"categoryIds":["pantry"],"imagePath":"https://shop.coles.com.au/wcsstore/Coles-CAS/images/8/0/2/8027044.jpg","cupPrice":"$0.35 per 100g","unit":"ea","packageSize":"500g","barcode":["9300644702393"],"isAvailable":true,"location":["tas"]},{"id":"c6920908p-9310055470439","store":"coles","name":"LCMs Choc Chip Puffed Rice Snack Bars 6 pack","brand":"Kellogg's","price":2,"orgPrice":4,"categoryIds":["pantry"],"imagePath":"https://shop.coles.com.au/wcsstore/Coles-CAS/images/6/9/2/6920908.jpg","cupPrice":"$1.52 per 100g","unit":"ea","packageSize":"132g","barcode":["9310055470439","8852756401721"],"isAvailable":true,"location":["tas"]},{"id":"c5222305p-9310047140845","store":"coles","name":"Canola Oil","brand":"Gold'N Canola","price":9,"orgPrice":18,"categoryIds":["pantry"],"imagePath":"https://shop.coles.com.au/wcsstore/Coles-CAS/images/5/2/2/5222305.jpg","cupPrice":"$0.23 per 100ml","unit":"ea","packageSize":"4l","barcode":["9310047140845"],"isAvailable":true,"location":["tas"]},{"id":"c5072665p-9300617320128","store":"coles","name":"Dairy Milk Chunky Chocolate Bar","brand":"Cadbury","price":1,"orgPrice":2,"categoryIds":["pantry"],"imagePath":"https://shop.coles.com.au/wcsstore/Coles-CAS/images/5/0/7/5072665.jpg","cupPrice":"$2.00 per 100g","unit":"ea","packageSize":"50g","barcode":["9300617320128","9300685000069","9300617408727","9300617042310"],"isAvailable":true,"location":["tas"]},{"id":"c9676010p-9314807060770","store":"coles","name":"Slim Right Chocolate Weight Loss Powder","brand":"Nature's Way","price":7.25,"orgPrice":14.5,"categoryIds":["pantry"],"imagePath":"https://shop.coles.com.au/wcsstore/Coles-CAS/images/9/6/7/9676010.jpg","cupPrice":"$1.93 per 100g","unit":"ea","packageSize":"375g","barcode":["9314807060770","9314807008147"],"isAvailable":true,"location":["tas"]},{"id":"c1315346p-5010477341273","store":"coles","name":"Crispy Oat Clusters Chunky Nut","brand":"Jordans","price":3.5,"orgPrice":7,"categoryIds":["pantry"],"imagePath":"https://shop.coles.com.au/wcsstore/Coles-CAS/images/1/3/1/1315346.jpg","cupPrice":"$0.70 per 100g","unit":"ea","packageSize":"500g","barcode":["5010477341273"],"isAvailable":true,"location":["tas"]},{"id":"c2390700p-9319133333444","store":"coles","name":"Gourmet Porridge Sachet Super Berry & Coconut","brand":"Carman's","price":3,"orgPrice":6,"categoryIds":["pantry"],"imagePath":"https://shop.coles.com.au/wcsstore/Coles-CAS/images/2/3/9/2390700.jpg","cupPrice":"$0.94 per 100g","unit":"ea","packageSize":"320g","barcode":["9319133333444"],"isAvailable":true,"location":["tas"]},{"id":"c2499255p-5010477349651","store":"coles","name":"Simply Crunchy Oat Granola","brand":"Jordans","price":3.5,"orgPrice":7,"categoryIds":["pantry"],"imagePath":"https://shop.coles.com.au/wcsstore/Coles-CAS/images/2/4/9/2499255.jpg","cupPrice":"$0.47 per 100g","unit":"ea","packageSize":"750g","barcode":["5010477349651"],"isAvailable":true,"location":["tas"]},{"id":"c2876101p-5010477352859","store":"coles","name":"Crispy Oat Clusters Maple & Pecan Cereal","brand":"Jordans","price":3.5,"orgPrice":7,"categoryIds":["pantry"],"imagePath":"https://shop.coles.com.au/wcsstore/Coles-CAS/images/2/8/7/2876101.jpg","cupPrice":"$0.70 per 100g","unit":"ea","packageSize":"500g","barcode":["5010477352859"],"isAvailable":true,"location":["tas"]},{"id":"c3295080p-9310645244884","store":"coles","name":"Tomato & Basil Fished Tuna","brand":"Wild Tides","price":1,"orgPrice":2,"categoryIds":["pantry"],"imagePath":"https://shop.coles.com.au/wcsstore/Coles-CAS/images/3/2/9/3295080.jpg","cupPrice":"$1.05 per 100g","unit":"ea","packageSize":"95g","barcode":["9310645244884"],"isAvailable":true,"location":["tas"]},{"id":"c3295024p-9310645244877","store":"coles","name":"Sweet Chilli Fished Tuna","brand":"Wild Tides","price":1,"orgPrice":2,"categoryIds":["pantry"],"imagePath":"https://shop.coles.com.au/wcsstore/Coles-CAS/images/3/2/9/3295024.jpg","cupPrice":"$1.05 per 100g","unit":"ea","packageSize":"95g","barcode":["9310645244877"],"isAvailable":true,"location":["tas"]},{"id":"c3295090p-9310645244891","store":"coles","name":"Smoke Flavour Tuna","brand":"Wild Tides","price":1,"orgPrice":2,"categoryIds":["pantry"],"imagePath":"https://shop.coles.com.au/wcsstore/Coles-CAS/images/3/2/9/3295090.jpg","cupPrice":"$1.05 per 100g","unit":"ea","packageSize":"95g","barcode":["9310645244891"],"isAvailable":true,"location":["tas"]},{"id":"c3449398p-9310072030517","store":"coles","name":"Honey Soy Chicken Cracker Chips","brand":"Arnott's","price":2.25,"orgPrice":4.5,"categoryIds":["pantry"],"imagePath":"https://shop.coles.com.au/wcsstore/Coles-CAS/images/3/4/4/3449398.jpg","cupPrice":"$1.50 per 100g","unit":"ea","packageSize":"150g","barcode":["9310072030517"],"isAvailable":true,"location":["tas"]},{"id":"c3797270p-9310146970855","store":"coles","name":"Pasta Spaghetti","brand":"Vetta","price":1,"orgPrice":2,"categoryIds":["pantry"],"imagePath":"https://shop.coles.com.au/wcsstore/Coles-CAS/images/3/7/9/3797270.jpg","cupPrice":"$0.20 per 100g","unit":"ea","packageSize":"500g","barcode":["9310146970855"],"isAvailable":true,"location":["tas"]},{"id":"c8049750p-93605830","store":"coles","name":"Gold Original Premium Instant Coffee","brand":"Nescafe","price":4.75,"orgPrice":9.5,"categoryIds":["pantry"],"imagePath":"https://shop.coles.com.au/wcsstore/Coles-CAS/images/8/0/4/8049750.jpg","cupPrice":"$4.75 per 100g","unit":"ea","packageSize":"100g","barcode":["93605830","93625296","400003381722"],"isAvailable":true,"location":["tas"]},{"id":"c5899759p-9300682037365","store":"coles","name":"Snickers Pods Chocolate Medium Bag","brand":"Mars","price":2.12,"orgPrice":4.25,"categoryIds":["pantry"],"imagePath":"https://shop.coles.com.au/wcsstore/Coles-CAS/images/5/8/9/5899759.jpg","cupPrice":"$1.33 per 100g","unit":"ea","packageSize":"160g","barcode":["9300682037365","9300682030939","9300682047944","9300682036085"],"isAvailable":true,"location":["tas"]},{"id":"c4915361p-9300644700726","store":"coles","name":"Chunky Soup Potato Bacon","brand":"Campbell's","price":1.75,"orgPrice":3.5,"categoryIds":["pantry"],"imagePath":"https://shop.coles.com.au/wcsstore/Coles-CAS/images/4/9/1/4915361.jpg","cupPrice":"$0.35 per 100g","unit":"ea","packageSize":"505g","barcode":["9300644700726"],"isAvailable":true,"location":["tas"]},{"id":"c37780p-9310146972644","store":"coles","name":"Smart Fibre Veg Twists Pasta","brand":"Vetta","price":1,"orgPrice":2,"categoryIds":["pantry"],"imagePath":"https://shop.coles.com.au/wcsstore/Coles-CAS/images/3/7/7/37780.jpg","cupPrice":"$0.27 per 100g","unit":"ea","packageSize":"375g","barcode":["9310146972644","9310071107043","9310146970718"],"isAvailable":true,"location":["tas"]},{"id":"c4915372p-9300644700757","store":"coles","name":"Chunky Soup Stockpot","brand":"Campbell's","price":1.75,"orgPrice":3.5,"categoryIds":["pantry"],"imagePath":"https://shop.coles.com.au/wcsstore/Coles-CAS/images/4/9/1/4915372.jpg","cupPrice":"$0.35 per 100g","unit":"ea","packageSize":"505g","barcode":["9300644700757"],"isAvailable":true,"location":["tas"]},{"id":"c4425023p-9300617302834","store":"coles","name":"Boost Chocolate Bar","brand":"Cadbury","price":1,"orgPrice":2,"categoryIds":["pantry"],"imagePath":"https://shop.coles.com.au/wcsstore/Coles-CAS/images/4/4/2/4425023.jpg","cupPrice":"$1.67 per 100g","unit":"ea","packageSize":"60g","barcode":["9300617302834","9300685000328"],"isAvailable":true,"location":["tas"]},{"id":"c136487p-93617406","store":"coles","name":"Flake Chocolate Bar","brand":"Cadbury","price":1,"orgPrice":2,"categoryIds":["pantry"],"imagePath":"https://shop.coles.com.au/wcsstore/Coles-CAS/images/1/3/6/136487.jpg","cupPrice":"$3.33 per 100g","unit":"ea","packageSize":"30g","barcode":["93617406","93006170","93061759"],"isAvailable":true,"location":["tas"]},{"id":"c9773038p-9300682047562","store":"coles","name":"Minis Chocolate Bag Medium","brand":"M&M's","price":2.12,"orgPrice":4.25,"categoryIds":["pantry"],"imagePath":"https://shop.coles.com.au/wcsstore/Coles-CAS/images/9/7/7/9773038.jpg","cupPrice":"$1.46 per 100g","unit":"ea","packageSize":"145g","barcode":["9300682047562","9300682056953","9300682026079","9300682035941","9300682050630"],"isAvailable":true,"location":["tas"]},{"id":"c8731258p-9323966999975","store":"coles","name":"Lindor Assorted Chocolate Balls Gift Box","brand":"Lindt","price":10,"orgPrice":20,"categoryIds":["pantry"],"imagePath":"https://shop.coles.com.au/wcsstore/Coles-CAS/images/8/7/3/8731258.jpg","cupPrice":"$4.26 per 100g","unit":"ea","packageSize":"235g","barcode":["9323966999975","9323966101002","9323966999951"],"isAvailable":true,"location":["tas"]},{"id":"c2427185p-9300617045182","store":"coles","name":"Cherry Ripe Double Dip Chocolate Bar","brand":"Cadbury","price":1,"orgPrice":2,"categoryIds":["pantry"],"imagePath":"https://shop.coles.com.au/wcsstore/Coles-CAS/images/2/4/2/2427185.jpg","cupPrice":"$2.13 per 100g","unit":"ea","packageSize":"47g","barcode":["9300617045182"],"isAvailable":true,"location":["tas"]},{"id":"c3714692p-9300644705325","store":"coles","name":"Chunky Soup Ravioli Beef Tom","brand":"Campbell's","price":1.75,"orgPrice":3.5,"categoryIds":["pantry"],"imagePath":"https://shop.coles.com.au/wcsstore/Coles-CAS/images/3/7/1/3714692.jpg","cupPrice":"$0.35 per 100g","unit":"ea","packageSize":"505g","barcode":["9300644705325"],"isAvailable":true,"location":["tas"]},{"id":"c8530198p-9300682047548","store":"coles","name":"Crispy Chocolate Bag Medium","brand":"M&M's","price":2.12,"orgPrice":4.25,"categoryIds":["pantry"],"imagePath":"https://shop.coles.com.au/wcsstore/Coles-CAS/images/8/5/3/8530198.jpg","cupPrice":"$1.46 per 100g","unit":"ea","packageSize":"145g","barcode":["9300682047548","9300682035781","9300682013376"],"isAvailable":true,"location":["tas"]},{"id":"c8027055p-9300644702409","store":"coles","name":"Country Ladle Rich & Creamy Pumpkin Soup Can","brand":"Campbell's","price":1.75,"orgPrice":3.5,"categoryIds":["pantry"],"imagePath":"https://shop.coles.com.au/wcsstore/Coles-CAS/images/8/0/2/8027055.jpg","cupPrice":"$0.35 per 100g","unit":"ea","packageSize":"500g","barcode":["9300644702409"],"isAvailable":true,"location":["tas"]},{"id":"c6642816p-9310055416895","store":"coles","name":"LCMs Chocolatey Split Stix Puffed Rice Breakfast Cereal Bars 6 pack","brand":"Kellogg's","price":2,"orgPrice":4,"categoryIds":["pantry"],"imagePath":"https://shop.coles.com.au/wcsstore/Coles-CAS/images/6/6/4/6642816.jpg","cupPrice":"$1.45 per 100g","unit":"ea","packageSize":"138g","barcode":["9310055416895","8852756401752"],"isAvailable":true,"location":["tas"]},{"id":"c4905448p-9300644700719","store":"coles","name":"Chunky Pea & Ham Soup Can","brand":"Campbell's","price":1.75,"orgPrice":3.5,"categoryIds":["pantry"],"imagePath":"https://shop.coles.com.au/wcsstore/Coles-CAS/images/4/9/0/4905448.jpg","cupPrice":"$0.35 per 100g","unit":"ea","packageSize":"505g","barcode":["9300644700719"],"isAvailable":true,"location":["tas"]},{"id":"c1260346p-9310988012782","store":"coles","name":"Sea Salt & Cracked Pepper Potato Chips","brand":"Natural Chip Co.","price":2.1,"orgPrice":null,"categoryIds":["pantry"],"imagePath":"https://shop.coles.com.au/wcsstore/Coles-CAS/images/1/2/6/1260346.jpg","cupPrice":"$1.20 per 100g","unit":"ea","packageSize":"175g","barcode":["9310988012782"],"isAvailable":true,"location":["tas"]},{"id":"c1750254p-5010477346216","store":"coles","name":"Crunchy Oat Granola With Berries Cereal","brand":"Jordans","price":3.5,"orgPrice":7,"categoryIds":["pantry"],"imagePath":"https://shop.coles.com.au/wcsstore/Coles-CAS/images/1/7/5/1750254.jpg","cupPrice":"$0.70 per 100g","unit":"ea","packageSize":"500g","barcode":["5010477346216"],"isAvailable":true,"location":["tas"]},{"id":"c2670081p-9310988015080","store":"coles","name":"Sweet Chilli & Sour Cream Potato Chips","brand":"Kettle","price":2.32,"orgPrice":4.65,"categoryIds":["pantry"],"imagePath":"https://shop.coles.com.au/wcsstore/Coles-CAS/images/2/6/7/2670081.jpg","cupPrice":"$1.33 per 100g","unit":"ea","packageSize":"175g","barcode":["9310988015080","400003206254","9310988016094"],"isAvailable":true,"location":["tas"]},{"id":"c3022043p-8852756401578","store":"coles","name":"LCMs Coco Pops Chocolatey Puffed Rice Snack Bars 6 pack","brand":"Kellogg's","price":2,"orgPrice":4,"categoryIds":["pantry"],"imagePath":"https://shop.coles.com.au/wcsstore/Coles-CAS/images/3/0/2/3022043.jpg","cupPrice":"$1.52 per 100g","unit":"ea","packageSize":"132g","barcode":["8852756401578"],"isAvailable":true,"location":["tas"]},{"id":"c3295104p-9310645244907","store":"coles","name":"Sweetcorn And Mayonnaise Responsibly Fished Tuna","brand":"Wild Tides","price":1,"orgPrice":2,"categoryIds":["pantry"],"imagePath":"https://shop.coles.com.au/wcsstore/Coles-CAS/images/3/2/9/3295104.jpg","cupPrice":"$10.53 per 1kg","unit":"ea","packageSize":"95g","barcode":["9310645244907"],"isAvailable":true,"location":["tas"]},{"id":"c3497889p-9300617074113","store":"coles","name":"Crunchie Bites Tub","brand":"Cadbury","price":6,"orgPrice":12,"categoryIds":["pantry"],"imagePath":"https://shop.coles.com.au/wcsstore/Coles-CAS/images/3/4/9/3497889.jpg","cupPrice":"$1.76 per 100g","unit":"ea","packageSize":"340g","barcode":["9300617074113"],"isAvailable":true,"location":["tas"]},{"id":"c3449401p-9310072030524","store":"coles","name":"Balsamic Vinegar & Sea Salt Cracker Chips","brand":"Arnott's","price":2.25,"orgPrice":4.5,"categoryIds":["pantry"],"imagePath":"https://shop.coles.com.au/wcsstore/Coles-CAS/images/3/4/4/3449401.jpg","cupPrice":"$1.50 per 100g","unit":"ea","packageSize":"150g","barcode":["9310072030524"],"isAvailable":true,"location":["tas"]},{"id":"c3526604p-8005510007848","store":"coles","name":"Classico Italian Extra Virgin Olive Oil","brand":"Monini","price":6,"orgPrice":12,"categoryIds":["pantry"],"imagePath":"https://shop.coles.com.au/wcsstore/Coles-CAS/images/3/5/2/3526604.jpg","cupPrice":"$0.80 per 100ml","unit":"ea","packageSize":"750ml","barcode":["8005510007848"],"isAvailable":true,"location":["tas"]},{"id":"c8228669p-9300605114289","store":"coles","name":"Blend 43 Mild Roast Instant Coffee","brand":"Nescafe","price":4.7,"orgPrice":9.4,"categoryIds":["pantry"],"imagePath":"https://shop.coles.com.au/wcsstore/Coles-CAS/images/8/2/2/8228669.jpg","cupPrice":"$3.13 per 100g","unit":"ea","packageSize":"150g","barcode":["9300605114289","9300605130319"],"isAvailable":true,"location":["tas"]},{"id":"c5072600p-9300617041962","store":"coles","name":"Dairy Milk Caramello Chocolate Bar","brand":"Cadbury","price":1,"orgPrice":2,"categoryIds":["pantry"],"imagePath":"https://shop.coles.com.au/wcsstore/Coles-CAS/images/5/0/7/5072600.jpg","cupPrice":"$1.82 per 100g","unit":"ea","packageSize":"55g","barcode":["9300617041962","9300685000038","9300617320166"],"isAvailable":true,"location":["tas"]},{"id":"c9186065p-9300685000618","store":"coles","name":"Marvellous Creations Jelly Popping Candy Beanies Chocolate Bar","brand":"Cadbury","price":1,"orgPrice":2,"categoryIds":["pantry"],"imagePath":"https://shop.coles.com.au/wcsstore/Coles-CAS/images/9/1/8/9186065.jpg","cupPrice":"$2.00 per 100g","unit":"ea","packageSize":"50g","barcode":["9300685000618","9300617000815","9300685000083","9300617042013"],"isAvailable":true,"location":["tas"]},{"id":"c1315368p-5010477341259","store":"coles","name":"Crispy Oat Clusters Strawberry","brand":"Jordans","price":3.5,"orgPrice":7,"categoryIds":["pantry"],"imagePath":"https://shop.coles.com.au/wcsstore/Coles-CAS/images/1/3/1/1315368.jpg","cupPrice":"$0.70 per 100g","unit":"ea","packageSize":"500g","barcode":["5010477341259"],"isAvailable":true,"location":["tas"]},{"id":"c3215105p","store":"coles","name":"Low Sugar Granola Almond  And Hazelnut","brand":"Jordans","price":3.5,"orgPrice":7,"categoryIds":["pantry"],"imagePath":"https://shop.coles.com.au/wcsstore/Coles-CAS/images/3/2/1/3215105.jpg","cupPrice":"$0.70 per 100g","unit":"ea","packageSize":"500g","barcode":null,"isAvailable":true,"location":["tas"]},{"id":"c3414123p-9300644704977","store":"coles","name":"Chicken Noodle Soup","brand":"Well Yes","price":1.75,"orgPrice":3.5,"categoryIds":["pantry"],"imagePath":"https://shop.coles.com.au/wcsstore/Coles-CAS/images/3/4/1/3414123.jpg","cupPrice":"$0.38 per 100g","unit":"ea","packageSize":"458g","barcode":["9300644704977"],"isAvailable":true,"location":["tas"]},{"id":"c3414167p-9300644704991","store":"coles","name":"Hearty Lentil With Vegetable Soup","brand":"Well Yes","price":1.75,"orgPrice":3.5,"categoryIds":["pantry"],"imagePath":"https://shop.coles.com.au/wcsstore/Coles-CAS/images/3/4/1/3414167.jpg","cupPrice":"$0.38 per 100g","unit":"ea","packageSize":"463g","barcode":["9300644704991"],"isAvailable":true,"location":["tas"]},{"id":"c3449423p-9310072030548","store":"coles","name":"Sea Salt Cracker Chips","brand":"Arnott's","price":2.25,"orgPrice":4.5,"categoryIds":["pantry"],"imagePath":"https://shop.coles.com.au/wcsstore/Coles-CAS/images/3/4/4/3449423.jpg","cupPrice":"$1.50 per 100g","unit":"ea","packageSize":"150g","barcode":["9310072030548"],"isAvailable":true,"location":["tas"]},{"id":"c3616172p-9310146972637","store":"coles","name":"Smart Fibre Kids Dinosaurs Pasta","brand":"Vetta","price":1,"orgPrice":2,"categoryIds":["pantry"],"imagePath":"https://shop.coles.com.au/wcsstore/Coles-CAS/images/3/6/1/3616172.jpg","cupPrice":"$0.20 per 100g","unit":"ea","packageSize":"500g","barcode":["9310146972637"],"isAvailable":true,"location":["tas"]},{"id":"c3583164p-400003530069","store":"coles","name":"LCMs Dino Puffed Rice Breakfast Cereal Bars 6 pack","brand":"Kellogg's","price":2,"orgPrice":4,"categoryIds":["pantry"],"imagePath":"https://shop.coles.com.au/wcsstore/Coles-CAS/images/3/5/8/3583164.jpg","cupPrice":"$1.52 per 100g","unit":"ea","packageSize":"132g","barcode":["400003530069","8852756302530"],"isAvailable":true,"location":["tas"]},{"id":"c6815812p-9300644701617","store":"coles","name":"Country Ladle Garden Vegetable Soup Can","brand":"Campbell's","price":1.75,"orgPrice":3.5,"categoryIds":["pantry"],"imagePath":"https://shop.coles.com.au/wcsstore/Coles-CAS/images/6/8/1/6815812.jpg","cupPrice":"$0.35 per 100g","unit":"ea","packageSize":"500g","barcode":["9300644701617"],"isAvailable":true,"location":["tas"]},{"id":"c4173135p-9314807009427","store":"coles","name":"Slim Right Vanilla Weight Loss Powder","brand":"Nature's Way","price":7.25,"orgPrice":14.5,"categoryIds":["pantry"],"imagePath":"https://shop.coles.com.au/wcsstore/Coles-CAS/images/4/1/7/4173135.jpg","cupPrice":"$1.93 per 100g","unit":"ea","packageSize":"375g","barcode":["9314807009427","400003456598","9314807060763"],"isAvailable":true,"location":["tas"]},{"id":"c95914p-7614500035788","store":"coles","name":"Milk Chocolate Gift Bar","brand":"Toblerone","price":2.5,"orgPrice":5,"categoryIds":["pantry"],"imagePath":"https://shop.coles.com.au/wcsstore/Coles-CAS/images/9/5/9/95914.jpg","cupPrice":"$1.25 per 100g","unit":"ea","packageSize":"200g","barcode":["7614500035788","070221035730"],"isAvailable":true,"location":["tas"]},{"id":"c2010719p-5010477346230","store":"coles","name":"Crunchy Oat Granola Extremely Nutty","brand":"Jordans","price":3.5,"orgPrice":7,"categoryIds":["pantry"],"imagePath":"https://shop.coles.com.au/wcsstore/Coles-CAS/images/2/0/1/2010719.jpg","cupPrice":"$0.70 per 100g","unit":"ea","packageSize":"500g","barcode":["5010477346230"],"isAvailable":true,"location":["tas"]},{"id":"c2352428p-9310012045113","store":"coles","name":"Green Curry Paste","brand":"Kan Tong Thai","price":2,"orgPrice":4,"categoryIds":["pantry"],"imagePath":"https://shop.coles.com.au/wcsstore/Coles-CAS/images/2/3/5/2352428.jpg","cupPrice":"$0.80 per 100g","unit":"ea","packageSize":"250g","barcode":["9310012045113"],"isAvailable":true,"location":["tas"]},{"id":"c2499084p-5010477349637","store":"coles","name":"Crispy Oat Clusters Wild About Berries Cereal","brand":"Jordans","price":3.5,"orgPrice":7,"categoryIds":["pantry"],"imagePath":"https://shop.coles.com.au/wcsstore/Coles-CAS/images/2/4/9/2499084.jpg","cupPrice":"$0.70 per 100g","unit":"ea","packageSize":"500g","barcode":["5010477349637"],"isAvailable":true,"location":["tas"]},{"id":"c3139186p-9325740029304","store":"coles","name":"Fat Blaster Less Sugar Chocolate Shake","brand":"Naturopathica","price":10,"orgPrice":20,"categoryIds":["pantry"],"imagePath":"https://shop.coles.com.au/wcsstore/Coles-CAS/images/3/1/3/3139186.jpg","cupPrice":"$2.33 per 100g","unit":"ea","packageSize":"430g","barcode":["9325740029304"],"isAvailable":true,"location":["tas"]},{"id":"c3735003p-9310072031750","store":"coles","name":"Mozzarella & Basil Cracker Chips","brand":"Arnott's","price":2.25,"orgPrice":4.5,"categoryIds":["pantry"],"imagePath":"https://shop.coles.com.au/wcsstore/Coles-CAS/images/3/7/3/3735003.jpg","cupPrice":"$1.50 per 100g","unit":"ea","packageSize":"150g","barcode":["9310072031750"],"isAvailable":true,"location":["tas"]},{"id":"c9202729p-8852756805963","store":"coles","name":"Nut Delight Protein Snack Bar 4 pack","brand":"Be Natural","price":2,"orgPrice":4,"categoryIds":["pantry"],"imagePath":"https://shop.coles.com.au/wcsstore/Coles-CAS/images/9/2/0/9202729.jpg","cupPrice":"$1.25 per 100g","unit":"ea","packageSize":"160g","barcode":["8852756805963","9300771101830","8852756401646"],"isAvailable":true,"location":["tas"]},{"id":"c2676984p-93698535","store":"coles","name":"Ferrero Hazelnut Spread With Cocoa + Breadsticks","brand":"Nutella","price":1.25,"orgPrice":2.5,"categoryIds":["pantry"],"imagePath":"https://shop.coles.com.au/wcsstore/Coles-CAS/images/2/6/7/2676984.jpg","cupPrice":"$2.60 per 100g","unit":"ea","packageSize":"48g","barcode":["93698535"],"isAvailable":true,"location":["tas"]},{"id":"c3507519p-9300617067160","store":"coles","name":"Dairy Milk Peppermint Chocolate Bar","brand":"Cadbury","price":1,"orgPrice":2,"categoryIds":["pantry"],"imagePath":"https://shop.coles.com.au/wcsstore/Coles-CAS/images/3/5/0/3507519.jpg","cupPrice":"$1.82 per 100g","unit":"ea","packageSize":"55g","barcode":["9300617067160"],"isAvailable":true,"location":["tas"]},{"id":"c3734995p-9310072031743","store":"coles","name":"Hickory Ribs Cracker Chips","brand":"Arnott's","price":2.25,"orgPrice":4.5,"categoryIds":["pantry"],"imagePath":"https://shop.coles.com.au/wcsstore/Coles-CAS/images/3/7/3/3734995.jpg","cupPrice":"$1.50 per 100g","unit":"ea","packageSize":"150g","barcode":["9310072031743"],"isAvailable":true,"location":["tas"]},{"id":"c8772732p-9300682047609","store":"coles","name":"Mix Ups Chocolate Bag Medium","brand":"M&M's","price":2.12,"orgPrice":4.25,"categoryIds":["pantry"],"imagePath":"https://shop.coles.com.au/wcsstore/Coles-CAS/images/8/7/7/8772732.jpg","cupPrice":"$1.46 per 100g","unit":"ea","packageSize":"145g","barcode":["9300682047609","9300682035965","9300682015486","9300682015479"],"isAvailable":true,"location":["tas"]},{"id":"c4341819p-9325740007104","store":"coles","name":"Fat Blaster Max Tablets","brand":"Naturopathica","price":20,"orgPrice":40,"categoryIds":["pantry"],"imagePath":"https://shop.coles.com.au/wcsstore/Coles-CAS/images/4/3/4/4341819.jpg","cupPrice":"$33.33 per 100ea","unit":"ea","packageSize":"60 pack","barcode":["9325740007104","400003495955"],"isAvailable":true,"location":["tas"]},{"id":"c1693004p-9310146972156","store":"coles","name":"Smart Protein Penne Pasta","brand":"Vetta","price":1.12,"orgPrice":2.25,"categoryIds":["pantry"],"imagePath":"https://shop.coles.com.au/wcsstore/Coles-CAS/images/1/6/9/1693004.jpg","cupPrice":"$0.30 per 100g","unit":"ea","packageSize":"375g","barcode":["9310146972156","9310146972132"],"isAvailable":true,"location":["tas"]},{"id":"c3185343p","store":"coles","name":"Gourmet Porridge Almond Pecan & Hazelnut","brand":"Carmans","price":3,"orgPrice":6,"categoryIds":["pantry"],"imagePath":"https://shop.coles.com.au/wcsstore/Coles-CAS/images/3/1/8/3185343.jpg","cupPrice":"$0.94 per 100g","unit":"ea","packageSize":"320g","barcode":null,"isAvailable":true,"location":["tas"]},{"id":"c3168504p-9310988014953","store":"coles","name":"Tomato Herbs/Chilli Lime Chips","brand":"Natural Chip Co.","price":2.1,"orgPrice":null,"categoryIds":["pantry"],"imagePath":"https://shop.coles.com.au/wcsstore/Coles-CAS/images/3/1/6/3168504.jpg","cupPrice":"$1.20 per 100g","unit":"ea","packageSize":"175g","barcode":["9310988014953","9310988017886","9310988016841"],"isAvailable":true,"location":["tas"]},{"id":"c3208165p","store":"coles","name":"Gold Smooth Mild Ground Coffee","brand":"Nescafe","price":4.5,"orgPrice":9,"categoryIds":["pantry"],"imagePath":"https://shop.coles.com.au/wcsstore/Coles-CAS/images/3/2/0/3208165.jpg","cupPrice":"$5.00 per 100g","unit":"ea","packageSize":"90g","barcode":null,"isAvailable":true,"location":["tas"]},{"id":"c8885965p-9300617042266","store":"coles","name":"Dream White Chocolate Bar","brand":"Cadbury","price":1,"orgPrice":2,"categoryIds":["pantry"],"imagePath":"https://shop.coles.com.au/wcsstore/Coles-CAS/images/8/8/8/8885965.jpg","cupPrice":"$2.00 per 100g","unit":"ea","packageSize":"50g","barcode":["9300617042266","9400550639988"],"isAvailable":true,"location":["tas"]},{"id":"c3404786p-9300617042068","store":"coles","name":"Dairy Milk Hazelnut Chocolate Bar","brand":"Cadbury","price":1,"orgPrice":2,"categoryIds":["pantry"],"imagePath":"https://shop.coles.com.au/wcsstore/Coles-CAS/images/3/4/0/3404786.jpg","cupPrice":"$1.82 per 100g","unit":"ea","packageSize":"55g","barcode":["9300617042068"],"isAvailable":true,"location":["tas"]},{"id":"c3414270p-9300644705165","store":"coles","name":"Chunky Peppered Steak & Potato Beef Soup","brand":"Campbell's","price":1.75,"orgPrice":3.5,"categoryIds":["pantry"],"imagePath":"https://shop.coles.com.au/wcsstore/Coles-CAS/images/3/4/1/3414270.jpg","cupPrice":"$0.35 per 100g","unit":"ea","packageSize":"505g","barcode":["9300644705165"],"isAvailable":true,"location":["tas"]},{"id":"c3414156p-9300644704984","store":"coles","name":"Roasted Chicken With Wild Rice Soup","brand":"Well Yes","price":1.75,"orgPrice":3.5,"categoryIds":["pantry"],"imagePath":"https://shop.coles.com.au/wcsstore/Coles-CAS/images/3/4/1/3414156.jpg","cupPrice":"$0.38 per 100g","unit":"ea","packageSize":"463g","barcode":["9300644704984"],"isAvailable":true,"location":["tas"]},{"id":"c3449412p-9310072030531","store":"coles","name":"Sweet Chili & Sour Cream Cracker Chips","brand":"Arnott's","price":2.25,"orgPrice":4.5,"categoryIds":["pantry"],"imagePath":"https://shop.coles.com.au/wcsstore/Coles-CAS/images/3/4/4/3449412.jpg","cupPrice":"$1.50 per 100g","unit":"ea","packageSize":"150g","barcode":["9310072030531"],"isAvailable":true,"location":["tas"]},{"id":"c3506764p-9300617074465","store":"coles","name":"Organic Dark Chocolate","brand":"Green & Blacks","price":2.12,"orgPrice":4.25,"categoryIds":["pantry"],"imagePath":"https://shop.coles.com.au/wcsstore/Coles-CAS/images/3/5/0/3506764.jpg","cupPrice":"$2.36 per 100g","unit":"ea","packageSize":"90g","barcode":["9300617074465"],"isAvailable":true,"location":["tas"]},{"id":"c3506786p-9300617074502","store":"coles","name":"Organic Milk Chocolate","brand":"Green & Blacks","price":2.12,"orgPrice":4.25,"categoryIds":["pantry"],"imagePath":"https://shop.coles.com.au/wcsstore/Coles-CAS/images/3/5/0/3506786.jpg","cupPrice":"$2.36 per 100g","unit":"ea","packageSize":"90g","barcode":["9300617074502"],"isAvailable":true,"location":["tas"]},{"id":"c3716213p-9300830057580","store":"coles","name":"Harvest Pumpkin & Sour Cream Soup","brand":"Continental Sensation","price":1.25,"orgPrice":2.5,"categoryIds":["pantry"],"imagePath":"https://shop.coles.com.au/wcsstore/Coles-CAS/images/3/7/1/3716213.jpg","cupPrice":"$1.79 per 100g","unit":"ea","packageSize":"70g","barcode":["9300830057580"],"isAvailable":true,"location":["tas"]},{"id":"c8731236p-9323966999944","store":"coles","name":"Lindor Milk Chocolate Balls Gift Box","brand":"Lindt","price":10,"orgPrice":20,"categoryIds":["pantry"],"imagePath":"https://shop.coles.com.au/wcsstore/Coles-CAS/images/8/7/3/8731236.jpg","cupPrice":"$4.26 per 100g","unit":"ea","packageSize":"235g","barcode":["9323966999944","9323966100999","9323966999982"],"isAvailable":true,"location":["tas"]},{"id":"c7582094p-400003115549","store":"coles","name":"Sours Lollies Medium Bag","brand":"Skittles","price":2.12,"orgPrice":4.3,"categoryIds":["pantry"],"imagePath":"https://shop.coles.com.au/wcsstore/Coles-CAS/images/7/5/8/7582094.jpg","cupPrice":"$1.12 per 100g","unit":"ea","packageSize":"190g","barcode":["400003115549","9300613105446","400003243020"],"isAvailable":true,"location":["tas"]},{"id":"c1692985p-9310146972118","store":"coles","name":"Smart Protein Spirals Pasta","brand":"Vetta","price":1.12,"orgPrice":2.25,"categoryIds":["pantry"],"imagePath":"https://shop.coles.com.au/wcsstore/Coles-CAS/images/1/6/9/1692985.jpg","cupPrice":"$0.30 per 100g","unit":"ea","packageSize":"375g","barcode":["9310146972118","9310146972149"],"isAvailable":true,"location":["tas"]},{"id":"c3019640p-9300682049993","store":"coles","name":"Honeycomb Flavour Chocolate Bag Medium","brand":"Maltesers","price":2.12,"orgPrice":4.25,"categoryIds":["pantry"],"imagePath":"https://shop.coles.com.au/wcsstore/Coles-CAS/images/3/0/1/3019640.jpg","cupPrice":"$1.51 per 100g","unit":"ea","packageSize":"140g","barcode":["9300682049993"],"isAvailable":true,"location":["tas"]},{"id":"c3215070p","store":"coles","name":"Low Sugar Granola Cherry And Almond","brand":"Jordans","price":3.5,"orgPrice":7,"categoryIds":["pantry"],"imagePath":"https://shop.coles.com.au/wcsstore/Coles-CAS/images/3/2/1/3215070.jpg","cupPrice":"$0.70 per 100g","unit":"ea","packageSize":"500g","barcode":null,"isAvailable":true,"location":["tas"]},{"id":"c3293630p-9300682050142","store":"coles","name":"Chocolate Caramel Bag Medium","brand":"M&M's","price":2.12,"orgPrice":4.25,"categoryIds":["pantry"],"imagePath":"https://shop.coles.com.au/wcsstore/Coles-CAS/images/3/2/9/3293630.jpg","cupPrice":"$1.63 per 100g","unit":"ea","packageSize":"130g","barcode":["9300682050142"],"isAvailable":true,"location":["tas"]},{"id":"c3394241p-9300617072867","store":"coles","name":"Cherry Ripe Dark Ganache Chocolate Bar","brand":"Cadbury","price":1,"orgPrice":2,"categoryIds":["pantry"],"imagePath":"https://shop.coles.com.au/wcsstore/Coles-CAS/images/3/3/9/3394241.jpg","cupPrice":"$2.13 per 100g","unit":"ea","packageSize":"47g","barcode":["9300617072867"],"isAvailable":true,"location":["tas"]},{"id":"c3466207p-9300617074199","store":"coles","name":"Cocoa Smooth Dark Chocolate","brand":"Green & Black's","price":2.12,"orgPrice":4.25,"categoryIds":["pantry"],"imagePath":"https://shop.coles.com.au/wcsstore/Coles-CAS/images/3/4/6/3466207.jpg","cupPrice":"$2.36 per 100g","unit":"ea","packageSize":"90g","barcode":["9300617074199"],"isAvailable":true,"location":["tas"]},{"id":"c3506775p-9300617074489","store":"coles","name":"Organic Dark Chocolate Block","brand":"Green & Black's","price":2.12,"orgPrice":4.25,"categoryIds":["pantry"],"imagePath":"https://shop.coles.com.au/wcsstore/Coles-CAS/images/3/5/0/3506775.jpg","cupPrice":"$2.36 per 100g","unit":"ea","packageSize":"90g","barcode":["9300617074489"],"isAvailable":true,"location":["tas"]},{"id":"c3526648p-8005510008463","store":"coles","name":"Delicato Italian Extra Virgin Olive Oil","brand":"Monini","price":6,"orgPrice":12,"categoryIds":["pantry"],"imagePath":"https://shop.coles.com.au/wcsstore/Coles-CAS/images/3/5/2/3526648.jpg","cupPrice":"$0.80 per 100ml","unit":"ea","packageSize":"750ml","barcode":["8005510008463","400003512119"],"isAvailable":true,"location":["tas"]},{"id":"c3741684p-9319133335431","store":"coles","name":"Fibre Rich Probiotic Cereal Vanilla Bean & Seed","brand":"Carman's","price":3,"orgPrice":6,"categoryIds":["pantry"],"imagePath":"https://shop.coles.com.au/wcsstore/Coles-CAS/images/3/7/4/3741684.jpg","cupPrice":"$1.25 per 100g","unit":"ea","packageSize":"240g","barcode":["9319133335431"],"isAvailable":true,"location":["tas"]},{"id":"c9676031p-9314807060787","store":"coles","name":"Slim Right Strawberry Weight Loss Drink Powder","brand":"Nature's Way","price":7.25,"orgPrice":14.5,"categoryIds":["pantry"],"imagePath":"https://shop.coles.com.au/wcsstore/Coles-CAS/images/9/6/7/9676031.jpg","cupPrice":"$1.93 per 100g","unit":"ea","packageSize":"375g","barcode":["9314807060787","400003456604","9314807008154"],"isAvailable":true,"location":["tas"]},{"id":"c1736774p-9319133332676","store":"coles","name":"Honey Roasted Nut Gourmet Porridge Sachets 8 pack","brand":"Carman's","price":3,"orgPrice":6,"categoryIds":["pantry"],"imagePath":"https://shop.coles.com.au/wcsstore/Coles-CAS/images/1/7/3/1736774.jpg","cupPrice":"$0.94 per 100g","unit":"ea","packageSize":"320g","barcode":["9319133332676"],"isAvailable":true,"location":["tas"]},{"id":"c2352439p-9310012045847","store":"coles","name":"Red Curry Paste","brand":"Kan Tong Thai","price":2,"orgPrice":4,"categoryIds":["pantry"],"imagePath":"https://shop.coles.com.au/wcsstore/Coles-CAS/images/2/3/5/2352439.jpg","cupPrice":"$0.80 per 100g","unit":"ea","packageSize":"250g","barcode":["9310012045847"],"isAvailable":true,"location":["tas"]},{"id":"c3478046p-9325740030317","store":"coles","name":"Fat Blaster Chocolate Flavour Keto Fit Protein Shake Mix","brand":"Naturopathica","price":15,"orgPrice":30,"categoryIds":["pantry"],"imagePath":"https://shop.coles.com.au/wcsstore/Coles-CAS/images/3/4/7/3478046.jpg","cupPrice":"$5.00 per 100g","unit":"ea","packageSize":"300g","barcode":["9325740030317"],"isAvailable":true,"location":["tas"]},{"id":"c3588055p-9300682055567","store":"coles","name":"Buttons Milk Chocolate Bag Medium","brand":"Maltesers","price":2.12,"orgPrice":4.25,"categoryIds":["pantry"],"imagePath":"https://shop.coles.com.au/wcsstore/Coles-CAS/images/3/5/8/3588055.jpg","cupPrice":"$1.77 per 100g","unit":"ea","packageSize":"120g","barcode":["9300682055567","400003532063"],"isAvailable":true,"location":["tas"]},{"id":"c3716199p-9300830057566","store":"coles","name":"Garden Cauliflower & 4 Cheese Soup","brand":"Continental Sensation","price":1.25,"orgPrice":2.5,"categoryIds":["pantry"],"imagePath":"https://shop.coles.com.au/wcsstore/Coles-CAS/images/3/7/1/3716199.jpg","cupPrice":"$2.02 per 100g","unit":"ea","packageSize":"62g","barcode":["9300830057566"],"isAvailable":true,"location":["tas"]},{"id":"c3714670p-9300644705301","store":"coles","name":"Chunky Soup Chicken Korma","brand":"Campbell's","price":1.75,"orgPrice":3.5,"categoryIds":["pantry"],"imagePath":"https://shop.coles.com.au/wcsstore/Coles-CAS/images/3/7/1/3714670.jpg","cupPrice":"$0.35 per 100g","unit":"ea","packageSize":"505g","barcode":["9300644705301"],"isAvailable":true,"location":["tas"]},{"id":"c3212297p","store":"coles","name":"Hazelnut Spread with Pretzel Sticks","brand":"Nutella","price":1.25,"orgPrice":2.5,"categoryIds":["pantry"],"imagePath":"https://shop.coles.com.au/wcsstore/Coles-CAS/images/3/2/1/3212297.jpg","cupPrice":"$2.50 per 100g","unit":"ea","packageSize":"50g","barcode":null,"isAvailable":true,"location":["tas"]},{"id":"c3247305p","store":"coles","name":"Freddo Milky Top Chocolate Bar","brand":"Cadbury","price":1,"orgPrice":2,"categoryIds":["pantry"],"imagePath":"https://shop.coles.com.au/wcsstore/Coles-CAS/images/3/2/4/3247305.jpg","cupPrice":"$2.22 per 100g","unit":"ea","packageSize":"45g","barcode":null,"isAvailable":true,"location":["tas"]},{"id":"c3450637p-9300613114448","store":"coles","name":"Original Fruit Chews Lollies Large Bag","brand":"Starburst","price":2.12,"orgPrice":4.3,"categoryIds":["pantry"],"imagePath":"https://shop.coles.com.au/wcsstore/Coles-CAS/images/3/4/5/3450637.jpg","cupPrice":"$0.90 per 100g","unit":"ea","packageSize":"235g","barcode":["9300613114448"],"isAvailable":true,"location":["tas"]},{"id":"c3414190p-9300644705004","store":"coles","name":"Well Yes Minestrone With Kale Soup","brand":"Campbell's","price":1.75,"orgPrice":3.5,"categoryIds":["pantry"],"imagePath":"https://shop.coles.com.au/wcsstore/Coles-CAS/images/3/4/1/3414190.jpg","cupPrice":"$0.38 per 100g","unit":"ea","packageSize":"458g","barcode":["9300644705004"],"isAvailable":true,"location":["tas"]},{"id":"c3466182p-9300617074342","store":"coles","name":"Mint Smooth Dark Chocolate","brand":"Green & Black's","price":2.12,"orgPrice":4.25,"categoryIds":["pantry"],"imagePath":"https://shop.coles.com.au/wcsstore/Coles-CAS/images/3/4/6/3466182.jpg","cupPrice":"$2.36 per 100g","unit":"ea","packageSize":"90g","barcode":["9300617074342"],"isAvailable":true,"location":["tas"]},{"id":"c3584870p-9300682055147","store":"coles","name":"Crispy Honeycomb Flavour Chocolate Bag Medium","brand":"M&M's","price":2.12,"orgPrice":4.25,"categoryIds":["pantry"],"imagePath":"https://shop.coles.com.au/wcsstore/Coles-CAS/images/3/5/8/3584870.jpg","cupPrice":"$1.46 per 100g","unit":"ea","packageSize":"145g","barcode":["9300682055147"],"isAvailable":true,"location":["tas"]},{"id":"c3608913p-9310645277394","store":"coles","name":"Responsibly Fished Tuna Teriyaki","brand":"Wild Tides","price":1,"orgPrice":2,"categoryIds":["pantry"],"imagePath":"https://shop.coles.com.au/wcsstore/Coles-CAS/images/3/6/0/3608913.jpg","cupPrice":"$10.53 per 1kg","unit":"ea","packageSize":"95g","barcode":["9310645277394"],"isAvailable":true,"location":["tas"]},{"id":"c3716224p-9300830057597","store":"coles","name":"Cheesy Broccoli & Potato Soup","brand":"Continental Sensation","price":1.25,"orgPrice":2.5,"categoryIds":["pantry"],"imagePath":"https://shop.coles.com.au/wcsstore/Coles-CAS/images/3/7/1/3716224.jpg","cupPrice":"$2.23 per 100g","unit":"ea","packageSize":"56g","barcode":["9300830057597"],"isAvailable":true,"location":["tas"]},{"id":"c3741673p-9319133335424","store":"coles","name":"Fibre Rich Probiotic Honey & Almond","brand":"Carman's","price":3,"orgPrice":6,"categoryIds":["pantry"],"imagePath":"https://shop.coles.com.au/wcsstore/Coles-CAS/images/3/7/4/3741673.jpg","cupPrice":"$1.25 per 100g","unit":"ea","packageSize":"240g","barcode":["9319133335424"],"isAvailable":true,"location":["tas"]},{"id":"c3139200p-9325740029311","store":"coles","name":"Fat Blaster Less Sugar Vanilla Shake","brand":"Naturopathica","price":10,"orgPrice":20,"categoryIds":["pantry"],"imagePath":"https://shop.coles.com.au/wcsstore/Coles-CAS/images/3/1/3/3139200.jpg","cupPrice":"$2.33 per 100g","unit":"ea","packageSize":"430g","barcode":["9325740029311"],"isAvailable":true,"location":["tas"]},{"id":"c3715640p-9300682056540","store":"coles","name":"M&M's Mint","brand":"Mars","price":2.12,"orgPrice":4.25,"categoryIds":["pantry"],"imagePath":"https://shop.coles.com.au/wcsstore/Coles-CAS/images/3/7/1/3715640.jpg","cupPrice":"$1.33 per 100g","unit":"ea","packageSize":"160g","barcode":["9300682056540"],"isAvailable":true,"location":["tas"]},{"id":"c3714681p-9300644705318","store":"coles","name":"Chunky Soup Chilli Beef","brand":"Campbell's","price":1.75,"orgPrice":3.5,"categoryIds":["pantry"],"imagePath":"https://shop.coles.com.au/wcsstore/Coles-CAS/images/3/7/1/3714681.jpg","cupPrice":"$0.35 per 100g","unit":"ea","packageSize":"505g","barcode":["9300644705318"],"isAvailable":true,"location":["tas"]},{"id":"c3247123p-070177225278","store":"coles","name":"Watermelon, Strawberry & Mint Cold Water Infusion 12 pack","brand":"Twinings","price":2.75,"orgPrice":5.5,"categoryIds":["pantry"],"imagePath":"https://shop.coles.com.au/wcsstore/Coles-CAS/images/3/2/4/3247123.jpg","cupPrice":"$0.23 per 1ea","unit":"ea","packageSize":"30g","barcode":["070177225278"],"isAvailable":true,"location":["tas"]},{"id":"c3414305p-9300644705172","store":"coles","name":"Chunky Beef Stroganoff Soup","brand":"Campbell's","price":1.75,"orgPrice":3.5,"categoryIds":["pantry"],"imagePath":"https://shop.coles.com.au/wcsstore/Coles-CAS/images/3/4/1/3414305.jpg","cupPrice":"$0.35 per 100g","unit":"ea","packageSize":"505g","barcode":["9300644705172"],"isAvailable":true,"location":["tas"]},{"id":"c3716235p-9300830057511","store":"coles","name":"Sweet Potato Pumpkin & Caramelised Onion Soup","brand":"Continental Sensation","price":1.25,"orgPrice":2.5,"categoryIds":["pantry"],"imagePath":"https://shop.coles.com.au/wcsstore/Coles-CAS/images/3/7/1/3716235.jpg","cupPrice":"$1.98 per 100g","unit":"ea","packageSize":"63g","barcode":["9300830057511"],"isAvailable":true,"location":["tas"]},{"id":"c3716188p-9300830057559","store":"coles","name":"Vine Ripened Tomato & Ricotta Soup","brand":"Continental Sensation","price":1.25,"orgPrice":2.5,"categoryIds":["pantry"],"imagePath":"https://shop.coles.com.au/wcsstore/Coles-CAS/images/3/7/1/3716188.jpg","cupPrice":"$2.31 per 100g","unit":"ea","packageSize":"54g","barcode":["9300830057559"],"isAvailable":true,"location":["tas"]},{"id":"c3716155p-9300830057528","store":"coles","name":"Mushroom Bacon Soup","brand":"Continental Sensation","price":1.25,"orgPrice":2.5,"categoryIds":["pantry"],"imagePath":"https://shop.coles.com.au/wcsstore/Coles-CAS/images/3/7/1/3716155.jpg","cupPrice":"$2.60 per 100g","unit":"ea","packageSize":"48g","barcode":["9300830057528"],"isAvailable":true,"location":["tas"]},{"id":"c2262992p-9300830023974","store":"coles","name":"Thai Coconut & Lemongrass Rice Serves 2","brand":"Continental","price":1.37,"orgPrice":2.75,"categoryIds":["pantry"],"imagePath":"https://shop.coles.com.au/wcsstore/Coles-CAS/images/2/2/6/2262992.jpg","cupPrice":"$1.19 per 100g","unit":"ea","packageSize":"115g","barcode":["9300830023974"],"isAvailable":true,"location":["tas"]},{"id":"c2263011p-9300830024018","store":"coles","name":"Roast Chicken & Leek Risotto Serves 2","brand":"Continental","price":1.37,"orgPrice":2.75,"categoryIds":["pantry"],"imagePath":"https://shop.coles.com.au/wcsstore/Coles-CAS/images/2/2/6/2263011.jpg","cupPrice":"$1.19 per 100g","unit":"ea","packageSize":"115g","barcode":["9300830024018"],"isAvailable":true,"location":["tas"]},{"id":"c3082012p-9310988017947","store":"coles","name":"Roasted Garlic & Parmesan Potato Chips","brand":"Kettle","price":2.32,"orgPrice":4.65,"categoryIds":["pantry"],"imagePath":"https://shop.coles.com.au/wcsstore/Coles-CAS/images/3/0/8/3082012.jpg","cupPrice":"$1.33 per 100g","unit":"ea","packageSize":"175g","barcode":["9310988017947","9310988016308","9310988017008","9310988016193"],"isAvailable":true,"location":["tas"]},{"id":"c3608924p-9310645277400","store":"coles","name":"Responsibly Fished Tuna Thai Green Curry Mild","brand":"Wild Tides","price":1,"orgPrice":2,"categoryIds":["pantry"],"imagePath":"https://shop.coles.com.au/wcsstore/Coles-CAS/images/3/6/0/3608924.jpg","cupPrice":"$10.53 per 1kg","unit":"ea","packageSize":"95g","barcode":["9310645277400"],"isAvailable":true,"location":["tas"]},{"id":"c2263102p-9300830023929","store":"coles","name":"Creamy Tomato Parmesan & Basil Pasta Serves 2","brand":"Continental","price":1.37,"orgPrice":2.75,"categoryIds":["pantry"],"imagePath":"https://shop.coles.com.au/wcsstore/Coles-CAS/images/2/2/6/2263102.jpg","cupPrice":"$1.40 per 100g","unit":"ea","packageSize":"98g","barcode":["9300830023929"],"isAvailable":true,"location":["tas"]},{"id":"c2262981p-9300830023943","store":"coles","name":"Creamy Spinach Parmesan & Bacon Pasta Serves 2","brand":"Continental","price":1.37,"orgPrice":2.75,"categoryIds":["pantry"],"imagePath":"https://shop.coles.com.au/wcsstore/Coles-CAS/images/2/2/6/2262981.jpg","cupPrice":"$1.51 per 100g","unit":"ea","packageSize":"91g","barcode":["9300830023943"],"isAvailable":true,"location":["tas"]},{"id":"c3139222p-9325740029335","store":"coles","name":"Fat Blaster 30% Less Sugar Raspberry Ripple Shake","brand":"Naturopathica","price":10,"orgPrice":20,"categoryIds":["pantry"],"imagePath":"https://shop.coles.com.au/wcsstore/Coles-CAS/images/3/1/3/3139222.jpg","cupPrice":"$2.33 per 100g","unit":"ea","packageSize":"430g","barcode":["9325740029335"],"isAvailable":true,"location":["tas"]},{"id":"c3614949p-9310146972590","store":"coles","name":"Smart Fibre Instant Lasagne Sheets","brand":"Vetta","price":1.25,"orgPrice":2.5,"categoryIds":["pantry"],"imagePath":"https://shop.coles.com.au/wcsstore/Coles-CAS/images/3/6/1/3614949.jpg","cupPrice":"$0.50 per 100g","unit":"ea","packageSize":"250g","barcode":["9310146972590"],"isAvailable":true,"location":["tas"]},{"id":"c3716202p-9300830057573","store":"coles","name":"Creamy Roast Chicken Spring Onion Soup","brand":"Continental Sensation","price":1.25,"orgPrice":2.5,"categoryIds":["pantry"],"imagePath":"https://shop.coles.com.au/wcsstore/Coles-CAS/images/3/7/1/3716202.jpg","cupPrice":"$2.05 per 100g","unit":"ea","packageSize":"61g","barcode":["9300830057573"],"isAvailable":true,"location":["tas"]},{"id":"c1478362p","store":"coles","name":"Sugar Free Natural Energy Drink Can","brand":"28 Black","price":1.3,"orgPrice":2.7,"categoryIds":["pantry"],"imagePath":"https://shop.coles.com.au/wcsstore/Coles-CAS/images/1/4/7/1478362.jpg","cupPrice":"$5.20 per 1l","unit":"ea","packageSize":"250ml","barcode":null,"isAvailable":true,"location":["tas"]},{"id":"c2877104p-9319133334243","store":"coles","name":"Natural 5 Grain & Super Seed Gourmet Porridge Sachets","brand":"Carman's","price":3,"orgPrice":6,"categoryIds":["pantry"],"imagePath":"https://shop.coles.com.au/wcsstore/Coles-CAS/images/2/8/7/2877104.jpg","cupPrice":"$0.94 per 100g","unit":"ea","packageSize":"320g","barcode":["9319133334243"],"isAvailable":true,"location":["tas"]},{"id":"c3139211p-9325740029328","store":"coles","name":"Fat Blaster 30% Less Sugar Mocha Shake","brand":"Naturopathica","price":10,"orgPrice":20,"categoryIds":["pantry"],"imagePath":"https://shop.coles.com.au/wcsstore/Coles-CAS/images/3/1/3/3139211.jpg","cupPrice":"$2.33 per 100g","unit":"ea","packageSize":"430g","barcode":["9325740029328"],"isAvailable":true,"location":["tas"]},{"id":"c3247134p","store":"coles","name":"Passionfruit Mango & Blood Orange Cold Water Infusion 12 pack","brand":"Twinings","price":2.75,"orgPrice":5.5,"categoryIds":["pantry"],"imagePath":"https://shop.coles.com.au/wcsstore/Coles-CAS/images/3/2/4/3247134.jpg","cupPrice":"$0.23 per 1ea","unit":"ea","packageSize":"30g","barcode":null,"isAvailable":true,"location":["tas"]},{"id":"c3247101p-070177225421","store":"coles","name":"Blueberry, Apple & Blackcurrant Cold Water Infusion 12 pack","brand":"Twinings","price":2.75,"orgPrice":5.5,"categoryIds":["pantry"],"imagePath":"https://shop.coles.com.au/wcsstore/Coles-CAS/images/3/2/4/3247101.jpg","cupPrice":"$0.23 per 1ea","unit":"ea","packageSize":"30g","barcode":["070177225421","0701771784754"],"isAvailable":true,"location":["tas"]},{"id":"c3466193p-9300617074175","store":"coles","name":"Salted Caramel Smooth Dark Chocolate","brand":"Green & Black's","price":2.12,"orgPrice":4.25,"categoryIds":["pantry"],"imagePath":"https://shop.coles.com.au/wcsstore/Coles-CAS/images/3/4/6/3466193.jpg","cupPrice":"$2.36 per 100g","unit":"ea","packageSize":"90g","barcode":["9300617074175"],"isAvailable":true,"location":["tas"]},{"id":"c3466477p-9300617074359","store":"coles","name":"Orange & Almond Smooth Dark Chocolate","brand":"Green & Black's","price":2.12,"orgPrice":4.25,"categoryIds":["pantry"],"imagePath":"https://shop.coles.com.au/wcsstore/Coles-CAS/images/3/4/6/3466477.jpg","cupPrice":"$2.36 per 100g","unit":"ea","packageSize":"90g","barcode":["9300617074359"],"isAvailable":true,"location":["tas"]},{"id":"c3608946p-9310645277417","store":"coles","name":"Responsibly Fished Tuna Triple Chilli Medium","brand":"Wild Tides","price":1,"orgPrice":2,"categoryIds":["pantry"],"imagePath":"https://shop.coles.com.au/wcsstore/Coles-CAS/images/3/6/0/3608946.jpg","cupPrice":"$10.53 per 1kg","unit":"ea","packageSize":"95g","barcode":["9310645277417"],"isAvailable":true,"location":["tas"]},{"id":"c3716166p-9300830057535","store":"coles","name":"Thai Pumpkin Coconut Soup","brand":"Continental Sensation","price":1.25,"orgPrice":2.5,"categoryIds":["pantry"],"imagePath":"https://shop.coles.com.au/wcsstore/Coles-CAS/images/3/7/1/3716166.jpg","cupPrice":"$2.02 per 100g","unit":"ea","packageSize":"62g","barcode":["9300830057535"],"isAvailable":true,"location":["tas"]},{"id":"c7588159p-9314807022778","store":"coles","name":"Protein Figure Vanilla Powder","brand":"Nature's Way","price":13,"orgPrice":26,"categoryIds":["pantry"],"imagePath":"https://shop.coles.com.au/wcsstore/Coles-CAS/images/7/5/8/7588159.jpg","cupPrice":"$3.25 per 100g","unit":"ea","packageSize":"400g","barcode":["9314807022778"],"isAvailable":true,"location":["tas"]},{"id":"c2263033p-9300830024025","store":"coles","name":"Mushroom & Chive Risotto Serves 3","brand":"Continental","price":1.37,"orgPrice":2.75,"categoryIds":["pantry"],"imagePath":"https://shop.coles.com.au/wcsstore/Coles-CAS/images/2/2/6/2263033.jpg","cupPrice":"$1.19 per 100g","unit":"ea","packageSize":"115g","barcode":["9300830024025"],"isAvailable":true,"location":["tas"]},{"id":"c3618189p-070177225995","store":"coles","name":"Infuse Peach & Passionfruit Cold Water Infusion 12 Pack","brand":"Twinings","price":2.75,"orgPrice":5.5,"categoryIds":["pantry"],"imagePath":"https://shop.coles.com.au/wcsstore/Coles-CAS/images/3/6/1/3618189.jpg","cupPrice":"$9.17 per 100g","unit":"ea","packageSize":"30g","barcode":["070177225995"],"isAvailable":true,"location":["tas"]},{"id":"c5886780p-9310076667498","store":"coles","name":"Frozen Yum Cha Entertainer Pack","brand":"Ho Mai","price":7,"orgPrice":14,"categoryIds":["freezer"],"imagePath":"https://shop.coles.com.au/wcsstore/Coles-CAS/images/5/8/8/5886780.jpg","cupPrice":"$0.70 per 100g","unit":"ea","packageSize":"1kg","barcode":["9310076667498"],"isAvailable":true,"location":["tas"]},{"id":"c8434332p-9310213563621","store":"coles","name":"Frozen Chicken Breast Goujons","brand":"Steggles","price":8.75,"orgPrice":17.5,"categoryIds":["freezer"],"imagePath":"https://shop.coles.com.au/wcsstore/Coles-CAS/images/8/4/3/8434332.jpg","cupPrice":"$8.75 per 1kg","unit":"ea","packageSize":"1kg","barcode":["9310213563621","9310213542480"],"isAvailable":true,"location":["tas"]},{"id":"c3236976p","store":"coles","name":"Frozen Tempura Chicken Breast Pops","brand":"Steggles","price":8.75,"orgPrice":17.5,"categoryIds":["freezer"],"imagePath":"https://shop.coles.com.au/wcsstore/Coles-CAS/images/3/2/3/3236976.jpg","cupPrice":"$8.75 per 1kg","unit":"ea","packageSize":"1kg","barcode":null,"isAvailable":true,"location":["tas"]},{"id":"c8634943p-9344988000074","store":"coles","name":"Frozen Ristorante Pepperoni Pizza","brand":"Dr. Oetker","price":3.75,"orgPrice":7.5,"categoryIds":["freezer"],"imagePath":"https://shop.coles.com.au/wcsstore/Coles-CAS/images/8/6/3/8634943.jpg","cupPrice":"$1.21 per 100g","unit":"ea","packageSize":"310g","barcode":["9344988000074"],"isAvailable":true,"location":["tas"]},{"id":"c7308081p-4001724819806","store":"coles","name":"Frozen Ristorante Mozzarella Pizza","brand":"Dr. Oetker","price":3.75,"orgPrice":7.5,"categoryIds":["freezer"],"imagePath":"https://shop.coles.com.au/wcsstore/Coles-CAS/images/7/3/0/7308081.jpg","cupPrice":"$1.12 per 100g","unit":"ea","packageSize":"335g","barcode":["4001724819806"],"isAvailable":true,"location":["tas"]},{"id":"c5892294p-9310161006102","store":"coles","name":"Splits Multi Flavoured Ice Cream Sticks 10 pack","brand":"Bulla","price":3.5,"orgPrice":7,"categoryIds":["freezer"],"imagePath":"https://shop.coles.com.au/wcsstore/Coles-CAS/images/5/8/9/5892294.jpg","cupPrice":"$0.47 per 100ml","unit":"ea","packageSize":"750ml","barcode":["9310161006102"],"isAvailable":true,"location":["tas"]},{"id":"c5938974p-9310161006171","store":"coles","name":"Chocolate Coated Vanilla Ice Cream Bars 10 pack","brand":"Bulla","price":3.5,"orgPrice":7,"categoryIds":["freezer"],"imagePath":"https://shop.coles.com.au/wcsstore/Coles-CAS/images/5/9/3/5938974.jpg","cupPrice":"$0.46 per 100ml","unit":"ea","packageSize":"768ml","barcode":["9310161006171"],"isAvailable":true,"location":["tas"]},{"id":"c5077986p-9310076666378","store":"coles","name":"Frozen Chicken Mini Dim Sim","brand":"Golden Wok","price":5,"orgPrice":10,"categoryIds":["freezer"],"imagePath":"https://shop.coles.com.au/wcsstore/Coles-CAS/images/5/0/7/5077986.jpg","cupPrice":"$0.76 per 100g","unit":"ea","packageSize":"660g","barcode":["9310076666378"],"isAvailable":true,"location":["tas"]},{"id":"c8634954p-9344988000043","store":"coles","name":"Frozen Ristorante Hawaii Pizza","brand":"Dr. Oetker","price":3.75,"orgPrice":7.5,"categoryIds":["freezer"],"imagePath":"https://shop.coles.com.au/wcsstore/Coles-CAS/images/8/6/3/8634954.jpg","cupPrice":"$1.06 per 100g","unit":"ea","packageSize":"355g","barcode":["9344988000043"],"isAvailable":true,"location":["tas"]},{"id":"c7308048p-4001724819400","store":"coles","name":"Frozen Ristorante Spinaci (Spinach) Pizza","brand":"Dr. Oetker","price":3.75,"orgPrice":7.5,"categoryIds":["freezer"],"imagePath":"https://shop.coles.com.au/wcsstore/Coles-CAS/images/7/3/0/7308048.jpg","cupPrice":"$0.96 per 100g","unit":"ea","packageSize":"390g","barcode":["4001724819400"],"isAvailable":true,"location":["tas"]},{"id":"c5974719p-9310161006157","store":"coles","name":"Crunch Multi Flavoured Ice Cream Sticks 8 pack","brand":"Bulla","price":3.5,"orgPrice":7,"categoryIds":["freezer"],"imagePath":"https://shop.coles.com.au/wcsstore/Coles-CAS/images/5/9/7/5974719.jpg","cupPrice":"$0.55 per 100ml","unit":"ea","packageSize":"631ml","barcode":["9310161006157"],"isAvailable":true,"location":["tas"]},{"id":"c3051132p-8935239904060","store":"coles","name":"Frozen Family Dumpling Pack 20 Pieces","brand":"Mr.Chen's","price":8.5,"orgPrice":17,"categoryIds":["freezer"],"imagePath":"https://shop.coles.com.au/wcsstore/Coles-CAS/images/3/0/5/3051132.jpg","cupPrice":"$1.36 per 100g","unit":"ea","packageSize":"625g","barcode":["8935239904060"],"isAvailable":true,"location":["tas"]},{"id":"c6749810p-9310161006515","store":"coles","name":"Frozen Multi Flavoured Yoghurt Sticks 8 pack","brand":"Bulla","price":3.5,"orgPrice":7,"categoryIds":["freezer"],"imagePath":"https://shop.coles.com.au/wcsstore/Coles-CAS/images/6/7/4/6749810.jpg","cupPrice":"$0.74 per 100g","unit":"ea","packageSize":"472g","barcode":["9310161006515"],"isAvailable":true,"location":["tas"]},{"id":"c3311506p-9310076669010","store":"coles","name":"Frozen Diana Chan's Korean Beef Dumplings","brand":"Golden Wok","price":3.75,"orgPrice":7.5,"categoryIds":["freezer"],"imagePath":"https://shop.coles.com.au/wcsstore/Coles-CAS/images/3/3/1/3311506.jpg","cupPrice":"$1.63 per 100g","unit":"ea","packageSize":"230g","barcode":["9310076669010"],"isAvailable":true,"location":["tas"]},{"id":"c3311492p-9310076669003","store":"coles","name":"Frozen Diana Chan's Szechuan Pork Dumplings","brand":"Golden Wok","price":3.75,"orgPrice":7.5,"categoryIds":["freezer"],"imagePath":"https://shop.coles.com.au/wcsstore/Coles-CAS/images/3/3/1/3311492.jpg","cupPrice":"$1.63 per 100g","unit":"ea","packageSize":"230g","barcode":["9310076669003"],"isAvailable":true,"location":["tas"]},{"id":"c3311517p-9310076669027","store":"coles","name":"Frozen Diana Chan's Vegetable Dumplings","brand":"Golden Wok","price":3.75,"orgPrice":7.5,"categoryIds":["freezer"],"imagePath":"https://shop.coles.com.au/wcsstore/Coles-CAS/images/3/3/1/3311517.jpg","cupPrice":"$1.63 per 100g","unit":"ea","packageSize":"230g","barcode":["9310076669027"],"isAvailable":true,"location":["tas"]},{"id":"c5201236p-9323015006555","store":"coles","name":"Frozen Cocktail Spring Rolls 24 pack","brand":"Pacific West","price":3,"orgPrice":6,"categoryIds":["freezer"],"imagePath":"https://shop.coles.com.au/wcsstore/Coles-CAS/images/5/2/0/5201236.jpg","cupPrice":"$0.70 per 100g","unit":"ea","packageSize":"430g","barcode":["9323015006555"],"isAvailable":true,"location":["tas"]},{"id":"c6863815p-9310135026570","store":"coles","name":"Frozen Sticky Date Pudding","brand":"Sara Lee","price":3.12,"orgPrice":6.25,"categoryIds":["freezer"],"imagePath":"https://shop.coles.com.au/wcsstore/Coles-CAS/images/6/8/6/6863815.jpg","cupPrice":"$0.66 per 100g","unit":"ea","packageSize":"475g","barcode":["9310135026570"],"isAvailable":true,"location":["tas"]},{"id":"c3310784p-9310076668990","store":"coles","name":"Frozen Diana Chan's Thai Chicken Dumplings","brand":"Golden Wok","price":3.75,"orgPrice":7.5,"categoryIds":["freezer"],"imagePath":"https://shop.coles.com.au/wcsstore/Coles-CAS/images/3/3/1/3310784.jpg","cupPrice":"$1.63 per 100g","unit":"ea","packageSize":"230g","barcode":["9310076668990"],"isAvailable":true,"location":["tas"]},{"id":"c3544990p-9310161014824","store":"coles","name":"Splits Spiders Multiflavour Ice Cream Sticks 10 Pack","brand":"Bulla","price":3.5,"orgPrice":7,"categoryIds":["freezer"],"imagePath":"https://shop.coles.com.au/wcsstore/Coles-CAS/images/3/5/4/3544990.jpg","cupPrice":"$0.47 per 100ml","unit":"ea","packageSize":"750ml","barcode":["9310161014824","400003566501"],"isAvailable":true,"location":["tas"]},{"id":"c268900p-9310135026655","store":"coles","name":"Frozen Chocolate Buttercake","brand":"Sara Lee","price":3.12,"orgPrice":6.25,"categoryIds":["freezer"],"imagePath":"https://shop.coles.com.au/wcsstore/Coles-CAS/images/2/6/8/268900.jpg","cupPrice":"$0.89 per 100g","unit":"ea","packageSize":"350g","barcode":["9310135026655"],"isAvailable":true,"location":["tas"]},{"id":"c5672243p-9310135023241","store":"coles","name":"Frozen Custard Danish","brand":"Sara Lee","price":3.12,"orgPrice":6.25,"categoryIds":["freezer"],"imagePath":"https://shop.coles.com.au/wcsstore/Coles-CAS/images/5/6/7/5672243.jpg","cupPrice":"$0.78 per 100g","unit":"ea","packageSize":"400g","barcode":["9310135023241","9310135165002"],"isAvailable":true,"location":["tas"]},{"id":"c188210p-9310135164982","store":"coles","name":"Frozen Apple Danish","brand":"Sara Lee","price":3.12,"orgPrice":6.25,"categoryIds":["freezer"],"imagePath":"https://shop.coles.com.au/wcsstore/Coles-CAS/images/1/8/8/188210.jpg","cupPrice":"$0.78 per 100g","unit":"ea","packageSize":"400g","barcode":["9310135164982","9310135023258"],"isAvailable":true,"location":["tas"]},{"id":"c9131290p-9310135020387","store":"coles","name":"Frozen French Cream Cheesecake","brand":"Sara Lee","price":3.12,"orgPrice":6.25,"categoryIds":["freezer"],"imagePath":"https://shop.coles.com.au/wcsstore/Coles-CAS/images/9/1/3/9131290.jpg","cupPrice":"$0.87 per 100g","unit":"ea","packageSize":"360g","barcode":["9310135020387"],"isAvailable":true,"location":["tas"]},{"id":"c6125869p-9310135020424","store":"coles","name":"Frozen Chocolate Bavarian Cheesecake","brand":"Sara Lee","price":3.12,"orgPrice":6.25,"categoryIds":["freezer"],"imagePath":"https://shop.coles.com.au/wcsstore/Coles-CAS/images/6/1/2/6125869.jpg","cupPrice":"$0.83 per 100g","unit":"ea","packageSize":"375g","barcode":["9310135020424"],"isAvailable":true,"location":["tas"]},{"id":"c6125891p-9310135020400","store":"coles","name":"Frozen  Strawberry Cheesecake","brand":"Sara Lee","price":3.12,"orgPrice":6.25,"categoryIds":["freezer"],"imagePath":"https://shop.coles.com.au/wcsstore/Coles-CAS/images/6/1/2/6125891.jpg","cupPrice":"$0.76 per 100g","unit":"ea","packageSize":"410g","barcode":["9310135020400"],"isAvailable":true,"location":["tas"]},{"id":"c3146862p-858089003159","store":"coles","name":"Sea Salt Caramel Ice Cream Tub","brand":"Halo Top","price":4.5,"orgPrice":9,"categoryIds":["freezer"],"imagePath":"https://shop.coles.com.au/wcsstore/Coles-CAS/images/3/1/4/3146862.jpg","cupPrice":"$0.95 per 100ml","unit":"ea","packageSize":"473ml","barcode":["858089003159"],"isAvailable":true,"location":["tas"]},{"id":"c3146851p-858089003227","store":"coles","name":"Peanut Butter Ice Cream Tub","brand":"Halo Top","price":4.5,"orgPrice":9,"categoryIds":["freezer"],"imagePath":"https://shop.coles.com.au/wcsstore/Coles-CAS/images/3/1/4/3146851.jpg","cupPrice":"$0.95 per 100ml","unit":"ea","packageSize":"473ml","barcode":["858089003227"],"isAvailable":true,"location":["tas"]},{"id":"c3146884p","store":"coles","name":"Chocolate Ice Cream Tub","brand":"Halo Top","price":4.5,"orgPrice":9,"categoryIds":["freezer"],"imagePath":"https://shop.coles.com.au/wcsstore/Coles-CAS/images/3/1/4/3146884.jpg","cupPrice":"$0.95 per 100ml","unit":"ea","packageSize":"473ml","barcode":null,"isAvailable":true,"location":["tas"]},{"id":"c3062081p-9310135155478","store":"coles","name":"Frozen Chocolate Fudge Brownie","brand":"Sara Lee","price":3.12,"orgPrice":6.25,"categoryIds":["freezer"],"imagePath":"https://shop.coles.com.au/wcsstore/Coles-CAS/images/3/0/6/3062081.jpg","cupPrice":"$0.89 per 100g","unit":"ea","packageSize":"350g","barcode":["9310135155478"],"isAvailable":true,"location":["tas"]},{"id":"c2383341p-9415767014411","store":"coles","name":"Original Green Energy Drink 275mL Cans","brand":"V","price":4.67,"orgPrice":9.35,"categoryIds":["drinks"],"imagePath":"https://shop.coles.com.au/wcsstore/Coles-CAS/images/2/3/8/2383341.jpg","cupPrice":"$4.25 per 1l","unit":"ea","packageSize":"4 pack","barcode":["9415767014411"],"isAvailable":true,"location":["tas"]},{"id":"c116322p-9300605114173","store":"coles","name":"Blend 43 Instant Coffee","brand":"Nescafe","price":4.7,"orgPrice":9.4,"categoryIds":["drinks"],"imagePath":"https://shop.coles.com.au/wcsstore/Coles-CAS/images/1/1/6/116322.jpg","cupPrice":"$3.13 per 100g","unit":"ea","packageSize":"150g","barcode":["9300605114173","9300605004887","9300605302020"],"isAvailable":true,"location":["tas"]},{"id":"c2383352p-9415767014442","store":"coles","name":"Energy Drink Original Sugar Free 4 x 275ml cans","brand":"V","price":4.67,"orgPrice":9.35,"categoryIds":["drinks"],"imagePath":"https://shop.coles.com.au/wcsstore/Coles-CAS/images/2/3/8/2383352.jpg","cupPrice":"$4.25 per 1l","unit":"ea","packageSize":"4 pack","barcode":["9415767014442"],"isAvailable":true,"location":["tas"]},{"id":"c2383363p-9415767014435","store":"coles","name":"Energy Drink Blue 4 x 275ml Cans","brand":"V","price":4.67,"orgPrice":9.35,"categoryIds":["drinks"],"imagePath":"https://shop.coles.com.au/wcsstore/Coles-CAS/images/2/3/8/2383363.jpg","cupPrice":"$4.25 per 1l","unit":"ea","packageSize":"4 pack","barcode":["9415767014435"],"isAvailable":true,"location":["tas"]},{"id":"c8229231p-9300605114227","store":"coles","name":"Blend 43 Espresso Instant Coffee","brand":"Nescafe","price":4.7,"orgPrice":9.4,"categoryIds":["drinks"],"imagePath":"https://shop.coles.com.au/wcsstore/Coles-CAS/images/8/2/2/8229231.jpg","cupPrice":"$3.13 per 100g","unit":"ea","packageSize":"150g","barcode":["9300605114227","9300605130418"],"isAvailable":true,"location":["tas"]},{"id":"c4965712p-9325121003305","store":"coles","name":"Premium Full Bodied Granulated Coffee","brand":"Robert Timms","price":4,"orgPrice":null,"categoryIds":["drinks"],"imagePath":"https://shop.coles.com.au/wcsstore/Coles-CAS/images/4/9/6/4965712.jpg","cupPrice":"$2.00 per 100g","unit":"ea","packageSize":"200g","barcode":["9325121003305"],"isAvailable":true,"location":["tas"]},{"id":"c8639925p-9325121003770","store":"coles","name":"Premium Espresso Extra Dark Roasted Granulated Coffee","brand":"Robert Timms","price":4,"orgPrice":null,"categoryIds":["drinks"],"imagePath":"https://shop.coles.com.au/wcsstore/Coles-CAS/images/8/6/3/8639925.jpg","cupPrice":"$2.00 per 100g","unit":"ea","packageSize":"200g","barcode":["9325121003770"],"isAvailable":true,"location":["tas"]},{"id":"c2125460p-9300605100060","store":"coles","name":"Blend 43 Smooth & Creamy Instant Coffee","brand":"Nescafe","price":4.7,"orgPrice":9.4,"categoryIds":["drinks"],"imagePath":"https://shop.coles.com.au/wcsstore/Coles-CAS/images/2/1/2/2125460.jpg","cupPrice":"$3.36 per 100g","unit":"ea","packageSize":"140g","barcode":["9300605100060"],"isAvailable":true,"location":["tas"]},{"id":"c3734736p-9415767016255","store":"coles","name":"Drink Rasp Lemonade 275mL","brand":"V Energy","price":4.67,"orgPrice":9.35,"categoryIds":["drinks"],"imagePath":"https://shop.coles.com.au/wcsstore/Coles-CAS/images/3/7/3/3734736.jpg","cupPrice":"$4.25 per 1l","unit":"ea","packageSize":"4 pack","barcode":["9415767016255","9415767116252"],"isAvailable":true,"location":["tas"]},{"id":"c8049750p-93605830","store":"coles","name":"Gold Original Premium Instant Coffee","brand":"Nescafe","price":4.75,"orgPrice":9.5,"categoryIds":["drinks"],"imagePath":"https://shop.coles.com.au/wcsstore/Coles-CAS/images/8/0/4/8049750.jpg","cupPrice":"$4.75 per 100g","unit":"ea","packageSize":"100g","barcode":["93605830","93625296","400003381722"],"isAvailable":true,"location":["tas"]},{"id":"c8228669p-9300605114289","store":"coles","name":"Blend 43 Mild Roast Instant Coffee","brand":"Nescafe","price":4.7,"orgPrice":9.4,"categoryIds":["drinks"],"imagePath":"https://shop.coles.com.au/wcsstore/Coles-CAS/images/8/2/2/8228669.jpg","cupPrice":"$3.13 per 100g","unit":"ea","packageSize":"150g","barcode":["9300605114289","9300605130319"],"isAvailable":true,"location":["tas"]},{"id":"c3447530p-400003474707","store":"coles","name":"Sparkling Apple Tropical Punch Drink","brand":"Golden Circle","price":1,"orgPrice":2,"categoryIds":["drinks"],"imagePath":"https://shop.coles.com.au/wcsstore/Coles-CAS/images/3/4/4/3447530.jpg","cupPrice":"$4.00 per 1l","unit":"ea","packageSize":"250ml","barcode":["400003474707","9310179002936"],"isAvailable":true,"location":["tas"]},{"id":"c3447450p-400003474691","store":"coles","name":"Sparkling Crisp Apple Drink","brand":"Golden Circle","price":1,"orgPrice":2,"categoryIds":["drinks"],"imagePath":"https://shop.coles.com.au/wcsstore/Coles-CAS/images/3/4/4/3447450.jpg","cupPrice":"$4.00 per 1l","unit":"ea","packageSize":"250ml","barcode":["400003474691","9310179002912"],"isAvailable":true,"location":["tas"]},{"id":"c3208165p","store":"coles","name":"Gold Smooth Mild Ground Coffee","brand":"Nescafe","price":4.5,"orgPrice":9,"categoryIds":["drinks"],"imagePath":"https://shop.coles.com.au/wcsstore/Coles-CAS/images/3/2/0/3208165.jpg","cupPrice":"$5.00 per 100g","unit":"ea","packageSize":"90g","barcode":null,"isAvailable":true,"location":["tas"]},{"id":"c3247123p-070177225278","store":"coles","name":"Watermelon, Strawberry & Mint Cold Water Infusion 12 pack","brand":"Twinings","price":2.75,"orgPrice":5.5,"categoryIds":["drinks"],"imagePath":"https://shop.coles.com.au/wcsstore/Coles-CAS/images/3/2/4/3247123.jpg","cupPrice":"$0.23 per 1ea","unit":"ea","packageSize":"30g","barcode":["070177225278"],"isAvailable":true,"location":["tas"]},{"id":"c3247134p","store":"coles","name":"Passionfruit Mango & Blood Orange Cold Water Infusion 12 pack","brand":"Twinings","price":2.75,"orgPrice":5.5,"categoryIds":["drinks"],"imagePath":"https://shop.coles.com.au/wcsstore/Coles-CAS/images/3/2/4/3247134.jpg","cupPrice":"$0.23 per 1ea","unit":"ea","packageSize":"30g","barcode":null,"isAvailable":true,"location":["tas"]},{"id":"c3247101p-070177225421","store":"coles","name":"Blueberry, Apple & Blackcurrant Cold Water Infusion 12 pack","brand":"Twinings","price":2.75,"orgPrice":5.5,"categoryIds":["drinks"],"imagePath":"https://shop.coles.com.au/wcsstore/Coles-CAS/images/3/2/4/3247101.jpg","cupPrice":"$0.23 per 1ea","unit":"ea","packageSize":"30g","barcode":["070177225421","0701771784754"],"isAvailable":true,"location":["tas"]},{"id":"c3618189p-070177225995","store":"coles","name":"Infuse Peach & Passionfruit Cold Water Infusion 12 Pack","brand":"Twinings","price":2.75,"orgPrice":5.5,"categoryIds":["drinks"],"imagePath":"https://shop.coles.com.au/wcsstore/Coles-CAS/images/3/6/1/3618189.jpg","cupPrice":"$9.17 per 100g","unit":"ea","packageSize":"30g","barcode":["070177225995"],"isAvailable":true,"location":["tas"]},{"id":"c2352428p-9310012045113","store":"coles","name":"Green Curry Paste","brand":"Kan Tong Thai","price":2,"orgPrice":4,"categoryIds":["international-foods"],"imagePath":"https://shop.coles.com.au/wcsstore/Coles-CAS/images/2/3/5/2352428.jpg","cupPrice":"$0.80 per 100g","unit":"ea","packageSize":"250g","barcode":["9310012045113"],"isAvailable":true,"location":["tas"]},{"id":"c2352439p-9310012045847","store":"coles","name":"Red Curry Paste","brand":"Kan Tong Thai","price":2,"orgPrice":4,"categoryIds":["international-foods"],"imagePath":"https://shop.coles.com.au/wcsstore/Coles-CAS/images/2/3/5/2352439.jpg","cupPrice":"$0.80 per 100g","unit":"ea","packageSize":"250g","barcode":["9310012045847"],"isAvailable":true,"location":["tas"]},{"id":"c3265282p-9310645243153","store":"coles","name":"Indian Daal Makhani","brand":"Coles","price":1.5,"orgPrice":3,"categoryIds":["international-foods"],"imagePath":"https://shop.coles.com.au/wcsstore/Coles-CAS/images/3/2/6/3265282.jpg","cupPrice":"$0.50 per 100g","unit":"ea","packageSize":"300g","barcode":["9310645243153"],"isAvailable":true,"location":["tas"]},{"id":"c3265250p-9310645243177","store":"coles","name":"Indian Chana Masala","brand":"Coles","price":1.5,"orgPrice":3,"categoryIds":["international-foods"],"imagePath":"https://shop.coles.com.au/wcsstore/Coles-CAS/images/3/2/6/3265250.jpg","cupPrice":"$0.50 per 100g","unit":"ea","packageSize":"300g","barcode":["9310645243177"],"isAvailable":true,"location":["tas"]},{"id":"c2869478p-9311770592475","store":"coles","name":"Odourless High Strength Wild Fish Oil Capsules","brand":"Swisse","price":17.5,"orgPrice":35,"categoryIds":["health-beauty"],"imagePath":"https://shop.coles.com.au/wcsstore/Coles-CAS/images/2/8/6/2869478.jpg","cupPrice":"$0.04 per 1ea","unit":"ea","packageSize":"400 pack","barcode":["9311770592475"],"isAvailable":true,"location":["tas"]},{"id":"c8096069p-9316090015284","store":"coles","name":"Odourless Fish Oil  2000mg Capsules","brand":"Nature's Own","price":15,"orgPrice":30,"categoryIds":["health-beauty"],"imagePath":"https://shop.coles.com.au/wcsstore/Coles-CAS/images/8/0/9/8096069.jpg","cupPrice":"$7.50 per 100ea","unit":"ea","packageSize":"200 pack","barcode":["9316090015284"],"isAvailable":true,"location":["tas"]},{"id":"c2900545p-93550642","store":"coles","name":"Daily Health Capsules","brand":"Blackmores","price":14,"orgPrice":28,"categoryIds":["health-beauty"],"imagePath":"https://shop.coles.com.au/wcsstore/Coles-CAS/images/2/9/0/2900545.jpg","cupPrice":"$46.67 per 100ea","unit":"ea","packageSize":"30 pack","barcode":["93550642"],"isAvailable":true,"location":["tas"]},{"id":"c4941770p-9300807232057","store":"coles","name":"Fish Oil 1000mg Capsules","brand":"Blackmores","price":15,"orgPrice":30,"categoryIds":["health-beauty"],"imagePath":"https://shop.coles.com.au/wcsstore/Coles-CAS/images/4/9/4/4941770.jpg","cupPrice":"$3.75 per 100ea","unit":"ea","packageSize":"400 pack","barcode":["9300807232057","9300807287378"],"isAvailable":true,"location":["tas"]},{"id":"c9676010p-9314807060770","store":"coles","name":"Slim Right Chocolate Weight Loss Powder","brand":"Nature's Way","price":7.25,"orgPrice":14.5,"categoryIds":["health-beauty"],"imagePath":"https://shop.coles.com.au/wcsstore/Coles-CAS/images/9/6/7/9676010.jpg","cupPrice":"$1.93 per 100g","unit":"ea","packageSize":"375g","barcode":["9314807060770","9314807008147"],"isAvailable":true,"location":["tas"]},{"id":"c9692854p-9316090023906","store":"coles","name":"High Strength Vitamin B12 1000mcg Tablets","brand":"Nature's Own","price":7.5,"orgPrice":15,"categoryIds":["health-beauty"],"imagePath":"https://shop.coles.com.au/wcsstore/Coles-CAS/images/9/6/9/9692854.jpg","cupPrice":"$12.50 per 100ea","unit":"ea","packageSize":"60 pack","barcode":["9316090023906"],"isAvailable":true,"location":["tas"]},{"id":"c8299135p-9300807220399","store":"coles","name":"Bio Magnesium Tablets","brand":"Blackmores","price":12.5,"orgPrice":25,"categoryIds":["health-beauty"],"imagePath":"https://shop.coles.com.au/wcsstore/Coles-CAS/images/8/2/9/8299135.jpg","cupPrice":"$12.50 per 100ea","unit":"ea","packageSize":"100 pack","barcode":["9300807220399","9300807201398"],"isAvailable":true,"location":["tas"]},{"id":"c9506814p-9300807216750","store":"coles","name":"Executive B Stress Tablets","brand":"Blackmores","price":16.9,"orgPrice":33.8,"categoryIds":["health-beauty"],"imagePath":"https://shop.coles.com.au/wcsstore/Coles-CAS/images/9/5/0/9506814.jpg","cupPrice":"$13.52 per 100ea","unit":"ea","packageSize":"125 pack","barcode":["9300807216750","9300807220115"],"isAvailable":true,"location":["tas"]},{"id":"c2556213p-9300705605229","store":"coles","name":"Vitamin C 250mg Tablets","brand":"Cenovis","price":5.25,"orgPrice":10.5,"categoryIds":["health-beauty"],"imagePath":"https://shop.coles.com.au/wcsstore/Coles-CAS/images/2/5/5/2556213.jpg","cupPrice":"$0.04 per 1ea","unit":"ea","packageSize":"150 pack","barcode":["9300705605229"],"isAvailable":true,"location":["tas"]},{"id":"c7973921p-9300705603935","store":"coles","name":"Vitamin D3 1000IU Tablets","brand":"Cenovis","price":7,"orgPrice":null,"categoryIds":["health-beauty"],"imagePath":"https://shop.coles.com.au/wcsstore/Coles-CAS/images/7/9/7/7973921.jpg","cupPrice":"$0.04 per 1ea","unit":"ea","packageSize":"200 pack","barcode":["9300705603935"],"isAvailable":true,"location":["tas"]},{"id":"c7103770p-9300705603768","store":"coles","name":"Echinacea Garlic Zinc & C Tablets","brand":"Cenovis","price":13,"orgPrice":26,"categoryIds":["health-beauty"],"imagePath":"https://shop.coles.com.au/wcsstore/Coles-CAS/images/7/1/0/7103770.jpg","cupPrice":"$0.10 per 1ea","unit":"ea","packageSize":"125 pack","barcode":["9300705603768"],"isAvailable":true,"location":["tas"]},{"id":"c9314518p-9300705601788","store":"coles","name":"Mega C 1000mg Tablets","brand":"Cenovis","price":5,"orgPrice":10,"categoryIds":["health-beauty"],"imagePath":"https://shop.coles.com.au/wcsstore/Coles-CAS/images/9/3/1/9314518.jpg","cupPrice":"$0.08 per 1ea","unit":"ea","packageSize":"60 pack","barcode":["9300705601788"],"isAvailable":true,"location":["tas"]},{"id":"c2676124p-9300705605441","store":"coles","name":"Iron Plus Tablets","brand":"Cenovis","price":6.5,"orgPrice":13,"categoryIds":["health-beauty"],"imagePath":"https://shop.coles.com.au/wcsstore/Coles-CAS/images/2/6/7/2676124.jpg","cupPrice":"$8.13 per 100ea","unit":"ea","packageSize":"80 pack","barcode":["9300705605441"],"isAvailable":true,"location":["tas"]},{"id":"c4173135p-9314807009427","store":"coles","name":"Slim Right Vanilla Weight Loss Powder","brand":"Nature's Way","price":7.25,"orgPrice":14.5,"categoryIds":["health-beauty"],"imagePath":"https://shop.coles.com.au/wcsstore/Coles-CAS/images/4/1/7/4173135.jpg","cupPrice":"$1.93 per 100g","unit":"ea","packageSize":"375g","barcode":["9314807009427","400003456598","9314807060763"],"isAvailable":true,"location":["tas"]},{"id":"c2868817p-9311770597500","store":"coles","name":"Ultiboost Glucosamine Sulfate Tablets","brand":"Swisse","price":21,"orgPrice":42,"categoryIds":["health-beauty"],"imagePath":"https://shop.coles.com.au/wcsstore/Coles-CAS/images/2/8/6/2868817.jpg","cupPrice":"$0.12 per 1ea","unit":"ea","packageSize":"180 pack","barcode":["9311770597500"],"isAvailable":true,"location":["tas"]},{"id":"c8099067p-9311770588843","store":"coles","name":"Ultiboost Odourless Wild Fish Oil 1000mg Capsules","brand":"Swisse","price":14,"orgPrice":28,"categoryIds":["health-beauty"],"imagePath":"https://shop.coles.com.au/wcsstore/Coles-CAS/images/8/0/9/8099067.jpg","cupPrice":"$3.50 per 100ea","unit":"ea","packageSize":"400 pack","barcode":["9311770588843"],"isAvailable":true,"location":["tas"]},{"id":"c3139186p-9325740029304","store":"coles","name":"Fat Blaster Less Sugar Chocolate Shake","brand":"Naturopathica","price":10,"orgPrice":20,"categoryIds":["health-beauty"],"imagePath":"https://shop.coles.com.au/wcsstore/Coles-CAS/images/3/1/3/3139186.jpg","cupPrice":"$2.33 per 100g","unit":"ea","packageSize":"430g","barcode":["9325740029304"],"isAvailable":true,"location":["tas"]},{"id":"c9499446p-9316090016175","store":"coles","name":"Advanced Complete Sleep Tablets","brand":"Nature's Own","price":10.25,"orgPrice":20.5,"categoryIds":["health-beauty"],"imagePath":"https://shop.coles.com.au/wcsstore/Coles-CAS/images/9/4/9/9499446.jpg","cupPrice":"$34.17 per 100ea","unit":"ea","packageSize":"30 pack","barcode":["9316090016175"],"isAvailable":true,"location":["tas"]},{"id":"c2837970p-400003510979","store":"coles","name":"B12 Rapi-melts Tablets","brand":"Blackmores","price":5.75,"orgPrice":11.5,"categoryIds":["health-beauty"],"imagePath":"https://shop.coles.com.au/wcsstore/Coles-CAS/images/2/8/3/2837970.jpg","cupPrice":"$19.17 per 100ea","unit":"ea","packageSize":"30 pack","barcode":["400003510979","93550185"],"isAvailable":true,"location":["tas"]},{"id":"c8297184p-9300807200414","store":"coles","name":"Pregnancy & Breast Feeding Capsules","brand":"Blackmores","price":10.25,"orgPrice":20.5,"categoryIds":["health-beauty"],"imagePath":"https://shop.coles.com.au/wcsstore/Coles-CAS/images/8/2/9/8297184.jpg","cupPrice":"$17.08 per 100ea","unit":"ea","packageSize":"60 pack","barcode":["9300807200414","9300807232675"],"isAvailable":true,"location":["tas"]},{"id":"c8142439p-9300705031455","store":"coles","name":"Echinacea Garlic Zinc & C Tablets","brand":"Cenovis","price":8,"orgPrice":16,"categoryIds":["health-beauty"],"imagePath":"https://shop.coles.com.au/wcsstore/Coles-CAS/images/8/1/4/8142439.jpg","cupPrice":"$0.13 per 1ea","unit":"ea","packageSize":"60 pack","barcode":["9300705031455"],"isAvailable":true,"location":["tas"]},{"id":"c4341819p-9325740007104","store":"coles","name":"Fat Blaster Max Tablets","brand":"Naturopathica","price":20,"orgPrice":40,"categoryIds":["health-beauty"],"imagePath":"https://shop.coles.com.au/wcsstore/Coles-CAS/images/4/3/4/4341819.jpg","cupPrice":"$33.33 per 100ea","unit":"ea","packageSize":"60 pack","barcode":["9325740007104","400003495955"],"isAvailable":true,"location":["tas"]},{"id":"c3068011p-9300807308776","store":"coles","name":"Superkids Multi Gummies","brand":"Blackmores","price":10,"orgPrice":15,"categoryIds":["health-beauty"],"imagePath":"https://shop.coles.com.au/wcsstore/Coles-CAS/images/3/0/6/3068011.jpg","cupPrice":"$0.17 per 1ea","unit":"ea","packageSize":"60 pack","barcode":["9300807308776"],"isAvailable":true,"location":["tas"]},{"id":"c2676088p-9300705605342","store":"coles","name":"Cranberry Capsules 30000mg","brand":"Cenovis","price":9,"orgPrice":18,"categoryIds":["health-beauty"],"imagePath":"https://shop.coles.com.au/wcsstore/Coles-CAS/images/2/6/7/2676088.jpg","cupPrice":"$30.00 per 100ea","unit":"ea","packageSize":"30 pack","barcode":["9300705605342"],"isAvailable":true,"location":["tas"]},{"id":"c6838443p-9316090015246","store":"coles","name":"Odourless Fish Oil 1500mg Capsules","brand":"Nature's Own","price":10.75,"orgPrice":21.5,"categoryIds":["health-beauty"],"imagePath":"https://shop.coles.com.au/wcsstore/Coles-CAS/images/6/8/3/6838443.jpg","cupPrice":"$5.38 per 100ea","unit":"ea","packageSize":"200 pack","barcode":["9316090015246"],"isAvailable":true,"location":["tas"]},{"id":"c4941780p-9300807232064","store":"coles","name":"Fish Oil 1000mg Capsules","brand":"Blackmores","price":9,"orgPrice":18,"categoryIds":["health-beauty"],"imagePath":"https://shop.coles.com.au/wcsstore/Coles-CAS/images/4/9/4/4941780.jpg","cupPrice":"$4.50 per 100ea","unit":"ea","packageSize":"200 pack","barcode":["9300807232064","9300807287446"],"isAvailable":true,"location":["tas"]},{"id":"c9676031p-9314807060787","store":"coles","name":"Slim Right Strawberry Weight Loss Drink Powder","brand":"Nature's Way","price":7.25,"orgPrice":14.5,"categoryIds":["health-beauty"],"imagePath":"https://shop.coles.com.au/wcsstore/Coles-CAS/images/9/6/7/9676031.jpg","cupPrice":"$1.93 per 100g","unit":"ea","packageSize":"375g","barcode":["9314807060787","400003456604","9314807008154"],"isAvailable":true,"location":["tas"]},{"id":"c9692923p-9316090038504","store":"coles","name":"Magnesium Chelate 500mg Tablets","brand":"Nature's Own","price":6,"orgPrice":12,"categoryIds":["health-beauty"],"imagePath":"https://shop.coles.com.au/wcsstore/Coles-CAS/images/9/6/9/9692923.jpg","cupPrice":"$8.00 per 100ea","unit":"ea","packageSize":"75 pack","barcode":["9316090038504","9316090038603"],"isAvailable":true,"location":["tas"]},{"id":"c2556202p-9300705605335","store":"coles","name":"Turmeric 3100 Capsules","brand":"Cenovis","price":8.5,"orgPrice":17,"categoryIds":["health-beauty"],"imagePath":"https://shop.coles.com.au/wcsstore/Coles-CAS/images/2/5/5/2556202.jpg","cupPrice":"$0.11 per 1ea","unit":"ea","packageSize":"80 pack","barcode":["9300705605335"],"isAvailable":true,"location":["tas"]},{"id":"c2826114p-9300705605816","store":"coles","name":"Women's Multi Capsules","brand":"Cenovis","price":12,"orgPrice":24,"categoryIds":["health-beauty"],"imagePath":"https://shop.coles.com.au/wcsstore/Coles-CAS/images/2/8/2/2826114.jpg","cupPrice":"$12.00 per 100ea","unit":"ea","packageSize":"100 pack","barcode":["9300705605816","9300705605625"],"isAvailable":true,"location":["tas"]},{"id":"c2826001p-9300705605861","store":"coles","name":"Women?s Multi+ Energy Boost Once Daily Capsules","brand":"Cenovis","price":15,"orgPrice":30,"categoryIds":["health-beauty"],"imagePath":"https://shop.coles.com.au/wcsstore/Coles-CAS/images/2/8/2/2826001.jpg","cupPrice":"$0.15 per 1ea","unit":"ea","packageSize":"100 pack","barcode":["9300705605861","9300705605700"],"isAvailable":true,"location":["tas"]},{"id":"c3465929p-9300807320143","store":"coles","name":"Glucosamine 150 Tablets","brand":"Blackmores","price":22.05,"orgPrice":44.1,"categoryIds":["health-beauty"],"imagePath":"https://shop.coles.com.au/wcsstore/Coles-CAS/images/3/4/6/3465929.jpg","cupPrice":"$22.05 per 1ea","unit":"ea","packageSize":"1 pack","barcode":["9300807320143"],"isAvailable":true,"location":["tas"]},{"id":"c3478046p-9325740030317","store":"coles","name":"Fat Blaster Chocolate Flavour Keto Fit Protein Shake Mix","brand":"Naturopathica","price":15,"orgPrice":30,"categoryIds":["health-beauty"],"imagePath":"https://shop.coles.com.au/wcsstore/Coles-CAS/images/3/4/7/3478046.jpg","cupPrice":"$5.00 per 100g","unit":"ea","packageSize":"300g","barcode":["9325740030317"],"isAvailable":true,"location":["tas"]},{"id":"c5984960p-9316090060901","store":"coles","name":"Odourless Fish Oil 1000mg Capsules","brand":"Nature's Own","price":13.5,"orgPrice":27,"categoryIds":["health-beauty"],"imagePath":"https://shop.coles.com.au/wcsstore/Coles-CAS/images/5/9/8/5984960.jpg","cupPrice":"$3.38 per 100ea","unit":"ea","packageSize":"400 pack","barcode":["9316090060901"],"isAvailable":true,"location":["tas"]},{"id":"c9677125p-9300705602648","store":"coles","name":"Echinacea 5000 Capsules","brand":"Cenovis","price":7.5,"orgPrice":15,"categoryIds":["health-beauty"],"imagePath":"https://shop.coles.com.au/wcsstore/Coles-CAS/images/9/6/7/9677125.jpg","cupPrice":"$0.13 per 1ea","unit":"ea","packageSize":"60 pack","barcode":["9300705602648"],"isAvailable":true,"location":["tas"]},{"id":"c2279383p-9316090016762","store":"coles","name":"Triple Strength Garlic + C Horseradish Tablets","brand":"Nature's Own","price":10,"orgPrice":20,"categoryIds":["health-beauty"],"imagePath":"https://shop.coles.com.au/wcsstore/Coles-CAS/images/2/2/7/2279383.jpg","cupPrice":"$0.17 per 1ea","unit":"ea","packageSize":"60 pack","barcode":["9316090016762"],"isAvailable":true,"location":["tas"]},{"id":"c4779773p-9300705602839","store":"coles","name":"Garlic Horseradish + C Complex Capsules","brand":"Cenovis","price":8.25,"orgPrice":16.5,"categoryIds":["health-beauty"],"imagePath":"https://shop.coles.com.au/wcsstore/Coles-CAS/images/4/7/7/4779773.jpg","cupPrice":"$0.07 per 1ea","unit":"ea","packageSize":"120 pack","barcode":["9300705602839","4005808923182"],"isAvailable":true,"location":["tas"]},{"id":"c9601291p-9300705602570","store":"coles","name":"EasySleep Valerian Capsules","brand":"Cenovis","price":6,"orgPrice":12,"categoryIds":["health-beauty"],"imagePath":"https://shop.coles.com.au/wcsstore/Coles-CAS/images/9/6/0/9601291.jpg","cupPrice":"$0.20 per 1ea","unit":"ea","packageSize":"30 pack","barcode":["9300705602570"],"isAvailable":true,"location":["tas"]},{"id":"c2826090p-9300705605618","store":"coles","name":"Men's Multi Vitamin & Minerals Capsules","brand":"Cenovis","price":12,"orgPrice":24,"categoryIds":["health-beauty"],"imagePath":"https://shop.coles.com.au/wcsstore/Coles-CAS/images/2/8/2/2826090.jpg","cupPrice":"$12.00 per 100ea","unit":"ea","packageSize":"100 pack","barcode":["9300705605618"],"isAvailable":true,"location":["tas"]},{"id":"c3139200p-9325740029311","store":"coles","name":"Fat Blaster Less Sugar Vanilla Shake","brand":"Naturopathica","price":10,"orgPrice":20,"categoryIds":["health-beauty"],"imagePath":"https://shop.coles.com.au/wcsstore/Coles-CAS/images/3/1/3/3139200.jpg","cupPrice":"$2.33 per 100g","unit":"ea","packageSize":"430g","barcode":["9325740029311"],"isAvailable":true,"location":["tas"]},{"id":"c5602383p-9300705603072","store":"coles","name":"Mega E 500IU Capsules","brand":"Cenovis","price":18.5,"orgPrice":37,"categoryIds":["health-beauty"],"imagePath":"https://shop.coles.com.au/wcsstore/Coles-CAS/images/5/6/0/5602383.jpg","cupPrice":"$0.07 per 1ea","unit":"ea","packageSize":"250 pack","barcode":["9300705603072"],"isAvailable":true,"location":["tas"]},{"id":"c8297231p-93391078","store":"coles","name":"Natural Vitamin E 1000iu Capsules","brand":"Blackmores","price":7.5,"orgPrice":15,"categoryIds":["health-beauty"],"imagePath":"https://shop.coles.com.au/wcsstore/Coles-CAS/images/8/2/9/8297231.jpg","cupPrice":"$25.00 per 100ea","unit":"ea","packageSize":"30 pack","barcode":["93391078","93482752"],"isAvailable":true,"location":["tas"]},{"id":"c8297694p-93808057","store":"coles","name":"Valerian Forte Tablets","brand":"Blackmores","price":8,"orgPrice":16,"categoryIds":["health-beauty"],"imagePath":"https://shop.coles.com.au/wcsstore/Coles-CAS/images/8/2/9/8297694.jpg","cupPrice":"$26.67 per 100ea","unit":"ea","packageSize":"30 pack","barcode":["93808057","93808545"],"isAvailable":true,"location":["tas"]},{"id":"c6294651p-9300807241417","store":"coles","name":"Odourless Fish Oil Capsules","brand":"Blackmores","price":10,"orgPrice":20,"categoryIds":["health-beauty"],"imagePath":"https://shop.coles.com.au/wcsstore/Coles-CAS/images/6/2/9/6294651.jpg","cupPrice":"$5.00 per 100ea","unit":"ea","packageSize":"200 pack","barcode":["9300807241417","9300807287439"],"isAvailable":true,"location":["tas"]},{"id":"c9688926p-9300807219539","store":"coles","name":"Bio C 500mg Chewable Tablets","brand":"Blackmores","price":7.25,"orgPrice":14.5,"categoryIds":["health-beauty"],"imagePath":"https://shop.coles.com.au/wcsstore/Coles-CAS/images/9/6/8/9688926.jpg","cupPrice":"$5.80 per 100ea","unit":"ea","packageSize":"125 pack","barcode":["9300807219539","9300807324950"],"isAvailable":true,"location":["tas"]},{"id":"c2269073p-9300705605175","store":"coles","name":"Co-Enzyme Q10 150mg Capsules","brand":"Cenovis","price":10.5,"orgPrice":21,"categoryIds":["health-beauty"],"imagePath":"https://shop.coles.com.au/wcsstore/Coles-CAS/images/2/2/6/2269073.jpg","cupPrice":"$0.35 per 1ea","unit":"ea","packageSize":"30 pack","barcode":["9300705605175"],"isAvailable":true,"location":["tas"]},{"id":"c2837959p-9300807324172","store":"coles","name":"Vitamin C 500mg Tablets","brand":"Blackmores","price":6.25,"orgPrice":12.5,"categoryIds":["health-beauty"],"imagePath":"https://shop.coles.com.au/wcsstore/Coles-CAS/images/2/8/3/2837959.jpg","cupPrice":"$5.21 per 100ea","unit":"ea","packageSize":"120 pack","barcode":["9300807324172","93549547"],"isAvailable":true,"location":["tas"]},{"id":"c3709477p-93558693","store":"coles","name":"Multivitamin For Women","brand":"Blackmores","price":10,"orgPrice":20,"categoryIds":["health-beauty"],"imagePath":"https://shop.coles.com.au/wcsstore/Coles-CAS/images/3/7/0/3709477.jpg","cupPrice":"$0.20 per 1ea","unit":"ea","packageSize":"50 pack","barcode":["93558693"],"isAvailable":true,"location":["tas"]},{"id":"c1847141p-9300807219065","store":"coles","name":"Evening Primrose Oil Tablets","brand":"Blackmores","price":10,"orgPrice":20,"categoryIds":["health-beauty"],"imagePath":"https://shop.coles.com.au/wcsstore/Coles-CAS/images/1/8/4/1847141.jpg","cupPrice":"$8.00 per 100ea","unit":"ea","packageSize":"125 pack","barcode":["9300807219065"],"isAvailable":true,"location":["tas"]},{"id":"c3139222p-9325740029335","store":"coles","name":"Fat Blaster 30% Less Sugar Raspberry Ripple Shake","brand":"Naturopathica","price":10,"orgPrice":20,"categoryIds":["health-beauty"],"imagePath":"https://shop.coles.com.au/wcsstore/Coles-CAS/images/3/1/3/3139222.jpg","cupPrice":"$2.33 per 100g","unit":"ea","packageSize":"430g","barcode":["9325740029335"],"isAvailable":true,"location":["tas"]},{"id":"c3470317p-9300705605762","store":"coles","name":"Hair Skin And Nails Tablets","brand":"Cenovis","price":8.25,"orgPrice":16.5,"categoryIds":["health-beauty"],"imagePath":"https://shop.coles.com.au/wcsstore/Coles-CAS/images/3/4/7/3470317.jpg","cupPrice":"$0.14 per 1ea","unit":"ea","packageSize":"60 pack","barcode":["9300705605762"],"isAvailable":true,"location":["tas"]},{"id":"c3470292p-9316090019121","store":"coles","name":"Vitamin B3 500mg Tablets","brand":"Nature's Own","price":6,"orgPrice":12,"categoryIds":["health-beauty"],"imagePath":"https://shop.coles.com.au/wcsstore/Coles-CAS/images/3/4/7/3470292.jpg","cupPrice":"$10.00 per 100ea","unit":"ea","packageSize":"60 pack","barcode":["9316090019121"],"isAvailable":true,"location":["tas"]},{"id":"c3709580p-93558686","store":"coles","name":"Multivitamin For Men","brand":"Blackmores","price":10,"orgPrice":20,"categoryIds":["health-beauty"],"imagePath":"https://shop.coles.com.au/wcsstore/Coles-CAS/images/3/7/0/3709580.jpg","cupPrice":"$0.20 per 1ea","unit":"ea","packageSize":"50 pack","barcode":["93558686"],"isAvailable":true,"location":["tas"]},{"id":"c8296705p-93808323","store":"coles","name":"Bio Zinc 84 Tablets","brand":"Blackmores","price":9.3,"orgPrice":18.6,"categoryIds":["health-beauty"],"imagePath":"https://shop.coles.com.au/wcsstore/Coles-CAS/images/8/2/9/8296705.jpg","cupPrice":"$9.30 per 1ea","unit":"ea","packageSize":"1 pack","barcode":["93808323"],"isAvailable":true,"location":["tas"]},{"id":"c1478362p","store":"coles","name":"Sugar Free Natural Energy Drink Can","brand":"28 Black","price":1.3,"orgPrice":2.7,"categoryIds":["health-beauty"],"imagePath":"https://shop.coles.com.au/wcsstore/Coles-CAS/images/1/4/7/1478362.jpg","cupPrice":"$5.20 per 1l","unit":"ea","packageSize":"250ml","barcode":null,"isAvailable":true,"location":["tas"]},{"id":"c2900670p-93550659","store":"coles","name":"Immune Defence Capsules","brand":"Blackmores","price":14,"orgPrice":28,"categoryIds":["health-beauty"],"imagePath":"https://shop.coles.com.au/wcsstore/Coles-CAS/images/2/9/0/2900670.jpg","cupPrice":"$46.67 per 100ea","unit":"ea","packageSize":"30 pack","barcode":["93550659"],"isAvailable":true,"location":["tas"]},{"id":"c3139211p-9325740029328","store":"coles","name":"Fat Blaster 30% Less Sugar Mocha Shake","brand":"Naturopathica","price":10,"orgPrice":20,"categoryIds":["health-beauty"],"imagePath":"https://shop.coles.com.au/wcsstore/Coles-CAS/images/3/1/3/3139211.jpg","cupPrice":"$2.33 per 100g","unit":"ea","packageSize":"430g","barcode":["9325740029328"],"isAvailable":true,"location":["tas"]},{"id":"c3470260p-9316090019169","store":"coles","name":"Super B Complex Tablets","brand":"Nature's Own","price":13.5,"orgPrice":27,"categoryIds":["health-beauty"],"imagePath":"https://shop.coles.com.au/wcsstore/Coles-CAS/images/3/4/7/3470260.jpg","cupPrice":"$0.18 per 1ea","unit":"ea","packageSize":"75 pack","barcode":["9316090019169"],"isAvailable":true,"location":["tas"]},{"id":"c2268988p-93556828","store":"coles","name":"Bio Iron Advanced Tablets","brand":"Blackmores","price":9.5,"orgPrice":19,"categoryIds":["health-beauty"],"imagePath":"https://shop.coles.com.au/wcsstore/Coles-CAS/images/2/2/6/2268988.jpg","cupPrice":"$31.67 per 100ea","unit":"ea","packageSize":"30 pack","barcode":["93556828","93546003","93555920"],"isAvailable":true,"location":["tas"]},{"id":"c2827740p-9300705605380","store":"coles","name":"B Complex Tablets","brand":"Cenovis","price":7,"orgPrice":14,"categoryIds":["health-beauty"],"imagePath":"https://shop.coles.com.au/wcsstore/Coles-CAS/images/2/8/2/2827740.jpg","cupPrice":"$4.67 per 100ea","unit":"ea","packageSize":"150 pack","barcode":["9300705605380"],"isAvailable":true,"location":["tas"]},{"id":"c9001782p-9300807243763","store":"coles","name":"Vitamin D3 1000iu Capsules","brand":"Blackmores","price":15,"orgPrice":30,"categoryIds":["health-beauty"],"imagePath":"https://shop.coles.com.au/wcsstore/Coles-CAS/images/9/0/0/9001782.jpg","cupPrice":"$7.50 per 100ea","unit":"ea","packageSize":"200 pack","barcode":["9300807243763"],"isAvailable":true,"location":["tas"]},{"id":"c8297402p-93558594","store":"coles","name":"Bio C 1000mg Tablets","brand":"Blackmores","price":8.8,"orgPrice":17.6,"categoryIds":["health-beauty"],"imagePath":"https://shop.coles.com.au/wcsstore/Coles-CAS/images/8/2/9/8297402.jpg","cupPrice":"$14.19 per 100ea","unit":"ea","packageSize":"62 pack","barcode":["93558594","9300807201411","9300807216705","93807920"],"isAvailable":true,"location":["tas"]},{"id":"c7588159p-9314807022778","store":"coles","name":"Protein Figure Vanilla Powder","brand":"Nature's Way","price":13,"orgPrice":26,"categoryIds":["health-beauty"],"imagePath":"https://shop.coles.com.au/wcsstore/Coles-CAS/images/7/5/8/7588159.jpg","cupPrice":"$3.25 per 100g","unit":"ea","packageSize":"400g","barcode":["9314807022778"],"isAvailable":true,"location":["tas"]},{"id":"c7699193p-9300632075096","store":"coles","name":"Sensitive Pro Relief Whitening Toothpaste","brand":"Colgate","price":5,"orgPrice":10,"categoryIds":["health-beauty"],"imagePath":"https://shop.coles.com.au/wcsstore/Coles-CAS/images/7/6/9/7699193.jpg","cupPrice":"$4.55 per 100g","unit":"ea","packageSize":"110g","barcode":["9300632075096","400003259533"],"isAvailable":true,"location":["tas"]},{"id":"c8966998p-8850006493205","store":"coles","name":"Kids 3 In 1 Happy Apple Shampoo Conditioner & Body Wash","brand":"Palmolive","price":2.25,"orgPrice":null,"categoryIds":["health-beauty"],"imagePath":"https://shop.coles.com.au/wcsstore/Coles-CAS/images/8/9/6/8966998.jpg","cupPrice":"$0.64 per 100ml","unit":"ea","packageSize":"350ml","barcode":["8850006493205","9300632037278"],"isAvailable":true,"location":["tas"]},{"id":"c8624032p-9300632078431","store":"coles","name":"Sensitive Pro Relief Multiprotection Toothpaste","brand":"Colgate","price":5,"orgPrice":10,"categoryIds":["health-beauty"],"imagePath":"https://shop.coles.com.au/wcsstore/Coles-CAS/images/8/6/2/8624032.jpg","cupPrice":"$4.55 per 100g","unit":"ea","packageSize":"110g","barcode":["9300632078431"],"isAvailable":true,"location":["tas"]},{"id":"c9788578p-400003259908","store":"coles","name":"Anti-Stress Shower Gel","brand":"Palmolive","price":2.7,"orgPrice":5.4,"categoryIds":["health-beauty"],"imagePath":"https://shop.coles.com.au/wcsstore/Coles-CAS/images/9/7/8/9788578.jpg","cupPrice":"$0.54 per 100ml","unit":"ea","packageSize":"500ml","barcode":["400003259908","8850006532607","400003259892"],"isAvailable":true,"location":["tas"]},{"id":"c2350273p-4902430644266","store":"coles","name":"Clean & Balanced Shampoo","brand":"Head & Shoulders","price":6,"orgPrice":12,"categoryIds":["health-beauty"],"imagePath":"https://shop.coles.com.au/wcsstore/Coles-CAS/images/2/3/5/2350273.jpg","cupPrice":"$0.97 per 100ml","unit":"ea","packageSize":"620ml","barcode":["4902430644266"],"isAvailable":true,"location":["tas"]},{"id":"c3128689p","store":"coles","name":"White Accelerator Blue Light Teeth Whitening System","brand":"White Glo","price":17.5,"orgPrice":35,"categoryIds":["health-beauty"],"imagePath":"https://shop.coles.com.au/wcsstore/Coles-CAS/images/3/1/2/3128689.jpg","cupPrice":"$17.50 per 1ea","unit":"ea","packageSize":"1 pack","barcode":null,"isAvailable":true,"location":["tas"]},{"id":"c2350284p-4902430644273","store":"coles","name":"Smooth & Silky Conditioner","brand":"Head & Shoulders","price":6,"orgPrice":12,"categoryIds":["health-beauty"],"imagePath":"https://shop.coles.com.au/wcsstore/Coles-CAS/images/2/3/5/2350284.jpg","cupPrice":"$0.97 per 100ml","unit":"ea","packageSize":"620ml","barcode":["4902430644273"],"isAvailable":true,"location":["tas"]},{"id":"c2350320p-4902430644310","store":"coles","name":"Smooth & Silky Shampoo","brand":"Head & Shoulders","price":6,"orgPrice":12,"categoryIds":["health-beauty"],"imagePath":"https://shop.coles.com.au/wcsstore/Coles-CAS/images/2/3/5/2350320.jpg","cupPrice":"$0.97 per 100ml","unit":"ea","packageSize":"620ml","barcode":["4902430644310"],"isAvailable":true,"location":["tas"]},{"id":"c2690760p-9300607761146","store":"coles","name":"Daily Moisturising Lotion","brand":"Aveeno","price":8.5,"orgPrice":17,"categoryIds":["health-beauty"],"imagePath":"https://shop.coles.com.au/wcsstore/Coles-CAS/images/2/6/9/2690760.jpg","cupPrice":"$1.60 per 100ml","unit":"ea","packageSize":"532ml","barcode":["9300607761146"],"isAvailable":true,"location":["tas"]},{"id":"c2869478p-9311770592475","store":"coles","name":"Odourless High Strength Wild Fish Oil Capsules","brand":"Swisse","price":17.5,"orgPrice":35,"categoryIds":["health-beauty"],"imagePath":"https://shop.coles.com.au/wcsstore/Coles-CAS/images/2/8/6/2869478.jpg","cupPrice":"$0.04 per 1ea","unit":"ea","packageSize":"400 pack","barcode":["9311770592475"],"isAvailable":true,"location":["tas"]},{"id":"c8096069p-9316090015284","store":"coles","name":"Odourless Fish Oil  2000mg Capsules","brand":"Nature's Own","price":15,"orgPrice":30,"categoryIds":["health-beauty"],"imagePath":"https://shop.coles.com.au/wcsstore/Coles-CAS/images/8/0/9/8096069.jpg","cupPrice":"$7.50 per 100ea","unit":"ea","packageSize":"200 pack","barcode":["9316090015284"],"isAvailable":true,"location":["tas"]},{"id":"c2274765p-8850006493502","store":"coles","name":"Men Active Shower Gel","brand":"Palmolive","price":2.7,"orgPrice":5.4,"categoryIds":["health-beauty"],"imagePath":"https://shop.coles.com.au/wcsstore/Coles-CAS/images/2/2/7/2274765.jpg","cupPrice":"$0.54 per 100ml","unit":"ea","packageSize":"500ml","barcode":["8850006493502"],"isAvailable":true,"location":["tas"]},{"id":"c2900545p-93550642","store":"coles","name":"Daily Health Capsules","brand":"Blackmores","price":14,"orgPrice":28,"categoryIds":["health-beauty"],"imagePath":"https://shop.coles.com.au/wcsstore/Coles-CAS/images/2/9/0/2900545.jpg","cupPrice":"$46.67 per 100ea","unit":"ea","packageSize":"30 pack","barcode":["93550642"],"isAvailable":true,"location":["tas"]},{"id":"c3722089p-9300830054398","store":"coles","name":"Aerosol Africa Deodorant","brand":"Lynx","price":3.5,"orgPrice":7,"categoryIds":["health-beauty"],"imagePath":"https://shop.coles.com.au/wcsstore/Coles-CAS/images/3/7/2/3722089.jpg","cupPrice":"$2.12 per 100ml","unit":"ea","packageSize":"165ml","barcode":["9300830054398"],"isAvailable":true,"location":["tas"]},{"id":"c8632766p-022796916129","store":"coles","name":"Argan Oil of Morocco Conditioner","brand":"Ogx","price":10,"orgPrice":20,"categoryIds":["health-beauty"],"imagePath":"https://shop.coles.com.au/wcsstore/Coles-CAS/images/8/6/3/8632766.jpg","cupPrice":"$2.60 per 100ml","unit":"ea","packageSize":"385ml","barcode":["022796916129"],"isAvailable":true,"location":["tas"]},{"id":"c8632020p-022796916112","store":"coles","name":"Argan Oil of Morocco Shampoo","brand":"Ogx","price":10,"orgPrice":20,"categoryIds":["health-beauty"],"imagePath":"https://shop.coles.com.au/wcsstore/Coles-CAS/images/8/6/3/8632020.jpg","cupPrice":"$2.60 per 100ml","unit":"ea","packageSize":"385ml","barcode":["022796916112"],"isAvailable":true,"location":["tas"]},{"id":"c8109411p-8714789135243","store":"coles","name":"Zig Zag Flex Medium Toothbrush","brand":"Colgate","price":3.9,"orgPrice":7.8,"categoryIds":["health-beauty"],"imagePath":"https://shop.coles.com.au/wcsstore/Coles-CAS/images/8/1/0/8109411.jpg","cupPrice":"$1.30 per 1ea","unit":"ea","packageSize":"3 pack","barcode":["8714789135243"],"isAvailable":true,"location":["tas"]},{"id":"c4941770p-9300807232057","store":"coles","name":"Fish Oil 1000mg Capsules","brand":"Blackmores","price":15,"orgPrice":30,"categoryIds":["health-beauty"],"imagePath":"https://shop.coles.com.au/wcsstore/Coles-CAS/images/4/9/4/4941770.jpg","cupPrice":"$3.75 per 100ea","unit":"ea","packageSize":"400 pack","barcode":["9300807232057","9300807287378"],"isAvailable":true,"location":["tas"]},{"id":"c9692854p-9316090023906","store":"coles","name":"High Strength Vitamin B12 1000mcg Tablets","brand":"Nature's Own","price":7.5,"orgPrice":15,"categoryIds":["health-beauty"],"imagePath":"https://shop.coles.com.au/wcsstore/Coles-CAS/images/9/6/9/9692854.jpg","cupPrice":"$12.50 per 100ea","unit":"ea","packageSize":"60 pack","barcode":["9316090023906"],"isAvailable":true,"location":["tas"]},{"id":"c8109433p-8714789135274","store":"coles","name":"Zig Zag Flex Soft Toothbrush","brand":"Colgate","price":3.9,"orgPrice":7.8,"categoryIds":["health-beauty"],"imagePath":"https://shop.coles.com.au/wcsstore/Coles-CAS/images/8/1/0/8109433.jpg","cupPrice":"$1.30 per 1ea","unit":"ea","packageSize":"3 pack","barcode":["8714789135274"],"isAvailable":true,"location":["tas"]},{"id":"c7502801p-062600061546","store":"coles","name":"Active Naturals Daily Moisturising Body Wash","brand":"Aveeno","price":5,"orgPrice":10,"categoryIds":["health-beauty"],"imagePath":"https://shop.coles.com.au/wcsstore/Coles-CAS/images/7/5/0/7502801.jpg","cupPrice":"$1.41 per 100ml","unit":"ea","packageSize":"354ml","barcode":["062600061546"],"isAvailable":true,"location":["tas"]},{"id":"c6837214p-9319871000042","store":"coles","name":"Professional Toothpaste","brand":"White Glo","price":2.62,"orgPrice":5.25,"categoryIds":["health-beauty"],"imagePath":"https://shop.coles.com.au/wcsstore/Coles-CAS/images/6/8/3/6837214.jpg","cupPrice":"$1.75 per 100g","unit":"ea","packageSize":"150g","barcode":["9319871000042","9319871000615"],"isAvailable":true,"location":["tas"]},{"id":"c9071960p-8850006531105","store":"coles","name":"Milk & Honey Shower Gel","brand":"Palmolive","price":2.7,"orgPrice":5.4,"categoryIds":["health-beauty"],"imagePath":"https://shop.coles.com.au/wcsstore/Coles-CAS/images/9/0/7/9071960.jpg","cupPrice":"$0.54 per 100ml","unit":"ea","packageSize":"500ml","barcode":["8850006531105","400003259830","400003259847"],"isAvailable":true,"location":["tas"]},{"id":"c3696364p-8850006933312","store":"coles","name":"Max White Medium Manual Toothbrush","brand":"Colgate","price":5,"orgPrice":10,"categoryIds":["health-beauty"],"imagePath":"https://shop.coles.com.au/wcsstore/Coles-CAS/images/3/6/9/3696364.jpg","cupPrice":"$1.67 per 1ea","unit":"ea","packageSize":"3 pack","barcode":["8850006933312"],"isAvailable":true,"location":["tas"]},{"id":"c8299135p-9300807220399","store":"coles","name":"Bio Magnesium Tablets","brand":"Blackmores","price":12.5,"orgPrice":25,"categoryIds":["health-beauty"],"imagePath":"https://shop.coles.com.au/wcsstore/Coles-CAS/images/8/2/9/8299135.jpg","cupPrice":"$12.50 per 100ea","unit":"ea","packageSize":"100 pack","barcode":["9300807220399","9300807201398"],"isAvailable":true,"location":["tas"]},{"id":"c8627948p-022796976147","store":"coles","name":"Moroccan Argan Penetrating Oil","brand":"Ogx","price":12.5,"orgPrice":25,"categoryIds":["health-beauty"],"imagePath":"https://shop.coles.com.au/wcsstore/Coles-CAS/images/8/6/2/8627948.jpg","cupPrice":"$12.50 per 100ml","unit":"ea","packageSize":"100ml","barcode":["022796976147","022796916143"],"isAvailable":true,"location":["tas"]},{"id":"c8480023p-3574660583342","store":"coles","name":"Cleansing 3 in 1 Facial Wipes","brand":"Johnson's","price":3,"orgPrice":null,"categoryIds":["health-beauty"],"imagePath":"https://shop.coles.com.au/wcsstore/Coles-CAS/images/8/4/8/8480023.jpg","cupPrice":"$0.12 per 1ea","unit":"ea","packageSize":"25 pack","barcode":["3574660583342","3574660047950","3574660013283"],"isAvailable":true,"location":["tas"]},{"id":"c9506814p-9300807216750","store":"coles","name":"Executive B Stress Tablets","brand":"Blackmores","price":16.9,"orgPrice":33.8,"categoryIds":["health-beauty"],"imagePath":"https://shop.coles.com.au/wcsstore/Coles-CAS/images/9/5/0/9506814.jpg","cupPrice":"$13.52 per 100ea","unit":"ea","packageSize":"125 pack","barcode":["9300807216750","9300807220115"],"isAvailable":true,"location":["tas"]},{"id":"c2556213p-9300705605229","store":"coles","name":"Vitamin C 250mg Tablets","brand":"Cenovis","price":5.25,"orgPrice":10.5,"categoryIds":["health-beauty"],"imagePath":"https://shop.coles.com.au/wcsstore/Coles-CAS/images/2/5/5/2556213.jpg","cupPrice":"$0.04 per 1ea","unit":"ea","packageSize":"150 pack","barcode":["9300705605229"],"isAvailable":true,"location":["tas"]},{"id":"c8939383p-9300632079216","store":"coles","name":"Sensitive Pro Relief Enamel Repair Toothpaste","brand":"Colgate","price":5,"orgPrice":10,"categoryIds":["health-beauty"],"imagePath":"https://shop.coles.com.au/wcsstore/Coles-CAS/images/8/9/3/8939383.jpg","cupPrice":"$4.55 per 100g","unit":"ea","packageSize":"110g","barcode":["9300632079216"],"isAvailable":true,"location":["tas"]},{"id":"c7973921p-9300705603935","store":"coles","name":"Vitamin D3 1000IU Tablets","brand":"Cenovis","price":7,"orgPrice":null,"categoryIds":["health-beauty"],"imagePath":"https://shop.coles.com.au/wcsstore/Coles-CAS/images/7/9/7/7973921.jpg","cupPrice":"$0.04 per 1ea","unit":"ea","packageSize":"200 pack","barcode":["9300705603935"],"isAvailable":true,"location":["tas"]},{"id":"c7103770p-9300705603768","store":"coles","name":"Echinacea Garlic Zinc & C Tablets","brand":"Cenovis","price":13,"orgPrice":26,"categoryIds":["health-beauty"],"imagePath":"https://shop.coles.com.au/wcsstore/Coles-CAS/images/7/1/0/7103770.jpg","cupPrice":"$0.10 per 1ea","unit":"ea","packageSize":"125 pack","barcode":["9300705603768"],"isAvailable":true,"location":["tas"]},{"id":"c9314518p-9300705601788","store":"coles","name":"Mega C 1000mg Tablets","brand":"Cenovis","price":5,"orgPrice":10,"categoryIds":["health-beauty"],"imagePath":"https://shop.coles.com.au/wcsstore/Coles-CAS/images/9/3/1/9314518.jpg","cupPrice":"$0.08 per 1ea","unit":"ea","packageSize":"60 pack","barcode":["9300705601788"],"isAvailable":true,"location":["tas"]},{"id":"c2350310p-4902430644303","store":"coles","name":"Itchy Scalp Care Shampoo","brand":"Head & Shoulders","price":6,"orgPrice":12,"categoryIds":["health-beauty"],"imagePath":"https://shop.coles.com.au/wcsstore/Coles-CAS/images/2/3/5/2350310.jpg","cupPrice":"$0.97 per 100ml","unit":"ea","packageSize":"620ml","barcode":["4902430644303"],"isAvailable":true,"location":["tas"]},{"id":"c2676124p-9300705605441","store":"coles","name":"Iron Plus Tablets","brand":"Cenovis","price":6.5,"orgPrice":13,"categoryIds":["health-beauty"],"imagePath":"https://shop.coles.com.au/wcsstore/Coles-CAS/images/2/6/7/2676124.jpg","cupPrice":"$8.13 per 100ea","unit":"ea","packageSize":"80 pack","barcode":["9300705605441"],"isAvailable":true,"location":["tas"]},{"id":"c7206128p-9300711054813","store":"coles","name":"Rapid Action Ultra Pimple Cream","brand":"Clearasil","price":7.4,"orgPrice":14.8,"categoryIds":["health-beauty"],"imagePath":"https://shop.coles.com.au/wcsstore/Coles-CAS/images/7/2/0/7206128.jpg","cupPrice":"$49.34 per 100ml","unit":"ea","packageSize":"15ml","barcode":["9300711054813"],"isAvailable":true,"location":["tas"]},{"id":"c2350240p-4902430644259","store":"coles","name":"Apple Fresh Shampoo","brand":"Head & Shoulders","price":6,"orgPrice":12,"categoryIds":["health-beauty"],"imagePath":"https://shop.coles.com.au/wcsstore/Coles-CAS/images/2/3/5/2350240.jpg","cupPrice":"$0.97 per 100ml","unit":"ea","packageSize":"620ml","barcode":["4902430644259"],"isAvailable":true,"location":["tas"]},{"id":"c2868817p-9311770597500","store":"coles","name":"Ultiboost Glucosamine Sulfate Tablets","brand":"Swisse","price":21,"orgPrice":42,"categoryIds":["health-beauty"],"imagePath":"https://shop.coles.com.au/wcsstore/Coles-CAS/images/2/8/6/2868817.jpg","cupPrice":"$0.12 per 1ea","unit":"ea","packageSize":"180 pack","barcode":["9311770597500"],"isAvailable":true,"location":["tas"]},{"id":"c8099067p-9311770588843","store":"coles","name":"Ultiboost Odourless Wild Fish Oil 1000mg Capsules","brand":"Swisse","price":14,"orgPrice":28,"categoryIds":["health-beauty"],"imagePath":"https://shop.coles.com.au/wcsstore/Coles-CAS/images/8/0/9/8099067.jpg","cupPrice":"$3.50 per 100ea","unit":"ea","packageSize":"400 pack","barcode":["9311770588843"],"isAvailable":true,"location":["tas"]},{"id":"c3148405p-8809362069814","store":"coles","name":"Charcoal Peel-Off Face Mask","brand":"Skin Republic","price":5,"orgPrice":10,"categoryIds":["health-beauty"],"imagePath":"https://shop.coles.com.au/wcsstore/Coles-CAS/images/3/1/4/3148405.jpg","cupPrice":"$1.67 per 1ea","unit":"ea","packageSize":"3 each","barcode":["8809362069814"],"isAvailable":true,"location":["tas"]},{"id":"c3722191p-9300830054473","store":"coles","name":"Aerosol Black Deodorant","brand":"Lynx","price":3.5,"orgPrice":7,"categoryIds":["health-beauty"],"imagePath":"https://shop.coles.com.au/wcsstore/Coles-CAS/images/3/7/2/3722191.jpg","cupPrice":"$2.12 per 100ml","unit":"ea","packageSize":"165ml","barcode":["9300830054473"],"isAvailable":true,"location":["tas"]},{"id":"c6896778p-022796910066","store":"coles","name":"Coconut Milk Conditioner","brand":"Ogx","price":10,"orgPrice":20,"categoryIds":["health-beauty"],"imagePath":"https://shop.coles.com.au/wcsstore/Coles-CAS/images/6/8/9/6896778.jpg","cupPrice":"$2.60 per 100ml","unit":"ea","packageSize":"384ml","barcode":["022796910066"],"isAvailable":true,"location":["tas"]},{"id":"c6896723p-022796910059","store":"coles","name":"Coconut Milk Shampoo","brand":"Ogx","price":10,"orgPrice":20,"categoryIds":["health-beauty"],"imagePath":"https://shop.coles.com.au/wcsstore/Coles-CAS/images/6/8/9/6896723.jpg","cupPrice":"$2.60 per 100ml","unit":"ea","packageSize":"384ml","barcode":["022796910059"],"isAvailable":true,"location":["tas"]},{"id":"c9499446p-9316090016175","store":"coles","name":"Advanced Complete Sleep Tablets","brand":"Nature's Own","price":10.25,"orgPrice":20.5,"categoryIds":["health-beauty"],"imagePath":"https://shop.coles.com.au/wcsstore/Coles-CAS/images/9/4/9/9499446.jpg","cupPrice":"$34.17 per 100ea","unit":"ea","packageSize":"30 pack","barcode":["9316090016175"],"isAvailable":true,"location":["tas"]},{"id":"c2350295p-4902430644280","store":"coles","name":"Dry Scalp Shampoo","brand":"Head & Shoulders","price":6,"orgPrice":12,"categoryIds":["health-beauty"],"imagePath":"https://shop.coles.com.au/wcsstore/Coles-CAS/images/2/3/5/2350295.jpg","cupPrice":"$0.97 per 100ml","unit":"ea","packageSize":"620ml","barcode":["4902430644280"],"isAvailable":true,"location":["tas"]},{"id":"c2837970p-400003510979","store":"coles","name":"B12 Rapi-melts Tablets","brand":"Blackmores","price":5.75,"orgPrice":11.5,"categoryIds":["health-beauty"],"imagePath":"https://shop.coles.com.au/wcsstore/Coles-CAS/images/2/8/3/2837970.jpg","cupPrice":"$19.17 per 100ea","unit":"ea","packageSize":"30 pack","barcode":["400003510979","93550185"],"isAvailable":true,"location":["tas"]},{"id":"c8297184p-9300807200414","store":"coles","name":"Pregnancy & Breast Feeding Capsules","brand":"Blackmores","price":10.25,"orgPrice":20.5,"categoryIds":["health-beauty"],"imagePath":"https://shop.coles.com.au/wcsstore/Coles-CAS/images/8/2/9/8297184.jpg","cupPrice":"$17.08 per 100ea","unit":"ea","packageSize":"60 pack","barcode":["9300807200414","9300807232675"],"isAvailable":true,"location":["tas"]},{"id":"c8142439p-9300705031455","store":"coles","name":"Echinacea Garlic Zinc & C Tablets","brand":"Cenovis","price":8,"orgPrice":16,"categoryIds":["health-beauty"],"imagePath":"https://shop.coles.com.au/wcsstore/Coles-CAS/images/8/1/4/8142439.jpg","cupPrice":"$0.13 per 1ea","unit":"ea","packageSize":"60 pack","barcode":["9300705031455"],"isAvailable":true,"location":["tas"]},{"id":"c8142790p-022796916020","store":"coles","name":"Brazil Keratine Conditioner","brand":"Ogx","price":10,"orgPrice":20,"categoryIds":["health-beauty"],"imagePath":"https://shop.coles.com.au/wcsstore/Coles-CAS/images/8/1/4/8142790.jpg","cupPrice":"$2.60 per 100ml","unit":"ea","packageSize":"385ml","barcode":["022796916020"],"isAvailable":true,"location":["tas"]},{"id":"c5113809p-400003259922","store":"coles","name":"Shea Butter Shower Gel","brand":"Palmolive","price":2.7,"orgPrice":5.4,"categoryIds":["health-beauty"],"imagePath":"https://shop.coles.com.au/wcsstore/Coles-CAS/images/5/1/1/5113809.jpg","cupPrice":"$0.54 per 100ml","unit":"ea","packageSize":"500ml","barcode":["400003259922","400003259939","8850006533390"],"isAvailable":true,"location":["tas"]},{"id":"c2620695p-9319871000783","store":"coles","name":"Diamond Series Whitening System","brand":"White Glo","price":10,"orgPrice":20,"categoryIds":["health-beauty"],"imagePath":"https://shop.coles.com.au/wcsstore/Coles-CAS/images/2/6/2/2620695.jpg","cupPrice":"$10.00 per 1ea","unit":"ea","packageSize":"1 pack","barcode":["9319871000783"],"isAvailable":true,"location":["tas"]},{"id":"c2868646p-9319871000943","store":"coles","name":"Deep Stain Remover Activated Charcoal Whitening Toothpaste","brand":"White Glo","price":3,"orgPrice":6,"categoryIds":["health-beauty"],"imagePath":"https://shop.coles.com.au/wcsstore/Coles-CAS/images/2/8/6/2868646.jpg","cupPrice":"$2.00 per 100g","unit":"ea","packageSize":"150g","barcode":["9319871000943"],"isAvailable":true,"location":["tas"]},{"id":"c3068011p-9300807308776","store":"coles","name":"Superkids Multi Gummies","brand":"Blackmores","price":10,"orgPrice":15,"categoryIds":["health-beauty"],"imagePath":"https://shop.coles.com.au/wcsstore/Coles-CAS/images/3/0/6/3068011.jpg","cupPrice":"$0.17 per 1ea","unit":"ea","packageSize":"60 pack","barcode":["9300807308776"],"isAvailable":true,"location":["tas"]},{"id":"c8142756p-022796916013","store":"coles","name":"Brazilian Keratin Shampoo","brand":"Ogx","price":10,"orgPrice":20,"categoryIds":["health-beauty"],"imagePath":"https://shop.coles.com.au/wcsstore/Coles-CAS/images/8/1/4/8142756.jpg","cupPrice":"$2.60 per 100ml","unit":"ea","packageSize":"385ml","barcode":["022796916013"],"isAvailable":true,"location":["tas"]},{"id":"c4544962p-9300607375718","store":"coles","name":"Cleansing Make Up Removal Towlettes","brand":"Neutrogena","price":4.1,"orgPrice":8.2,"categoryIds":["health-beauty"],"imagePath":"https://shop.coles.com.au/wcsstore/Coles-CAS/images/4/5/4/4544962.jpg","cupPrice":"$0.16 per 1ea","unit":"ea","packageSize":"25 pack","barcode":["9300607375718","070501051054"],"isAvailable":true,"location":["tas"]},{"id":"c9873269p-381370015796","store":"coles","name":"Skin Relief Fragrance Free Moisturising Lotion","brand":"Aveeno","price":6.5,"orgPrice":13,"categoryIds":["health-beauty"],"imagePath":"https://shop.coles.com.au/wcsstore/Coles-CAS/images/9/8/7/9873269.jpg","cupPrice":"$1.84 per 100ml","unit":"ea","packageSize":"354ml","barcode":["381370015796"],"isAvailable":true,"location":["tas"]},{"id":"c2676088p-9300705605342","store":"coles","name":"Cranberry Capsules 30000mg","brand":"Cenovis","price":9,"orgPrice":18,"categoryIds":["health-beauty"],"imagePath":"https://shop.coles.com.au/wcsstore/Coles-CAS/images/2/6/7/2676088.jpg","cupPrice":"$30.00 per 100ea","unit":"ea","packageSize":"30 pack","barcode":["9300705605342"],"isAvailable":true,"location":["tas"]},{"id":"c2590798p-8809295013755","store":"coles","name":"Collagen Hydrogel Under Eye Patches","brand":"Skin Republic","price":5,"orgPrice":10,"categoryIds":["health-beauty"],"imagePath":"https://shop.coles.com.au/wcsstore/Coles-CAS/images/2/5/9/2590798.jpg","cupPrice":"$1.67 per 1ea","unit":"ea","packageSize":"6 pack","barcode":["8809295013755"],"isAvailable":true,"location":["tas"]},{"id":"c3509693p-8850006481271","store":"coles","name":"Naturals Moroccan Argan Oil Conditioning Body Wash","brand":"Palmolive","price":2.7,"orgPrice":5.4,"categoryIds":["health-beauty"],"imagePath":"https://shop.coles.com.au/wcsstore/Coles-CAS/images/3/5/0/3509693.jpg","cupPrice":"$0.54 per 100ml","unit":"ea","packageSize":"500ml","barcode":["8850006481271"],"isAvailable":true,"location":["tas"]},{"id":"c6838443p-9316090015246","store":"coles","name":"Odourless Fish Oil 1500mg Capsules","brand":"Nature's Own","price":10.75,"orgPrice":21.5,"categoryIds":["health-beauty"],"imagePath":"https://shop.coles.com.au/wcsstore/Coles-CAS/images/6/8/3/6838443.jpg","cupPrice":"$5.38 per 100ea","unit":"ea","packageSize":"200 pack","barcode":["9316090015246"],"isAvailable":true,"location":["tas"]},{"id":"c4941780p-9300807232064","store":"coles","name":"Fish Oil 1000mg Capsules","brand":"Blackmores","price":9,"orgPrice":18,"categoryIds":["health-beauty"],"imagePath":"https://shop.coles.com.au/wcsstore/Coles-CAS/images/4/9/4/4941780.jpg","cupPrice":"$4.50 per 100ea","unit":"ea","packageSize":"200 pack","barcode":["9300807232064","9300807287446"],"isAvailable":true,"location":["tas"]},{"id":"c4921761p-070501028100","store":"coles","name":"Fresh Foaming Cleanser","brand":"Neutrogena","price":6.5,"orgPrice":13,"categoryIds":["health-beauty"],"imagePath":"https://shop.coles.com.au/wcsstore/Coles-CAS/images/4/9/2/4921761.jpg","cupPrice":"$3.25 per 100ml","unit":"ea","packageSize":"200ml","barcode":["070501028100"],"isAvailable":true,"location":["tas"]},{"id":"c9692923p-9316090038504","store":"coles","name":"Magnesium Chelate 500mg Tablets","brand":"Nature's Own","price":6,"orgPrice":12,"categoryIds":["health-beauty"],"imagePath":"https://shop.coles.com.au/wcsstore/Coles-CAS/images/9/6/9/9692923.jpg","cupPrice":"$8.00 per 100ea","unit":"ea","packageSize":"75 pack","barcode":["9316090038504","9316090038603"],"isAvailable":true,"location":["tas"]},{"id":"c1255357p-022796916709","store":"coles","name":"Biotin & Collagen Shampoo","brand":"Ogx","price":10,"orgPrice":20,"categoryIds":["health-beauty"],"imagePath":"https://shop.coles.com.au/wcsstore/Coles-CAS/images/1/2/5/1255357.jpg","cupPrice":"$2.60 per 100ml","unit":"ea","packageSize":"385ml","barcode":["022796916709"],"isAvailable":true,"location":["tas"]},{"id":"c1879239p-8850006492857","store":"coles","name":"Naturals Black Orchid Shower Gel","brand":"Palmolive","price":2.7,"orgPrice":5.4,"categoryIds":["health-beauty"],"imagePath":"https://shop.coles.com.au/wcsstore/Coles-CAS/images/1/8/7/1879239.jpg","cupPrice":"$0.54 per 100ml","unit":"ea","packageSize":"500ml","barcode":["8850006492857"],"isAvailable":true,"location":["tas"]},{"id":"c2556202p-9300705605335","store":"coles","name":"Turmeric 3100 Capsules","brand":"Cenovis","price":8.5,"orgPrice":17,"categoryIds":["health-beauty"],"imagePath":"https://shop.coles.com.au/wcsstore/Coles-CAS/images/2/5/5/2556202.jpg","cupPrice":"$0.11 per 1ea","unit":"ea","packageSize":"80 pack","barcode":["9300705605335"],"isAvailable":true,"location":["tas"]},{"id":"c2826114p-9300705605816","store":"coles","name":"Women's Multi Capsules","brand":"Cenovis","price":12,"orgPrice":24,"categoryIds":["health-beauty"],"imagePath":"https://shop.coles.com.au/wcsstore/Coles-CAS/images/2/8/2/2826114.jpg","cupPrice":"$12.00 per 100ea","unit":"ea","packageSize":"100 pack","barcode":["9300705605816","9300705605625"],"isAvailable":true,"location":["tas"]},{"id":"c2826001p-9300705605861","store":"coles","name":"Women?s Multi+ Energy Boost Once Daily Capsules","brand":"Cenovis","price":15,"orgPrice":30,"categoryIds":["health-beauty"],"imagePath":"https://shop.coles.com.au/wcsstore/Coles-CAS/images/2/8/2/2826001.jpg","cupPrice":"$0.15 per 1ea","unit":"ea","packageSize":"100 pack","barcode":["9300705605861","9300705605700"],"isAvailable":true,"location":["tas"]},{"id":"c2858198p","store":"coles","name":"Hyaluronic Acid + Collagen Face Mask Sheet","brand":"Skin Republic","price":4,"orgPrice":8,"categoryIds":["health-beauty"],"imagePath":"https://shop.coles.com.au/wcsstore/Coles-CAS/images/2/8/5/2858198.jpg","cupPrice":"$4.00 per 1ea","unit":"ea","packageSize":"1 pack","barcode":null,"isAvailable":true,"location":["tas"]},{"id":"c3465929p-9300807320143","store":"coles","name":"Glucosamine 150 Tablets","brand":"Blackmores","price":22.05,"orgPrice":44.1,"categoryIds":["health-beauty"],"imagePath":"https://shop.coles.com.au/wcsstore/Coles-CAS/images/3/4/6/3465929.jpg","cupPrice":"$22.05 per 1ea","unit":"ea","packageSize":"1 pack","barcode":["9300807320143"],"isAvailable":true,"location":["tas"]},{"id":"c5984960p-9316090060901","store":"coles","name":"Odourless Fish Oil 1000mg Capsules","brand":"Nature's Own","price":13.5,"orgPrice":27,"categoryIds":["health-beauty"],"imagePath":"https://shop.coles.com.au/wcsstore/Coles-CAS/images/5/9/8/5984960.jpg","cupPrice":"$3.38 per 100ea","unit":"ea","packageSize":"400 pack","barcode":["9316090060901"],"isAvailable":true,"location":["tas"]},{"id":"c9677125p-9300705602648","store":"coles","name":"Echinacea 5000 Capsules","brand":"Cenovis","price":7.5,"orgPrice":15,"categoryIds":["health-beauty"],"imagePath":"https://shop.coles.com.au/wcsstore/Coles-CAS/images/9/6/7/9677125.jpg","cupPrice":"$0.13 per 1ea","unit":"ea","packageSize":"60 pack","barcode":["9300705602648"],"isAvailable":true,"location":["tas"]},{"id":"c2279383p-9316090016762","store":"coles","name":"Triple Strength Garlic + C Horseradish Tablets","brand":"Nature's Own","price":10,"orgPrice":20,"categoryIds":["health-beauty"],"imagePath":"https://shop.coles.com.au/wcsstore/Coles-CAS/images/2/2/7/2279383.jpg","cupPrice":"$0.17 per 1ea","unit":"ea","packageSize":"60 pack","barcode":["9316090016762"],"isAvailable":true,"location":["tas"]},{"id":"c3722045p-9300830054343","store":"coles","name":"Aerosol Ice Chill Deodorant","brand":"Lynx","price":3.5,"orgPrice":7,"categoryIds":["health-beauty"],"imagePath":"https://shop.coles.com.au/wcsstore/Coles-CAS/images/3/7/2/3722045.jpg","cupPrice":"$2.12 per 100ml","unit":"ea","packageSize":"165ml","barcode":["9300830054343"],"isAvailable":true,"location":["tas"]},{"id":"c3728223p-9300830056118","store":"coles","name":"Collision Leather Cookies Aerosol Deodorant","brand":"Lynx","price":3.5,"orgPrice":7,"categoryIds":["health-beauty"],"imagePath":"https://shop.coles.com.au/wcsstore/Coles-CAS/images/3/7/2/3728223.jpg","cupPrice":"$2.12 per 100ml","unit":"ea","packageSize":"165ml","barcode":["9300830056118"],"isAvailable":true,"location":["tas"]},{"id":"c8631934p-022796916136","store":"coles","name":"Argan Oil of Morocco Renew Treatment","brand":"Ogx","price":10,"orgPrice":20,"categoryIds":["health-beauty"],"imagePath":"https://shop.coles.com.au/wcsstore/Coles-CAS/images/8/6/3/8631934.jpg","cupPrice":"$4.22 per 100ml","unit":"ea","packageSize":"237ml","barcode":["022796916136"],"isAvailable":true,"location":["tas"]},{"id":"c5889755p-8850006493304","store":"coles","name":"Naturals Intensive Moisture Conditioner","brand":"Palmolive","price":2.25,"orgPrice":null,"categoryIds":["health-beauty"],"imagePath":"https://shop.coles.com.au/wcsstore/Coles-CAS/images/5/8/8/5889755.jpg","cupPrice":"$0.64 per 100ml","unit":"ea","packageSize":"350ml","barcode":["8850006493304","6920354805509"],"isAvailable":true,"location":["tas"]},{"id":"c5889777p-8850006493113","store":"coles","name":"Naturals Intensive Moisture Shampoo","brand":"Palmolive","price":2.25,"orgPrice":null,"categoryIds":["health-beauty"],"imagePath":"https://shop.coles.com.au/wcsstore/Coles-CAS/images/5/8/8/5889777.jpg","cupPrice":"$0.64 per 100ml","unit":"ea","packageSize":"350ml","barcode":["8850006493113","4892368072166","400003259762"],"isAvailable":true,"location":["tas"]},{"id":"c4779773p-9300705602839","store":"coles","name":"Garlic Horseradish + C Complex Capsules","brand":"Cenovis","price":8.25,"orgPrice":16.5,"categoryIds":["health-beauty"],"imagePath":"https://shop.coles.com.au/wcsstore/Coles-CAS/images/4/7/7/4779773.jpg","cupPrice":"$0.07 per 1ea","unit":"ea","packageSize":"120 pack","barcode":["9300705602839","4005808923182"],"isAvailable":true,"location":["tas"]},{"id":"c9601291p-9300705602570","store":"coles","name":"EasySleep Valerian Capsules","brand":"Cenovis","price":6,"orgPrice":12,"categoryIds":["health-beauty"],"imagePath":"https://shop.coles.com.au/wcsstore/Coles-CAS/images/9/6/0/9601291.jpg","cupPrice":"$0.20 per 1ea","unit":"ea","packageSize":"30 pack","barcode":["9300705602570"],"isAvailable":true,"location":["tas"]},{"id":"c1302162p-010181035777","store":"coles","name":"Coconut Indulging Body Wash","brand":"Palmer's","price":3,"orgPrice":6,"categoryIds":["health-beauty"],"imagePath":"https://shop.coles.com.au/wcsstore/Coles-CAS/images/1/3/0/1302162.jpg","cupPrice":"$0.75 per 100ml","unit":"ea","packageSize":"400ml","barcode":["010181035777","010181035753"],"isAvailable":true,"location":["tas"]},{"id":"c2274845p-8850006493670","store":"coles","name":"Naturals Refreshing Shower Gel","brand":"Palmolive","price":2.7,"orgPrice":5.4,"categoryIds":["health-beauty"],"imagePath":"https://shop.coles.com.au/wcsstore/Coles-CAS/images/2/2/7/2274845.jpg","cupPrice":"$0.54 per 100ml","unit":"ea","packageSize":"500ml","barcode":["8850006493670"],"isAvailable":true,"location":["tas"]},{"id":"c2826090p-9300705605618","store":"coles","name":"Men's Multi Vitamin & Minerals Capsules","brand":"Cenovis","price":12,"orgPrice":24,"categoryIds":["health-beauty"],"imagePath":"https://shop.coles.com.au/wcsstore/Coles-CAS/images/2/8/2/2826090.jpg","cupPrice":"$12.00 per 100ea","unit":"ea","packageSize":"100 pack","barcode":["9300705605618"],"isAvailable":true,"location":["tas"]},{"id":"c2940073p-022796901217","store":"coles","name":"Extra Strength Damage Remedy Coconut Oil Conditioner","brand":"Ogx","price":10.5,"orgPrice":21,"categoryIds":["health-beauty"],"imagePath":"https://shop.coles.com.au/wcsstore/Coles-CAS/images/2/9/4/2940073.jpg","cupPrice":"$2.73 per 100ml","unit":"ea","packageSize":"385ml","barcode":["022796901217"],"isAvailable":true,"location":["tas"]},{"id":"c5602383p-9300705603072","store":"coles","name":"Mega E 500IU Capsules","brand":"Cenovis","price":18.5,"orgPrice":37,"categoryIds":["health-beauty"],"imagePath":"https://shop.coles.com.au/wcsstore/Coles-CAS/images/5/6/0/5602383.jpg","cupPrice":"$0.07 per 1ea","unit":"ea","packageSize":"250 pack","barcode":["9300705603072"],"isAvailable":true,"location":["tas"]},{"id":"c3722103p-9300830054404","store":"coles","name":"Aerosol Black Night Deodorant","brand":"Lynx","price":3.5,"orgPrice":7,"categoryIds":["health-beauty"],"imagePath":"https://shop.coles.com.au/wcsstore/Coles-CAS/images/3/7/2/3722103.jpg","cupPrice":"$2.12 per 100ml","unit":"ea","packageSize":"165ml","barcode":["9300830054404"],"isAvailable":true,"location":["tas"]},{"id":"c8297231p-93391078","store":"coles","name":"Natural Vitamin E 1000iu Capsules","brand":"Blackmores","price":7.5,"orgPrice":15,"categoryIds":["health-beauty"],"imagePath":"https://shop.coles.com.au/wcsstore/Coles-CAS/images/8/2/9/8297231.jpg","cupPrice":"$25.00 per 100ea","unit":"ea","packageSize":"30 pack","barcode":["93391078","93482752"],"isAvailable":true,"location":["tas"]},{"id":"c7714231p-070501760901","store":"coles","name":"Deep Clean Facial Cleanser","brand":"Neutrogena","price":7.65,"orgPrice":15.3,"categoryIds":["health-beauty"],"imagePath":"https://shop.coles.com.au/wcsstore/Coles-CAS/images/7/7/1/7714231.jpg","cupPrice":"$3.83 per 100ml","unit":"ea","packageSize":"200ml","barcode":["070501760901","070501060902"],"isAvailable":true,"location":["tas"]},{"id":"c8297694p-93808057","store":"coles","name":"Valerian Forte Tablets","brand":"Blackmores","price":8,"orgPrice":16,"categoryIds":["health-beauty"],"imagePath":"https://shop.coles.com.au/wcsstore/Coles-CAS/images/8/2/9/8297694.jpg","cupPrice":"$26.67 per 100ea","unit":"ea","packageSize":"30 pack","barcode":["93808057","93808545"],"isAvailable":true,"location":["tas"]},{"id":"c7549769p-4902430270274","store":"coles","name":"Pro-V Intensive Hair Masque Daily Moisture Renewal Treatment","brand":"Pantene","price":5,"orgPrice":10,"categoryIds":["health-beauty"],"imagePath":"https://shop.coles.com.au/wcsstore/Coles-CAS/images/7/5/4/7549769.jpg","cupPrice":"$1.67 per 100ml","unit":"ea","packageSize":"300ml","barcode":["4902430270274"],"isAvailable":true,"location":["tas"]},{"id":"c6294651p-9300807241417","store":"coles","name":"Odourless Fish Oil Capsules","brand":"Blackmores","price":10,"orgPrice":20,"categoryIds":["health-beauty"],"imagePath":"https://shop.coles.com.au/wcsstore/Coles-CAS/images/6/2/9/6294651.jpg","cupPrice":"$5.00 per 100ea","unit":"ea","packageSize":"200 pack","barcode":["9300807241417","9300807287439"],"isAvailable":true,"location":["tas"]},{"id":"c9688926p-9300807219539","store":"coles","name":"Bio C 500mg Chewable Tablets","brand":"Blackmores","price":7.25,"orgPrice":14.5,"categoryIds":["health-beauty"],"imagePath":"https://shop.coles.com.au/wcsstore/Coles-CAS/images/9/6/8/9688926.jpg","cupPrice":"$5.80 per 100ea","unit":"ea","packageSize":"125 pack","barcode":["9300807219539","9300807324950"],"isAvailable":true,"location":["tas"]},{"id":"c9617134p-9300607375442","store":"coles","name":"Deep Clean Foaming Face Cleanser","brand":"Neutrogena","price":7.65,"orgPrice":15.3,"categoryIds":["health-beauty"],"imagePath":"https://shop.coles.com.au/wcsstore/Coles-CAS/images/9/6/1/9617134.jpg","cupPrice":"$4.37 per 100g","unit":"ea","packageSize":"175g","barcode":["9300607375442"],"isAvailable":true,"location":["tas"]},{"id":"c9467520p-93666558","store":"coles","name":"Men Antiperspirant Roll On Deodorant Africa","brand":"Lynx","price":2,"orgPrice":4,"categoryIds":["health-beauty"],"imagePath":"https://shop.coles.com.au/wcsstore/Coles-CAS/images/9/4/6/9467520.jpg","cupPrice":"$4.00 per 100ml","unit":"ea","packageSize":"50ml","barcode":["93666558","93666398"],"isAvailable":true,"location":["tas"]},{"id":"c1255346p-022796916716","store":"coles","name":"Biotin & Collagen Conditioner","brand":"Ogx","price":10,"orgPrice":20,"categoryIds":["health-beauty"],"imagePath":"https://shop.coles.com.au/wcsstore/Coles-CAS/images/1/2/5/1255346.jpg","cupPrice":"$2.60 per 100ml","unit":"ea","packageSize":"385ml","barcode":["022796916716"],"isAvailable":true,"location":["tas"]},{"id":"c2269073p-9300705605175","store":"coles","name":"Co-Enzyme Q10 150mg Capsules","brand":"Cenovis","price":10.5,"orgPrice":21,"categoryIds":["health-beauty"],"imagePath":"https://shop.coles.com.au/wcsstore/Coles-CAS/images/2/2/6/2269073.jpg","cupPrice":"$0.35 per 1ea","unit":"ea","packageSize":"30 pack","barcode":["9300705605175"],"isAvailable":true,"location":["tas"]},{"id":"c2940051p-022796901200","store":"coles","name":"Extra Strength Damage Remedy Coconut Oil Shampoo","brand":"Ogx","price":10.5,"orgPrice":21,"categoryIds":["health-beauty"],"imagePath":"https://shop.coles.com.au/wcsstore/Coles-CAS/images/2/9/4/2940051.jpg","cupPrice":"$2.73 per 100ml","unit":"ea","packageSize":"385ml","barcode":["022796901200"],"isAvailable":true,"location":["tas"]},{"id":"c3132052p-9300632089239","store":"coles","name":"Slim Soft Advance Gold Manual Toothbrush","brand":"Colgate","price":3,"orgPrice":6,"categoryIds":["health-beauty"],"imagePath":"https://shop.coles.com.au/wcsstore/Coles-CAS/images/3/1/3/3132052.jpg","cupPrice":"$3.00 per 1ea","unit":"ea","packageSize":"1 pack","barcode":["9300632089239"],"isAvailable":true,"location":["tas"]},{"id":"c2290579p-4902430638074","store":"coles","name":"Daily Moisture Renewal Conditioner","brand":"Pantene","price":8.5,"orgPrice":17,"categoryIds":["health-beauty"],"imagePath":"https://shop.coles.com.au/wcsstore/Coles-CAS/images/2/2/9/2290579.jpg","cupPrice":"$0.94 per 100ml","unit":"ea","packageSize":"900ml","barcode":["4902430638074"],"isAvailable":true,"location":["tas"]},{"id":"c2321253p-022796900807","store":"coles","name":"Heavenly Hydration Cherry Blossom Shampoo","brand":"Ogx","price":10,"orgPrice":20,"categoryIds":["health-beauty"],"imagePath":"https://shop.coles.com.au/wcsstore/Coles-CAS/images/2/3/2/2321253.jpg","cupPrice":"$2.60 per 100ml","unit":"ea","packageSize":"385ml","barcode":["022796900807"],"isAvailable":true,"location":["tas"]},{"id":"c2837959p-9300807324172","store":"coles","name":"Vitamin C 500mg Tablets","brand":"Blackmores","price":6.25,"orgPrice":12.5,"categoryIds":["health-beauty"],"imagePath":"https://shop.coles.com.au/wcsstore/Coles-CAS/images/2/8/3/2837959.jpg","cupPrice":"$5.21 per 100ea","unit":"ea","packageSize":"120 pack","barcode":["9300807324172","93549547"],"isAvailable":true,"location":["tas"]},{"id":"c2675610p-022796900104","store":"coles","name":"Extra Strength Argan Oil Shampoo","brand":"Ogx","price":10.5,"orgPrice":21,"categoryIds":["health-beauty"],"imagePath":"https://shop.coles.com.au/wcsstore/Coles-CAS/images/2/6/7/2675610.jpg","cupPrice":"$2.73 per 100ml","unit":"ea","packageSize":"385ml","barcode":["022796900104"],"isAvailable":true,"location":["tas"]},{"id":"c3722012p-9300830054336","store":"coles","name":"Aerosol Australia Deodorant","brand":"Lynx","price":3.5,"orgPrice":7,"categoryIds":["health-beauty"],"imagePath":"https://shop.coles.com.au/wcsstore/Coles-CAS/images/3/7/2/3722012.jpg","cupPrice":"$2.12 per 100ml","unit":"ea","packageSize":"165ml","barcode":["9300830054336"],"isAvailable":true,"location":["tas"]},{"id":"c3709477p-93558693","store":"coles","name":"Multivitamin For Women","brand":"Blackmores","price":10,"orgPrice":20,"categoryIds":["health-beauty"],"imagePath":"https://shop.coles.com.au/wcsstore/Coles-CAS/images/3/7/0/3709477.jpg","cupPrice":"$0.20 per 1ea","unit":"ea","packageSize":"50 pack","barcode":["93558693"],"isAvailable":true,"location":["tas"]},{"id":"c4708710p-4892368072180","store":"coles","name":"Naturals Active Nourishment Shampoo","brand":"Palmolive","price":2.25,"orgPrice":null,"categoryIds":["health-beauty"],"imagePath":"https://shop.coles.com.au/wcsstore/Coles-CAS/images/4/7/0/4708710.jpg","cupPrice":"$0.64 per 100ml","unit":"ea","packageSize":"350ml","barcode":["4892368072180","400003259779","8850006493106"],"isAvailable":true,"location":["tas"]},{"id":"c4172223p-9300711282636","store":"coles","name":"Daily Blackhead Clearing Scrub","brand":"Clearasil","price":5.35,"orgPrice":10.7,"categoryIds":["health-beauty"],"imagePath":"https://shop.coles.com.au/wcsstore/Coles-CAS/images/4/1/7/4172223.jpg","cupPrice":"$3.57 per 100ml","unit":"ea","packageSize":"150ml","barcode":["9300711282636"],"isAvailable":true,"location":["tas"]},{"id":"c1160931p-5011417563236","store":"coles","name":"Ultra 5 In 1 Wash","brand":"Clearasil","price":7.25,"orgPrice":14.5,"categoryIds":["health-beauty"],"imagePath":"https://shop.coles.com.au/wcsstore/Coles-CAS/images/1/1/6/1160931.jpg","cupPrice":"$4.83 per 100ml","unit":"ea","packageSize":"150ml","barcode":["5011417563236"],"isAvailable":true,"location":["tas"]},{"id":"c1847141p-9300807219065","store":"coles","name":"Evening Primrose Oil Tablets","brand":"Blackmores","price":10,"orgPrice":20,"categoryIds":["health-beauty"],"imagePath":"https://shop.coles.com.au/wcsstore/Coles-CAS/images/1/8/4/1847141.jpg","cupPrice":"$8.00 per 100ea","unit":"ea","packageSize":"125 pack","barcode":["9300807219065"],"isAvailable":true,"location":["tas"]},{"id":"c2290557p-4902430637299","store":"coles","name":"Pro-V Daily Moisture Renewal Shampoo","brand":"Pantene","price":8.5,"orgPrice":17,"categoryIds":["health-beauty"],"imagePath":"https://shop.coles.com.au/wcsstore/Coles-CAS/images/2/2/9/2290557.jpg","cupPrice":"$0.94 per 100ml","unit":"ea","packageSize":"900ml","barcode":["4902430637299"],"isAvailable":true,"location":["tas"]},{"id":"c2321275p-022796900814","store":"coles","name":"Hevenly Hydration Cherry Blossom Conditioner","brand":"Ogx","price":10,"orgPrice":20,"categoryIds":["health-beauty"],"imagePath":"https://shop.coles.com.au/wcsstore/Coles-CAS/images/2/3/2/2321275.jpg","cupPrice":"$2.60 per 100ml","unit":"ea","packageSize":"385ml","barcode":["022796900814"],"isAvailable":true,"location":["tas"]},{"id":"c2676179p-022796900920","store":"coles","name":"Quenching Coconut Curls Conditioner","brand":"Ogx","price":10,"orgPrice":20,"categoryIds":["health-beauty"],"imagePath":"https://shop.coles.com.au/wcsstore/Coles-CAS/images/2/6/7/2676179.jpg","cupPrice":"$2.60 per 100ml","unit":"ea","packageSize":"385ml","barcode":["022796900920"],"isAvailable":true,"location":["tas"]},{"id":"c3470317p-9300705605762","store":"coles","name":"Hair Skin And Nails Tablets","brand":"Cenovis","price":8.25,"orgPrice":16.5,"categoryIds":["health-beauty"],"imagePath":"https://shop.coles.com.au/wcsstore/Coles-CAS/images/3/4/7/3470317.jpg","cupPrice":"$0.14 per 1ea","unit":"ea","packageSize":"60 pack","barcode":["9300705605762"],"isAvailable":true,"location":["tas"]},{"id":"c3470292p-9316090019121","store":"coles","name":"Vitamin B3 500mg Tablets","brand":"Nature's Own","price":6,"orgPrice":12,"categoryIds":["health-beauty"],"imagePath":"https://shop.coles.com.au/wcsstore/Coles-CAS/images/3/4/7/3470292.jpg","cupPrice":"$10.00 per 100ea","unit":"ea","packageSize":"60 pack","barcode":["9316090019121"],"isAvailable":true,"location":["tas"]},{"id":"c3709580p-93558686","store":"coles","name":"Multivitamin For Men","brand":"Blackmores","price":10,"orgPrice":20,"categoryIds":["health-beauty"],"imagePath":"https://shop.coles.com.au/wcsstore/Coles-CAS/images/3/7/0/3709580.jpg","cupPrice":"$0.20 per 1ea","unit":"ea","packageSize":"50 pack","barcode":["93558686"],"isAvailable":true,"location":["tas"]},{"id":"c8296705p-93808323","store":"coles","name":"Bio Zinc 84 Tablets","brand":"Blackmores","price":9.3,"orgPrice":18.6,"categoryIds":["health-beauty"],"imagePath":"https://shop.coles.com.au/wcsstore/Coles-CAS/images/8/2/9/8296705.jpg","cupPrice":"$9.30 per 1ea","unit":"ea","packageSize":"1 pack","barcode":["93808323"],"isAvailable":true,"location":["tas"]},{"id":"c2676973p-022796900111","store":"coles","name":"Extra Strength Argan Oil Of Morocco Conditioner","brand":"Ogx","price":10.5,"orgPrice":21,"categoryIds":["health-beauty"],"imagePath":"https://shop.coles.com.au/wcsstore/Coles-CAS/images/2/6/7/2676973.jpg","cupPrice":"$2.73 per 100ml","unit":"ea","packageSize":"385ml","barcode":["022796900111"],"isAvailable":true,"location":["tas"]},{"id":"c2900670p-93550659","store":"coles","name":"Immune Defence Capsules","brand":"Blackmores","price":14,"orgPrice":28,"categoryIds":["health-beauty"],"imagePath":"https://shop.coles.com.au/wcsstore/Coles-CAS/images/2/9/0/2900670.jpg","cupPrice":"$46.67 per 100ea","unit":"ea","packageSize":"30 pack","barcode":["93550659"],"isAvailable":true,"location":["tas"]},{"id":"c3470260p-9316090019169","store":"coles","name":"Super B Complex Tablets","brand":"Nature's Own","price":13.5,"orgPrice":27,"categoryIds":["health-beauty"],"imagePath":"https://shop.coles.com.au/wcsstore/Coles-CAS/images/3/4/7/3470260.jpg","cupPrice":"$0.18 per 1ea","unit":"ea","packageSize":"75 pack","barcode":["9316090019169"],"isAvailable":true,"location":["tas"]},{"id":"c3562890p-8809462425398","store":"coles","name":"Pink Holographic Peel Off Mask","brand":"Skin Republic","price":6.5,"orgPrice":13,"categoryIds":["health-beauty"],"imagePath":"https://shop.coles.com.au/wcsstore/Coles-CAS/images/3/5/6/3562890.jpg","cupPrice":"$2.60 per 10ml","unit":"ea","packageSize":"25ml","barcode":["8809462425398"],"isAvailable":true,"location":["tas"]},{"id":"c3732355p-022796916167","store":"coles","name":"Penetrating Oil Extra Strength","brand":"Ogx","price":12.5,"orgPrice":25,"categoryIds":["health-beauty"],"imagePath":"https://shop.coles.com.au/wcsstore/Coles-CAS/images/3/7/3/3732355.jpg","cupPrice":"$12.50 per 100ml","unit":"ea","packageSize":"100ml","barcode":["022796916167"],"isAvailable":true,"location":["tas"]},{"id":"c2207350p-9300607561234","store":"coles","name":"Hydro Boost Water Gel","brand":"Neutrogena","price":13.5,"orgPrice":27,"categoryIds":["health-beauty"],"imagePath":"https://shop.coles.com.au/wcsstore/Coles-CAS/images/2/2/0/2207350.jpg","cupPrice":"$27.00 per 100g","unit":"ea","packageSize":"50g","barcode":["9300607561234"],"isAvailable":true,"location":["tas"]},{"id":"c2268988p-93556828","store":"coles","name":"Bio Iron Advanced Tablets","brand":"Blackmores","price":9.5,"orgPrice":19,"categoryIds":["health-beauty"],"imagePath":"https://shop.coles.com.au/wcsstore/Coles-CAS/images/2/2/6/2268988.jpg","cupPrice":"$31.67 per 100ea","unit":"ea","packageSize":"30 pack","barcode":["93556828","93546003","93555920"],"isAvailable":true,"location":["tas"]},{"id":"c2827740p-9300705605380","store":"coles","name":"B Complex Tablets","brand":"Cenovis","price":7,"orgPrice":14,"categoryIds":["health-beauty"],"imagePath":"https://shop.coles.com.au/wcsstore/Coles-CAS/images/2/8/2/2827740.jpg","cupPrice":"$4.67 per 100ea","unit":"ea","packageSize":"150 pack","barcode":["9300705605380"],"isAvailable":true,"location":["tas"]},{"id":"c2675562p-022796900906","store":"coles","name":"Quenching Coconut Curls Shampoo","brand":"Ogx","price":10,"orgPrice":20,"categoryIds":["health-beauty"],"imagePath":"https://shop.coles.com.au/wcsstore/Coles-CAS/images/2/6/7/2675562.jpg","cupPrice":"$2.60 per 100ml","unit":"ea","packageSize":"385ml","barcode":["022796900906"],"isAvailable":true,"location":["tas"]},{"id":"c2871163p-8718951139084","store":"coles","name":"Sensitive Pro Relief Repair & Prevent Toothpaste","brand":"Colgate","price":5,"orgPrice":10,"categoryIds":["health-beauty"],"imagePath":"https://shop.coles.com.au/wcsstore/Coles-CAS/images/2/8/7/2871163.jpg","cupPrice":"$4.55 per 100g","unit":"ea","packageSize":"110g","barcode":["8718951139084"],"isAvailable":true,"location":["tas"]},{"id":"c3534941p-5410091733377","store":"coles","name":"Got2b Extra Fresh It Up Dry Shampoo","brand":"Schwarzkopf","price":6.5,"orgPrice":13,"categoryIds":["health-beauty"],"imagePath":"https://shop.coles.com.au/wcsstore/Coles-CAS/images/3/5/3/3534941.jpg","cupPrice":"$3.25 per 100ml","unit":"ea","packageSize":"200ml","barcode":["5410091733377"],"isAvailable":true,"location":["tas"]},{"id":"c9001782p-9300807243763","store":"coles","name":"Vitamin D3 1000iu Capsules","brand":"Blackmores","price":15,"orgPrice":30,"categoryIds":["health-beauty"],"imagePath":"https://shop.coles.com.au/wcsstore/Coles-CAS/images/9/0/0/9001782.jpg","cupPrice":"$7.50 per 100ea","unit":"ea","packageSize":"200 pack","barcode":["9300807243763"],"isAvailable":true,"location":["tas"]},{"id":"c8297402p-93558594","store":"coles","name":"Bio C 1000mg Tablets","brand":"Blackmores","price":8.8,"orgPrice":17.6,"categoryIds":["health-beauty"],"imagePath":"https://shop.coles.com.au/wcsstore/Coles-CAS/images/8/2/9/8297402.jpg","cupPrice":"$14.19 per 100ea","unit":"ea","packageSize":"62 pack","barcode":["93558594","9300807201411","9300807216705","93807920"],"isAvailable":true,"location":["tas"]},{"id":"c7703767p-9300607560220","store":"coles","name":"Oil Free Pink Grapefruit Cleanser","brand":"Neutrogena","price":7.65,"orgPrice":15.3,"categoryIds":["health-beauty"],"imagePath":"https://shop.coles.com.au/wcsstore/Coles-CAS/images/7/7/0/7703767.jpg","cupPrice":"$4.37 per 100ml","unit":"ea","packageSize":"175ml","barcode":["9300607560220"],"isAvailable":true,"location":["tas"]},{"id":"c6896530p-022796910080","store":"coles","name":"Anti Breakage Coconut Milk Serum","brand":"Ogx","price":10,"orgPrice":20,"categoryIds":["health-beauty"],"imagePath":"https://shop.coles.com.au/wcsstore/Coles-CAS/images/6/8/9/6896530.jpg","cupPrice":"$8.47 per 100ml","unit":"ea","packageSize":"118ml","barcode":["022796910080"],"isAvailable":true,"location":["tas"]},{"id":"c4708888p-6920354803956","store":"coles","name":"Naturals Active Nourishment Conditioner","brand":"Palmolive","price":2.25,"orgPrice":null,"categoryIds":["health-beauty"],"imagePath":"https://shop.coles.com.au/wcsstore/Coles-CAS/images/4/7/0/4708888.jpg","cupPrice":"$0.64 per 100ml","unit":"ea","packageSize":"350ml","barcode":["6920354803956","8850006493298"],"isAvailable":true,"location":["tas"]},{"id":"c2290400p-4902430637428","store":"coles","name":"Pro-V Ultimate 10 Repair & Protect Shampoo","brand":"Pantene","price":8.5,"orgPrice":17,"categoryIds":["health-beauty"],"imagePath":"https://shop.coles.com.au/wcsstore/Coles-CAS/images/2/2/9/2290400.jpg","cupPrice":"$0.94 per 100ml","unit":"ea","packageSize":"900ml","barcode":["4902430637428"],"isAvailable":true,"location":["tas"]},{"id":"c2940109p-022796901224","store":"coles","name":"Extra Strength Coconut Miracle Oil","brand":"Ogx","price":10.5,"orgPrice":21,"categoryIds":["health-beauty"],"imagePath":"https://shop.coles.com.au/wcsstore/Coles-CAS/images/2/9/4/2940109.jpg","cupPrice":"$10.50 per 100ml","unit":"ea","packageSize":"100ml","barcode":["022796901224"],"isAvailable":true,"location":["tas"]},{"id":"c3422813p-022796180124","store":"coles","name":"Shea Butter Conditioner","brand":"Maui","price":11,"orgPrice":22,"categoryIds":["health-beauty"],"imagePath":"https://shop.coles.com.au/wcsstore/Coles-CAS/images/3/4/2/3422813.jpg","cupPrice":"$2.86 per 100ml","unit":"ea","packageSize":"385ml","barcode":["022796180124"],"isAvailable":true,"location":["tas"]},{"id":"c3582842p-9300830051823","store":"coles","name":"Xbox 3 In 1 Body Wash","brand":"Lynx","price":3,"orgPrice":6,"categoryIds":["health-beauty"],"imagePath":"https://shop.coles.com.au/wcsstore/Coles-CAS/images/3/5/8/3582842.jpg","cupPrice":"$0.75 per 100ml","unit":"ea","packageSize":"400ml","barcode":["9300830051823"],"isAvailable":true,"location":["tas"]},{"id":"c5749086p-9310088002911","store":"coles","name":"3 Ply Aloe Vera & Vitamin E Soothe Facial Tissues","brand":"Kleenex","price":1.3,"orgPrice":null,"categoryIds":["household"],"imagePath":"https://shop.coles.com.au/wcsstore/Coles-CAS/images/5/7/4/5749086.jpg","cupPrice":"$1.37 per 100ea","unit":"ea","packageSize":"95 pack","barcode":["9310088002911"],"isAvailable":true,"location":["tas"]},{"id":"c3513318p-9300701848491","store":"coles","name":"Dishwasher Tablets","brand":"Finish","price":16,"orgPrice":32,"categoryIds":["household"],"imagePath":"https://shop.coles.com.au/wcsstore/Coles-CAS/images/3/5/1/3513318.jpg","cupPrice":"$0.38 per 1ea","unit":"ea","packageSize":"42 pack","barcode":["9300701848491"],"isAvailable":true,"location":["tas"]},{"id":"c3679150p-9300701066512","store":"coles","name":"Quantum Ultimate Pro Lemon Dishwash Tablets","brand":"Finish","price":16,"orgPrice":32,"categoryIds":["household"],"imagePath":"https://shop.coles.com.au/wcsstore/Coles-CAS/images/3/6/7/3679150.jpg","cupPrice":"$0.50 per 1ea","unit":"ea","packageSize":"32 pack","barcode":["9300701066512"],"isAvailable":true,"location":["tas"]},{"id":"c3774344p-9350376003701","store":"coles","name":"Profession 7 In 1 Laundry Liquid","brand":"Dynamo","price":10,"orgPrice":20,"categoryIds":["household"],"imagePath":"https://shop.coles.com.au/wcsstore/Coles-CAS/images/3/7/7/3774344.jpg","cupPrice":"$5.56 per 1l","unit":"ea","packageSize":"1.8l","barcode":["9350376003701"],"isAvailable":true,"location":["tas"]},{"id":"c7945008p-9300632076307","store":"coles","name":"Fragrance Temptations Spice Allure Fabric Softener","brand":"Fluffy","price":3.5,"orgPrice":7,"categoryIds":["household"],"imagePath":"https://shop.coles.com.au/wcsstore/Coles-CAS/images/7/9/4/7945008.jpg","cupPrice":"$3.50 per 1l","unit":"ea","packageSize":"1l","barcode":["9300632076307"],"isAvailable":true,"location":["tas"]},{"id":"c7556017p-9300701414689","store":"coles","name":"Lemon Dishwasher Cleaner","brand":"Finish","price":4,"orgPrice":8,"categoryIds":["household"],"imagePath":"https://shop.coles.com.au/wcsstore/Coles-CAS/images/7/5/5/7556017.jpg","cupPrice":"$1.60 per 100ml","unit":"ea","packageSize":"250ml","barcode":["9300701414689","9300701155759"],"isAvailable":true,"location":["tas"]},{"id":"c2223662p-9300632084173","store":"coles","name":"Divine Blends Warm Vanilla & Creamy Coconut Concentrated Fabric Softener","brand":"Fluffy","price":3.5,"orgPrice":7,"categoryIds":["household"],"imagePath":"https://shop.coles.com.au/wcsstore/Coles-CAS/images/2/2/2/2223662.jpg","cupPrice":"$3.89 per 1l","unit":"ea","packageSize":"900ml","barcode":["9300632084173"],"isAvailable":true,"location":["tas"]},{"id":"c3196430p","store":"coles","name":"Attack Plus Softener","brand":"Biozet","price":11,"orgPrice":22,"categoryIds":["household"],"imagePath":"https://shop.coles.com.au/wcsstore/Coles-CAS/images/3/1/9/3196430.jpg","cupPrice":"$5.50 per 1l","unit":"ea","packageSize":"2l","barcode":null,"isAvailable":true,"location":["tas"]},{"id":"c3701012p-9300701147730","store":"coles","name":"Quantum Ultimate Pro Baking Soda","brand":"Finish","price":16,"orgPrice":32,"categoryIds":["household"],"imagePath":"https://shop.coles.com.au/wcsstore/Coles-CAS/images/3/7/0/3701012.jpg","cupPrice":"$0.50 per 1ea","unit":"ea","packageSize":"32 pack","barcode":["9300701147730"],"isAvailable":true,"location":["tas"]},{"id":"c3774355p-9350376003756","store":"coles","name":"Profession Odour Eliminator Liquid","brand":"Dynamo","price":10,"orgPrice":20,"categoryIds":["household"],"imagePath":"https://shop.coles.com.au/wcsstore/Coles-CAS/images/3/7/7/3774355.jpg","cupPrice":"$5.56 per 1l","unit":"ea","packageSize":"1.8l","barcode":["9350376003756"],"isAvailable":true,"location":["tas"]},{"id":"c2597877p-4901301511591","store":"coles","name":"Attack Front & Top Loader Laundry Powder","brand":"Biozet","price":10,"orgPrice":20,"categoryIds":["household"],"imagePath":"https://shop.coles.com.au/wcsstore/Coles-CAS/images/2/5/9/2597877.jpg","cupPrice":"$5.00 per 1kg","unit":"ea","packageSize":"2kg","barcode":["4901301511591","4710363961103"],"isAvailable":true,"location":["tas"]},{"id":"c3035012p-9300701234140","store":"coles","name":"Fresh Power6 Toilet Cleaner Tropical Blossom","brand":"Harpic","price":2.5,"orgPrice":5,"categoryIds":["household"],"imagePath":"https://shop.coles.com.au/wcsstore/Coles-CAS/images/3/0/3/3035012.jpg","cupPrice":"$6.41 per 100g","unit":"ea","packageSize":"39g","barcode":["9300701234140"],"isAvailable":true,"location":["tas"]},{"id":"c3679140p-9300701066505","store":"coles","name":"Quantum Ultimate Pro Original Dishwash Tablets","brand":"Finish","price":16,"orgPrice":32,"categoryIds":["household"],"imagePath":"https://shop.coles.com.au/wcsstore/Coles-CAS/images/3/6/7/3679140.jpg","cupPrice":"$0.50 per 1ea","unit":"ea","packageSize":"32 pack","barcode":["9300701066505"],"isAvailable":true,"location":["tas"]},{"id":"c2688214p-4710363777698","store":"coles","name":"Attack Front & Top Loader Regular Laundry Liquid","brand":"Biozet","price":10,"orgPrice":20,"categoryIds":["household"],"imagePath":"https://shop.coles.com.au/wcsstore/Coles-CAS/images/2/6/8/2688214.jpg","cupPrice":"$5.00 per 1l","unit":"ea","packageSize":"2l","barcode":["4710363777698"],"isAvailable":true,"location":["tas"]},{"id":"c3035067p-9300701225087","store":"coles","name":"Fresh Power Toilet Cleaner Tropical Blossom","brand":"Harpic","price":2.5,"orgPrice":5,"categoryIds":["household"],"imagePath":"https://shop.coles.com.au/wcsstore/Coles-CAS/images/3/0/3/3035067.jpg","cupPrice":"$0.36 per 100ml","unit":"ea","packageSize":"700ml","barcode":["9300701225087"],"isAvailable":true,"location":["tas"]},{"id":"c3774402p-9350376003831","store":"coles","name":"Advanced Clean Laundry Liquid","brand":"Cold Power","price":5.5,"orgPrice":11,"categoryIds":["household"],"imagePath":"https://shop.coles.com.au/wcsstore/Coles-CAS/images/3/7/7/3774402.jpg","cupPrice":"$5.50 per 1l","unit":"ea","packageSize":"1l","barcode":["9350376003831"],"isAvailable":true,"location":["tas"]},{"id":"c3774300p-9350376003626","store":"coles","name":"Profession Oxi Plus Laundry Liquid","brand":"Dynamo","price":10,"orgPrice":20,"categoryIds":["household"],"imagePath":"https://shop.coles.com.au/wcsstore/Coles-CAS/images/3/7/7/3774300.jpg","cupPrice":"$5.56 per 1l","unit":"ea","packageSize":"1.8l","barcode":["9350376003626"],"isAvailable":true,"location":["tas"]},{"id":"c3774876p-9350376004517","store":"coles","name":"Advanced Clean Laundry Powder","brand":"Cold Power","price":5.5,"orgPrice":11,"categoryIds":["household"],"imagePath":"https://shop.coles.com.au/wcsstore/Coles-CAS/images/3/7/7/3774876.jpg","cupPrice":"$5.50 per 1kg","unit":"ea","packageSize":"1kg","barcode":["9350376004517"],"isAvailable":true,"location":["tas"]},{"id":"c1586183p-9300632082674","store":"coles","name":"Divine Blends Lotus Flower & Sea Minerals Fabric Softener","brand":"Fluffy","price":3.5,"orgPrice":7,"categoryIds":["household"],"imagePath":"https://shop.coles.com.au/wcsstore/Coles-CAS/images/1/5/8/1586183.jpg","cupPrice":"$3.89 per 1l","unit":"ea","packageSize":"900ml","barcode":["9300632082674"],"isAvailable":true,"location":["tas"]},{"id":"c3224955p","store":"coles","name":"Blue Power Toilet Cleaner","brand":"Harpic","price":2.5,"orgPrice":5,"categoryIds":["household"],"imagePath":"https://shop.coles.com.au/wcsstore/Coles-CAS/images/3/2/2/3224955.jpg","cupPrice":"$6.41 per 100g","unit":"ea","packageSize":"39g","barcode":null,"isAvailable":true,"location":["tas"]},{"id":"c2503410p-9310049702676","store":"coles","name":"Alfoil Traditional Strength 30cm X 60m","brand":"Multix","price":5,"orgPrice":10,"categoryIds":["household"],"imagePath":"https://shop.coles.com.au/wcsstore/Coles-CAS/images/2/5/0/2503410.jpg","cupPrice":"$5.00 per 1ea","unit":"ea","packageSize":"1 pack","barcode":["9310049702676"],"isAvailable":true,"location":["tas"]},{"id":"c3035045p-9300701225063","store":"coles","name":"Fresh Power Marine Splash Toilet Cleaner","brand":"Harpic","price":2.5,"orgPrice":5,"categoryIds":["household"],"imagePath":"https://shop.coles.com.au/wcsstore/Coles-CAS/images/3/0/3/3035045.jpg","cupPrice":"$0.36 per 100ml","unit":"ea","packageSize":"700ml","barcode":["9300701225063"],"isAvailable":true,"location":["tas"]},{"id":"c3315970p-9300701708535","store":"coles","name":"Stain Remover Fabric Powder","brand":"Vanish","price":15,"orgPrice":30,"categoryIds":["household"],"imagePath":"https://shop.coles.com.au/wcsstore/Coles-CAS/images/3/3/1/3315970.jpg","cupPrice":"$5.56 per 1kg","unit":"ea","packageSize":"2.7kg","barcode":["9300701708535"],"isAvailable":true,"location":["tas"]},{"id":"c3414655p-9300701781033","store":"coles","name":"Vanilla & Soft Cashmere Essential Oils","brand":"Air Wick","price":5.5,"orgPrice":11,"categoryIds":["household"],"imagePath":"https://shop.coles.com.au/wcsstore/Coles-CAS/images/3/4/1/3414655.jpg","cupPrice":"$2.62 per 10ml","unit":"ea","packageSize":"21ml","barcode":["9300701781033"],"isAvailable":true,"location":["tas"]},{"id":"c1281572p-9310088002119","store":"coles","name":"Special Care Eucalyptus Facial Tissues","brand":"Kleenex","price":1.3,"orgPrice":null,"categoryIds":["household"],"imagePath":"https://shop.coles.com.au/wcsstore/Coles-CAS/images/1/2/8/1281572.jpg","cupPrice":"$1.37 per 100ea","unit":"ea","packageSize":"95 pack","barcode":["9310088002119"],"isAvailable":true,"location":["tas"]},{"id":"c3035792p-9350376000205","store":"coles","name":"Care & Renew Laundry Liquid For Blacks & Darks","brand":"Lovables","price":6,"orgPrice":12,"categoryIds":["household"],"imagePath":"https://shop.coles.com.au/wcsstore/Coles-CAS/images/3/0/3/3035792.jpg","cupPrice":"$4.00 per 1l","unit":"ea","packageSize":"1.5l","barcode":["9350376000205"],"isAvailable":true,"location":["tas"]},{"id":"c3476084p-9300701831158","store":"coles","name":"Lime Fresh White & Shine Toilet Cleaner Bleach","brand":"Harpic","price":2.5,"orgPrice":5,"categoryIds":["household"],"imagePath":"https://shop.coles.com.au/wcsstore/Coles-CAS/images/3/4/7/3476084.jpg","cupPrice":"$6.41 per 100g","unit":"ea","packageSize":"39g","barcode":["9300701831158"],"isAvailable":true,"location":["tas"]},{"id":"c3514194p-9300701849726","store":"coles","name":"Rinse Aid 0% Dishwasher","brand":"Finish","price":4,"orgPrice":8,"categoryIds":["household"],"imagePath":"https://shop.coles.com.au/wcsstore/Coles-CAS/images/3/5/1/3514194.jpg","cupPrice":"$1.00 per 100ml","unit":"ea","packageSize":"400ml","barcode":["9300701849726"],"isAvailable":true,"location":["tas"]},{"id":"c3035023p-9300701234157","store":"coles","name":"Fresh Power6 Toilet Cleaner Marine Splash","brand":"Harpic","price":2.5,"orgPrice":5,"categoryIds":["household"],"imagePath":"https://shop.coles.com.au/wcsstore/Coles-CAS/images/3/0/3/3035023.jpg","cupPrice":"$6.41 per 100g","unit":"ea","packageSize":"39g","barcode":["9300701234157"],"isAvailable":true,"location":["tas"]},{"id":"c3224944p-9300701560386","store":"coles","name":"Turquoise Power 6 Tropical Lagoon Scent","brand":"Harpic","price":2.5,"orgPrice":5,"categoryIds":["household"],"imagePath":"https://shop.coles.com.au/wcsstore/Coles-CAS/images/3/2/2/3224944.jpg","cupPrice":"$6.41 per 100g","unit":"ea","packageSize":"39g","barcode":["9300701560386"],"isAvailable":true,"location":["tas"]},{"id":"c3774322p-9350376003688","store":"coles","name":"Profession Free & Clear Laundry Liquid","brand":"Dynamo","price":10,"orgPrice":20,"categoryIds":["household"],"imagePath":"https://shop.coles.com.au/wcsstore/Coles-CAS/images/3/7/7/3774322.jpg","cupPrice":"$5.56 per 1l","unit":"ea","packageSize":"1.8l","barcode":["9350376003688"],"isAvailable":true,"location":["tas"]},{"id":"c3224933p-400003648900","store":"coles","name":"ITB Purple Power Toilet Cleaner","brand":"Harpic","price":2.5,"orgPrice":5,"categoryIds":["household"],"imagePath":"https://shop.coles.com.au/wcsstore/Coles-CAS/images/3/2/2/3224933.jpg","cupPrice":"$2.50 per 1ea","unit":"ea","packageSize":"39g","barcode":["400003648900"],"isAvailable":true,"location":["tas"]},{"id":"c5215343p-9326489556229","store":"coles","name":"Mens Guyfront Trunks Large","brand":"Bonds","price":11,"orgPrice":22,"categoryIds":["household"],"imagePath":"https://shop.coles.com.au/wcsstore/Coles-CAS/images/5/2/1/5215343.jpg","cupPrice":"","unit":"ea","packageSize":"1 pack","barcode":["9326489556229","9326489675883","9311497965361","9351257056052","9352762787134","9351950072496","9352762000738","9354779510248","9354779873015","9312997342089","9351257800419","9342830294336","9354009329350","9312997339966","9352762780432","9312997027917","9311497965354","9311497460712","9352762787066","9313022343729","9354779530703","9337367016261","9352762767976","9310259861927","9312997313973","9351950494397","9312997020123","9312997186577","9312997581532","9354779510217","9313366909582","9352762780104","9354779556574","9354779877488","9312688848708","9354779556376","9310308801362","9352762554163","9354009767343","9337367229357","9352762253882","9351950017596","9354009814153","9313022343736","9350461836771","9354009034759","9352762216719","9312993757221","9351257431408","9351257277938","9351950664387","9313366988037","9354009814184","9354779556543","9312758955152","9351257800402","9354779877518","9354009433774","9351257518420","9354779872988","9354779556406","9311497460811","9311497460668","9352762780319"],"isAvailable":true,"location":["tas"]},{"id":"c6573123p-9300701526818","store":"coles","name":"Original Dishwasher Cleaner","brand":"Finish","price":4,"orgPrice":8,"categoryIds":["household"],"imagePath":"https://shop.coles.com.au/wcsstore/Coles-CAS/images/6/5/7/6573123.jpg","cupPrice":"$1.60 per 100ml","unit":"ea","packageSize":"250ml","barcode":["9300701526818"],"isAvailable":true,"location":["tas"]},{"id":"c3035001p-9300701228026","store":"coles","name":"Fresh Power6 Toilet Cleaner Summer Breeze","brand":"Harpic","price":2.5,"orgPrice":5,"categoryIds":["household"],"imagePath":"https://shop.coles.com.au/wcsstore/Coles-CAS/images/3/0/3/3035001.jpg","cupPrice":"$6.41 per 100g","unit":"ea","packageSize":"39g","barcode":["9300701228026"],"isAvailable":true,"location":["tas"]},{"id":"c3629797p-9354779513607","store":"coles","name":"1089s Ladies Bikini Briefs Size 12","brand":"Bonds","price":9,"orgPrice":18,"categoryIds":["household"],"imagePath":"https://shop.coles.com.au/wcsstore/Coles-CAS/images/3/6/2/3629797.jpg","cupPrice":"$4.50 per 1ea","unit":"ea","packageSize":"2 pack","barcode":["9354779513607","9354779882147","9312997180100","9354779528274","400003549146","9312997180155","9312997314758","9312997034052","9352762620226","9354779527949","9312997314703","9352762620172"],"isAvailable":true,"location":["tas"]},{"id":"c3315981p-9300701708542","store":"coles","name":"Stain Remover Fabric Powder","brand":"Vanish","price":15,"orgPrice":30,"categoryIds":["household"],"imagePath":"https://shop.coles.com.au/wcsstore/Coles-CAS/images/3/3/1/3315981.jpg","cupPrice":"$5.56 per 1kg","unit":"ea","packageSize":"2.7kg","barcode":["9300701708542"],"isAvailable":true,"location":["tas"]},{"id":"c3629786p-400003549139","store":"coles","name":"1089s Ladies Bikini Briefs Size 10","brand":"Bonds","price":9,"orgPrice":18,"categoryIds":["household"],"imagePath":"https://shop.coles.com.au/wcsstore/Coles-CAS/images/3/6/2/3629786.jpg","cupPrice":"$4.50 per 1ea","unit":"ea","packageSize":"2 pack","barcode":["400003549139","9354779882130","9312997180094","9312997180148","9354779513591","9354779528267","9352762620219","9312997034045","9312997314697","9352762620165","9354779527932","9312997314741"],"isAvailable":true,"location":["tas"]},{"id":"c5954085p-9310706104027","store":"coles","name":"Superior Indoor Broom","brand":"Oates","price":6.75,"orgPrice":13.5,"categoryIds":["household"],"imagePath":"https://shop.coles.com.au/wcsstore/Coles-CAS/images/5/9/5/5954085.jpg","cupPrice":"$6.75 per 1ea","unit":"ea","packageSize":"1 each","barcode":["9310706104027","9310706102405"],"isAvailable":true,"location":["tas"]},{"id":"c3565322p-8850006930700","store":"coles","name":"Pure Scents Creamy Coconut Concentrated Fabric Conditioner","brand":"Fluffy","price":3.5,"orgPrice":7,"categoryIds":["household"],"imagePath":"https://shop.coles.com.au/wcsstore/Coles-CAS/images/3/5/6/3565322.jpg","cupPrice":"$3.50 per 1l","unit":"ea","packageSize":"1l","barcode":["8850006930700"],"isAvailable":true,"location":["tas"]},{"id":"c1898732p-9300621020403","store":"coles","name":"Match Ups Oblong Container 500ml","brand":"Decor","price":2,"orgPrice":4,"categoryIds":["household"],"imagePath":"https://shop.coles.com.au/wcsstore/Coles-CAS/images/1/8/9/1898732.jpg","cupPrice":"$2.00 per 1ea","unit":"ea","packageSize":"1 each","barcode":["9300621020403"],"isAvailable":true,"location":["tas"]},{"id":"c3527709p-9300701823931","store":"coles","name":"Pine Forest Toilet Block Cleaner","brand":"Harpic","price":2.5,"orgPrice":5,"categoryIds":["household"],"imagePath":"https://shop.coles.com.au/wcsstore/Coles-CAS/images/3/5/2/3527709.jpg","cupPrice":"$6.41 per 100g","unit":"ea","packageSize":"39g","barcode":["9300701823931"],"isAvailable":true,"location":["tas"]},{"id":"c1898801p-9300621020397","store":"coles","name":"Match Ups Basics Container Oblong Green 800ml","brand":"Decor","price":2.75,"orgPrice":5.5,"categoryIds":["household"],"imagePath":"https://shop.coles.com.au/wcsstore/Coles-CAS/images/1/8/9/1898801.jpg","cupPrice":"$2.75 per 1ea","unit":"ea","packageSize":"1 each","barcode":["9300621020397"],"isAvailable":true,"location":["tas"]},{"id":"c1898743p-9300621020427","store":"coles","name":"Match Ups Basics Container Oblong Red 1L","brand":"Decor","price":2.75,"orgPrice":5.5,"categoryIds":["household"],"imagePath":"https://shop.coles.com.au/wcsstore/Coles-CAS/images/1/8/9/1898743.jpg","cupPrice":"$2.75 per 1ea","unit":"ea","packageSize":"1 each","barcode":["9300621020427"],"isAvailable":true,"location":["tas"]},{"id":"c2791847p-9300621014976","store":"coles","name":"Tellfresh Cupcake Storer 4L","brand":"Decor","price":5,"orgPrice":10,"categoryIds":["household"],"imagePath":"https://shop.coles.com.au/wcsstore/Coles-CAS/images/2/7/9/2791847.jpg","cupPrice":"$5.00 per 1ea","unit":"ea","packageSize":"1 each","barcode":["9300621014976"],"isAvailable":true,"location":["tas"]},{"id":"c1898754p-9300621020434","store":"coles","name":"Match Ups Basics Container Oblong Red 600ml","brand":"Decor","price":2.25,"orgPrice":4.5,"categoryIds":["household"],"imagePath":"https://shop.coles.com.au/wcsstore/Coles-CAS/images/1/8/9/1898754.jpg","cupPrice":"","unit":"ea","packageSize":"1 each","barcode":["9300621020434"],"isAvailable":true,"location":["tas"]},{"id":"c1898812p-9300621020441","store":"coles","name":"Match Ups Basics Container Oblong Orange 200ml","brand":"Decor","price":1.25,"orgPrice":2.5,"categoryIds":["household"],"imagePath":"https://shop.coles.com.au/wcsstore/Coles-CAS/images/1/8/9/1898812.jpg","cupPrice":"$1.25 per 1ea","unit":"ea","packageSize":"1 each","barcode":["9300621020441"],"isAvailable":true,"location":["tas"]},{"id":"c1898776p-9300621020465","store":"coles","name":"Match Ups Basics Container Oblong Blue 2L","brand":"Decor","price":3.75,"orgPrice":7.5,"categoryIds":["household"],"imagePath":"https://shop.coles.com.au/wcsstore/Coles-CAS/images/1/8/9/1898776.jpg","cupPrice":"$3.75 per 1ea","unit":"ea","packageSize":"1 each","barcode":["9300621020465"],"isAvailable":true,"location":["tas"]},{"id":"c3505932p-810005410953","store":"coles","name":"Sensitive 80 Wipes","brand":"Rascal And Friends","price":2.5,"orgPrice":5,"categoryIds":["baby"],"imagePath":"https://shop.coles.com.au/wcsstore/Coles-CAS/images/3/5/0/3505932.jpg","cupPrice":"$2.50 per 1ea","unit":"ea","packageSize":"1 pack","barcode":["810005410953"],"isAvailable":true,"location":["tas"]},{"id":"c8966998p-8850006493205","store":"coles","name":"Kids 3 In 1 Happy Apple Shampoo Conditioner & Body Wash","brand":"Palmolive","price":2.25,"orgPrice":null,"categoryIds":["baby"],"imagePath":"https://shop.coles.com.au/wcsstore/Coles-CAS/images/8/9/6/8966998.jpg","cupPrice":"$0.64 per 100ml","unit":"ea","packageSize":"350ml","barcode":["8850006493205","9300632037278"],"isAvailable":true,"location":["tas"]}]