{"store-version":{"coles":{"name":"Coles","isAvailable":true,"uploadDate":"22/07/2020","fromDate":"22/07/2020","toDate":"28/07/2020"},"woolworths":{"name":"Woolworths","isAvailable":true,"uploadDate":"22/07/2020","fromDate":"22/07/2020","toDate":"28/07/2020"},"chemist-warehouse":{"name":"Chemist Warehouse","isAvailable":true,"uploadDate":"22/07/2020","fromDate":"22/07/2020","toDate":"28/07/2020"}},"store-data":{"coles":{"products":[{"id":"uncle-tobys-le-snak-natural-cheese","name":"Le Snak Cheddar Cheese","brand":"Uncle Tobys","imageUrls":["https://shop.coles.com.au/wcsstore/Coles-CAS/images/4/9/5/4952890.jpg"],"storeId":"coles","packageSize":"132g","cupPrice":"$1.78 per 100G","locations":{"VIC":{"price":2.35,"discountRate":50,"promo":"","orgPrice":4.7},"SA":{"price":2.35,"discountRate":50,"promo":"","orgPrice":4.7},"QLD":{"price":2.35,"discountRate":50,"promo":"","orgPrice":4.7},"NSW":{"price":2.35,"discountRate":50,"promo":"","orgPrice":4.7},"WA":{"price":2.35,"discountRate":50,"promo":"","orgPrice":4.7},"TAS":{"price":2.35,"discountRate":50,"promo":"","orgPrice":4.7},"ACT":{"price":2.35,"discountRate":50,"promo":"","orgPrice":4.7},"NT":{"price":2.47,"discountRate":50,"promo":"","orgPrice":4.94}},"categoryIds":["c-back-to-school","c-pantry"],"similarProducts":[]},{"id":"kettle--potato-chips-sea-salt","name":"Sea Salt Potato Chips","brand":"Kettle","imageUrls":["https://shop.coles.com.au/wcsstore/Coles-CAS/images/8/1/5/8156535.jpg"],"storeId":"coles","packageSize":"175g","cupPrice":"$1.33 per 100G","locations":{"VIC":{"price":2.32,"discountRate":50,"promo":"","orgPrice":4.65},"SA":{"price":2.32,"discountRate":50,"promo":"","orgPrice":4.65},"QLD":{"price":2.32,"discountRate":50,"promo":"","orgPrice":4.65},"NSW":{"price":2.32,"discountRate":50,"promo":"","orgPrice":4.65},"WA":{"price":2.32,"discountRate":50,"promo":"","orgPrice":4.65},"TAS":{"price":2.32,"discountRate":50,"promo":"","orgPrice":4.65},"ACT":{"price":2.32,"discountRate":50,"promo":"","orgPrice":4.65},"NT":{"price":2.44,"discountRate":50,"promo":"","orgPrice":4.88}},"categoryIds":["c-back-to-school","c-entertaining-at-home","c-pantry"],"similarProducts":[]},{"id":"kelloggs-k-time-twists-raspberry-apple","name":"K-Time Baked Twists Raspberry & Apple Flavour Filled Snack Bars 5 pack","brand":"Kellogg's","imageUrls":["https://shop.coles.com.au/wcsstore/Coles-CAS/images/9/2/6/9264250.jpg"],"storeId":"coles","packageSize":"185g","cupPrice":"$1.08 per 100G","locations":{"VIC":{"price":2,"discountRate":50,"promo":"","orgPrice":4},"SA":{"price":2,"discountRate":50,"promo":"","orgPrice":4},"QLD":{"price":2,"discountRate":50,"promo":"","orgPrice":4},"NSW":{"price":2,"discountRate":50,"promo":"","orgPrice":4},"WA":{"price":2,"discountRate":50,"promo":"","orgPrice":4},"TAS":{"price":2,"discountRate":50,"promo":"","orgPrice":4},"ACT":{"price":2,"discountRate":50,"promo":"","orgPrice":4},"NT":{"price":2.1,"discountRate":48,"promo":"","orgPrice":4}},"categoryIds":["c-back-to-school","c-pantry"],"similarProducts":[]},{"id":"belvita-chocolate-breakfast-biscuit","name":"Chocolate Breakfast BiscuitÂ 6 Pack","brand":"Belvita","imageUrls":["https://shop.coles.com.au/wcsstore/Coles-CAS/images/1/8/4/1843763.jpg"],"storeId":"coles","packageSize":"300g","cupPrice":"$0.67 per 100G","locations":{"VIC":{"price":2,"discountRate":50,"promo":"","orgPrice":4},"SA":{"price":2,"discountRate":50,"promo":"","orgPrice":4},"QLD":{"price":2,"discountRate":50,"promo":"","orgPrice":4},"NSW":{"price":2,"discountRate":50,"promo":"","orgPrice":4},"WA":{"price":2,"discountRate":50,"promo":"","orgPrice":4},"TAS":{"price":2,"discountRate":50,"promo":"","orgPrice":4},"ACT":{"price":2,"discountRate":50,"promo":"","orgPrice":4},"NT":{"price":2.1,"discountRate":50,"promo":"","orgPrice":4.2}},"categoryIds":["c-back-to-school","c-entertaining-at-home","c-pantry"],"similarProducts":[]},{"id":"brekky-heroes-choc-boulders","name":"Brekky Heroes Choc Boulders","brand":"Freedom Foods","imageUrls":["https://shop.coles.com.au/wcsstore/Coles-CAS/images/3/2/0/3208278.jpg"],"storeId":"coles","packageSize":"260g","cupPrice":"$0.77 per 100G","locations":{"VIC":{"price":2,"discountRate":50,"promo":"","orgPrice":4},"SA":{"price":2,"discountRate":50,"promo":"","orgPrice":4},"QLD":{"price":2,"discountRate":50,"promo":"","orgPrice":4},"NSW":{"price":2,"discountRate":50,"promo":"","orgPrice":4},"WA":{"price":2,"discountRate":50,"promo":"","orgPrice":4},"TAS":{"price":2,"discountRate":50,"promo":"","orgPrice":4},"ACT":{"price":2,"discountRate":50,"promo":"","orgPrice":4},"NT":{"price":2.1,"discountRate":50,"promo":"","orgPrice":4.2}},"categoryIds":["c-back-to-school","c-pantry"],"similarProducts":[]},{"id":"brekky-heroes-honey-bolts","name":"Brekky Heroes Honey Bolts","brand":"Freedom Foods","imageUrls":["https://shop.coles.com.au/wcsstore/Coles-CAS/images/3/2/0/3208289.jpg"],"storeId":"coles","packageSize":"300g","cupPrice":"$0.67 per 100G","locations":{"VIC":{"price":2,"discountRate":50,"promo":"","orgPrice":4},"SA":{"price":2,"discountRate":50,"promo":"","orgPrice":4},"QLD":{"price":2,"discountRate":50,"promo":"","orgPrice":4},"NSW":{"price":2,"discountRate":50,"promo":"","orgPrice":4},"WA":{"price":2,"discountRate":50,"promo":"","orgPrice":4},"TAS":{"price":2,"discountRate":50,"promo":"","orgPrice":4},"ACT":{"price":2,"discountRate":50,"promo":"","orgPrice":4},"NT":{"price":2.1,"discountRate":50,"promo":"","orgPrice":4.2}},"categoryIds":["c-back-to-school","c-pantry"],"similarProducts":[]},{"id":"brekky-heroes-fruity-hoops","name":"Brekky Heroes Fruity Hoops","brand":"Freedom Foods","imageUrls":["https://shop.coles.com.au/wcsstore/Coles-CAS/images/3/2/0/3208303.jpg"],"storeId":"coles","packageSize":"285g","cupPrice":"$0.70 per 100G","locations":{"VIC":{"price":2,"discountRate":50,"promo":"","orgPrice":4},"SA":{"price":2,"discountRate":50,"promo":"","orgPrice":4},"QLD":{"price":2,"discountRate":50,"promo":"","orgPrice":4},"NSW":{"price":2,"discountRate":50,"promo":"","orgPrice":4},"WA":{"price":2,"discountRate":50,"promo":"","orgPrice":4},"TAS":{"price":2,"discountRate":50,"promo":"","orgPrice":4},"ACT":{"price":2,"discountRate":50,"promo":"","orgPrice":4},"NT":{"price":2.1,"discountRate":50,"promo":"","orgPrice":4.2}},"categoryIds":["c-back-to-school","c-pantry"],"similarProducts":[]},{"id":"arnotts-chocolate-biscuits-tim-tams-original","name":"Original Chocolate Tim Tam","brand":"Arnott's","imageUrls":["https://shop.coles.com.au/wcsstore/Coles-CAS/images/3/2/9/329607.jpg"],"storeId":"coles","packageSize":"200g","cupPrice":"$0.91 per 100G","locations":{"VIC":{"price":1.82,"discountRate":50,"promo":"","orgPrice":3.6500000000000004},"SA":{"price":1.82,"discountRate":50,"promo":"","orgPrice":3.6500000000000004},"QLD":{"price":1.82,"discountRate":50,"promo":"","orgPrice":3.6500000000000004},"NSW":{"price":1.82,"discountRate":50,"promo":"","orgPrice":3.6500000000000004},"WA":{"price":1.82,"discountRate":50,"promo":"","orgPrice":3.6500000000000004},"TAS":{"price":1.82,"discountRate":50,"promo":"","orgPrice":3.6500000000000004},"ACT":{"price":1.82,"discountRate":50,"promo":"","orgPrice":3.6500000000000004},"NT":{"price":1.91,"discountRate":50,"promo":"","orgPrice":3.83}},"categoryIds":["c-back-to-school","c-pantry"],"similarProducts":[]},{"id":"tip-top-english-muffins-original","name":"Original English Muffins 6 Pack","brand":"Tip Top","imageUrls":["https://shop.coles.com.au/wcsstore/Coles-CAS/images/3/3/2/332394.jpg"],"storeId":"coles","packageSize":"400g","cupPrice":"$0.63 per 100G","locations":{"VIC":{"price":2.5,"discountRate":50,"promo":"","orgPrice":5},"SA":{"price":2.5,"discountRate":50,"promo":"","orgPrice":5},"QLD":{"price":2.5,"discountRate":50,"promo":"","orgPrice":5},"NSW":{"price":2.5,"discountRate":50,"promo":"","orgPrice":5},"WA":{"price":2.5,"discountRate":50,"promo":"","orgPrice":5},"ACT":{"price":2.5,"discountRate":50,"promo":"","orgPrice":5},"NT":{"price":2.5,"discountRate":50,"promo":"","orgPrice":5}},"categoryIds":["c-back-to-school","c-bread-bakery"],"similarProducts":[]},{"id":"arnotts-chocolate-biscuits-tim-tams-double-coat-chocolate","name":"Double Coat Chocolate Tim Tam","brand":"Arnott's","imageUrls":["https://shop.coles.com.au/wcsstore/Coles-CAS/images/7/0/2/7029292.jpg"],"storeId":"coles","packageSize":"200g","cupPrice":"$0.91 per 100G","locations":{"VIC":{"price":1.82,"discountRate":50,"promo":"","orgPrice":3.6500000000000004},"SA":{"price":1.82,"discountRate":50,"promo":"","orgPrice":3.6500000000000004},"QLD":{"price":1.82,"discountRate":50,"promo":"","orgPrice":3.6500000000000004},"NSW":{"price":1.82,"discountRate":50,"promo":"","orgPrice":3.6500000000000004},"WA":{"price":1.82,"discountRate":50,"promo":"","orgPrice":3.6500000000000004},"TAS":{"price":1.82,"discountRate":50,"promo":"","orgPrice":3.6500000000000004},"ACT":{"price":1.82,"discountRate":50,"promo":"","orgPrice":3.6500000000000004},"NT":{"price":1.91,"discountRate":50,"promo":"","orgPrice":3.83}},"categoryIds":["c-back-to-school","c-entertaining-at-home","c-pantry"],"similarProducts":[]},{"id":"tip-top-english-muffins-wholemeal","name":"Wholemeal English Muffins 6 Pack","brand":"Tip Top","imageUrls":["https://shop.coles.com.au/wcsstore/Coles-CAS/images/5/1/3/5137320.jpg"],"storeId":"coles","packageSize":"400g","cupPrice":"$0.63 per 100G","locations":{"VIC":{"price":2.5,"discountRate":50,"promo":"","orgPrice":5},"SA":{"price":2.5,"discountRate":50,"promo":"","orgPrice":5},"QLD":{"price":2.5,"discountRate":50,"promo":"","orgPrice":5},"NSW":{"price":2.5,"discountRate":50,"promo":"","orgPrice":5},"WA":{"price":2.5,"discountRate":50,"promo":"","orgPrice":5},"ACT":{"price":2.5,"discountRate":50,"promo":"","orgPrice":5},"NT":{"price":2.5,"discountRate":50,"promo":"","orgPrice":5}},"categoryIds":["c-back-to-school","c-bread-bakery"],"similarProducts":[]},{"id":"tip-top-english-muffins-spicy-fruit","name":"Spicy Fruit English Muffins","brand":"Tip Top","imageUrls":["https://shop.coles.com.au/wcsstore/Coles-CAS/images/9/7/9/9795915.jpg"],"storeId":"coles","packageSize":"6 pack","cupPrice":"$0.42 per 1Ea","locations":{"VIC":{"price":2.5,"discountRate":50,"promo":"","orgPrice":5},"SA":{"price":2.5,"discountRate":50,"promo":"","orgPrice":5},"QLD":{"price":2.5,"discountRate":50,"promo":"","orgPrice":5},"NSW":{"price":2.5,"discountRate":50,"promo":"","orgPrice":5},"WA":{"price":2.5,"discountRate":50,"promo":"","orgPrice":5},"ACT":{"price":2.5,"discountRate":50,"promo":"","orgPrice":5},"NT":{"price":2.5,"discountRate":50,"promo":"","orgPrice":5}},"categoryIds":["c-back-to-school","c-bread-bakery"],"similarProducts":[]},{"id":"arnotts-tim-tams-messina-biscuits-choc-mint","name":"Tim Tam Chocolate Mint Biscuits","brand":"Arnott's","imageUrls":["https://shop.coles.com.au/wcsstore/Coles-CAS/images/2/8/6/2869977.jpg"],"storeId":"coles","packageSize":"160g","cupPrice":"$1.14 per 100G","locations":{"VIC":{"price":1.82,"discountRate":50,"promo":"","orgPrice":3.6500000000000004},"SA":{"price":1.82,"discountRate":50,"promo":"","orgPrice":3.6500000000000004},"QLD":{"price":1.82,"discountRate":50,"promo":"","orgPrice":3.6500000000000004},"NSW":{"price":1.82,"discountRate":50,"promo":"","orgPrice":3.6500000000000004},"WA":{"price":1.82,"discountRate":50,"promo":"","orgPrice":3.6500000000000004},"TAS":{"price":1.82,"discountRate":50,"promo":"","orgPrice":3.6500000000000004},"ACT":{"price":1.82,"discountRate":50,"promo":"","orgPrice":3.6500000000000004},"NT":{"price":1.91,"discountRate":50,"promo":"","orgPrice":3.83}},"categoryIds":["c-back-to-school","c-entertaining-at-home","c-pantry"],"similarProducts":[]},{"id":"arnotts-chocolate-biscuits-tim-tams-chewy-caramel","name":"Chewy Caramel Tim Tam","brand":"Arnott's","imageUrls":["https://shop.coles.com.au/wcsstore/Coles-CAS/images/8/6/5/8655375.jpg"],"storeId":"coles","packageSize":"175g","cupPrice":"$1.04 per 100G","locations":{"VIC":{"price":1.82,"discountRate":50,"promo":"","orgPrice":3.6500000000000004},"SA":{"price":1.82,"discountRate":50,"promo":"","orgPrice":3.6500000000000004},"QLD":{"price":1.82,"discountRate":50,"promo":"","orgPrice":3.6500000000000004},"NSW":{"price":1.82,"discountRate":50,"promo":"","orgPrice":3.6500000000000004},"WA":{"price":1.82,"discountRate":50,"promo":"","orgPrice":3.6500000000000004},"TAS":{"price":1.82,"discountRate":50,"promo":"","orgPrice":3.6500000000000004},"ACT":{"price":1.82,"discountRate":50,"promo":"","orgPrice":3.6500000000000004},"NT":{"price":1.91,"discountRate":48,"promo":"","orgPrice":3.65}},"categoryIds":["c-back-to-school","c-entertaining-at-home","c-pantry"],"similarProducts":[]},{"id":"arnotts-chocolate-biscuits-tim-tams-classic-dark-chocolate","name":"Classic Dark Chocolate Tim Tam","brand":"Arnott's","imageUrls":["https://shop.coles.com.au/wcsstore/Coles-CAS/images/6/0/2/6025536.jpg"],"storeId":"coles","packageSize":"200g","cupPrice":"$0.91 per 100G","locations":{"VIC":{"price":1.82,"discountRate":50,"promo":"","orgPrice":3.6500000000000004},"SA":{"price":1.82,"discountRate":50,"promo":"","orgPrice":3.6500000000000004},"QLD":{"price":1.82,"discountRate":50,"promo":"","orgPrice":3.6500000000000004},"NSW":{"price":1.82,"discountRate":50,"promo":"","orgPrice":3.6500000000000004},"WA":{"price":1.82,"discountRate":50,"promo":"","orgPrice":3.6500000000000004},"TAS":{"price":1.82,"discountRate":50,"promo":"","orgPrice":3.6500000000000004},"ACT":{"price":1.82,"discountRate":50,"promo":"","orgPrice":3.6500000000000004},"NT":{"price":1.91,"discountRate":50,"promo":"","orgPrice":3.83}},"categoryIds":["c-back-to-school","c-entertaining-at-home","c-pantry"],"similarProducts":[]},{"id":"arnotts-chocolate-biscuits-caramel-crowns","name":"Caramel Crowns Chocolate Biscuits","brand":"Arnott's","imageUrls":["https://shop.coles.com.au/wcsstore/Coles-CAS/images/2/5/0/25078.jpg"],"storeId":"coles","packageSize":"200g","cupPrice":"$0.91 per 100G","locations":{"VIC":{"price":1.82,"discountRate":50,"promo":"","orgPrice":3.6500000000000004},"SA":{"price":1.82,"discountRate":50,"promo":"","orgPrice":3.6500000000000004},"QLD":{"price":1.82,"discountRate":50,"promo":"","orgPrice":3.6500000000000004},"NSW":{"price":1.82,"discountRate":50,"promo":"","orgPrice":3.6500000000000004},"WA":{"price":1.82,"discountRate":50,"promo":"","orgPrice":3.6500000000000004},"TAS":{"price":1.82,"discountRate":50,"promo":"","orgPrice":3.6500000000000004},"ACT":{"price":1.82,"discountRate":50,"promo":"","orgPrice":3.6500000000000004},"NT":{"price":1.91,"discountRate":50,"promo":"","orgPrice":3.83}},"categoryIds":["c-back-to-school","c-entertaining-at-home","c-pantry"],"similarProducts":[]},{"id":"arnotts-chocolate-biscuits-mint-slice","name":"Mint Slice Chocolate Biscuits","brand":"Arnott's","imageUrls":["https://shop.coles.com.au/wcsstore/Coles-CAS/images/3/2/9/329571.jpg"],"storeId":"coles","packageSize":"200g","cupPrice":"$0.91 per 100G","locations":{"VIC":{"price":1.82,"discountRate":50,"promo":"","orgPrice":3.6500000000000004},"SA":{"price":1.82,"discountRate":50,"promo":"","orgPrice":3.6500000000000004},"QLD":{"price":1.82,"discountRate":50,"promo":"","orgPrice":3.6500000000000004},"NSW":{"price":1.82,"discountRate":50,"promo":"","orgPrice":3.6500000000000004},"WA":{"price":1.82,"discountRate":50,"promo":"","orgPrice":3.6500000000000004},"TAS":{"price":1.82,"discountRate":50,"promo":"","orgPrice":3.6500000000000004},"ACT":{"price":1.82,"discountRate":50,"promo":"","orgPrice":3.6500000000000004},"NT":{"price":1.91,"discountRate":50,"promo":"","orgPrice":3.83}},"categoryIds":["c-back-to-school","c-entertaining-at-home","c-pantry"],"similarProducts":[]},{"id":"arnotts-chocolate-biscuits-tim-tam-white","name":"Tim Tam White Chocolate Biscuits","brand":"Arnott's","imageUrls":["https://shop.coles.com.au/wcsstore/Coles-CAS/images/7/2/4/7243805.jpg"],"storeId":"coles","packageSize":"165g","cupPrice":"$1.10 per 100G","locations":{"VIC":{"price":1.82,"discountRate":50,"promo":"","orgPrice":3.6500000000000004},"SA":{"price":1.82,"discountRate":50,"promo":"","orgPrice":3.6500000000000004},"QLD":{"price":1.82,"discountRate":50,"promo":"","orgPrice":3.6500000000000004},"NSW":{"price":1.82,"discountRate":50,"promo":"","orgPrice":3.6500000000000004},"WA":{"price":1.82,"discountRate":50,"promo":"","orgPrice":3.6500000000000004},"TAS":{"price":1.82,"discountRate":50,"promo":"","orgPrice":3.6500000000000004},"ACT":{"price":1.82,"discountRate":50,"promo":"","orgPrice":3.6500000000000004},"NT":{"price":1.91,"discountRate":50,"promo":"","orgPrice":3.83}},"categoryIds":["c-back-to-school","c-entertaining-at-home","c-pantry"],"similarProducts":[]},{"id":"tip-top-english-muffins-multigrain","name":"Multigrain English Muffins 6 Pack","brand":"Tip Top","imageUrls":["https://shop.coles.com.au/wcsstore/Coles-CAS/images/2/9/3/293099.jpg"],"storeId":"coles","packageSize":"400g","cupPrice":"$0.63 per 100G","locations":{"VIC":{"price":2.5,"discountRate":50,"promo":"","orgPrice":5},"SA":{"price":2.5,"discountRate":50,"promo":"","orgPrice":5},"QLD":{"price":2.5,"discountRate":50,"promo":"","orgPrice":5},"NSW":{"price":2.5,"discountRate":50,"promo":"","orgPrice":5},"WA":{"price":2.5,"discountRate":50,"promo":"","orgPrice":5},"ACT":{"price":2.5,"discountRate":50,"promo":"","orgPrice":5},"NT":{"price":2.5,"discountRate":50,"promo":"","orgPrice":5}},"categoryIds":["c-back-to-school","c-bread-bakery"],"similarProducts":[]},{"id":"arnotts-biscuits-teddy-bear-chocolate-coated","name":"Chocolate Coated Teddy Bear Biscuits","brand":"Arnott's","imageUrls":["https://shop.coles.com.au/wcsstore/Coles-CAS/images/3/2/9/329582.jpg"],"storeId":"coles","packageSize":"200g","cupPrice":"$0.91 per 100G","locations":{"VIC":{"price":1.82,"discountRate":50,"promo":"","orgPrice":3.6500000000000004},"SA":{"price":1.82,"discountRate":50,"promo":"","orgPrice":3.6500000000000004},"QLD":{"price":1.82,"discountRate":50,"promo":"","orgPrice":3.6500000000000004},"NSW":{"price":1.82,"discountRate":50,"promo":"","orgPrice":3.6500000000000004},"WA":{"price":1.82,"discountRate":50,"promo":"","orgPrice":3.6500000000000004},"TAS":{"price":1.82,"discountRate":50,"promo":"","orgPrice":3.6500000000000004},"ACT":{"price":1.82,"discountRate":50,"promo":"","orgPrice":3.6500000000000004},"NT":{"price":1.91,"discountRate":50,"promo":"","orgPrice":3.83}},"categoryIds":["c-back-to-school","c-entertaining-at-home","c-pantry"],"similarProducts":[]},{"id":"arnotts-chocolate-biscuits-royals-milk-chocolate","name":"Milk Chocolate Royals","brand":"Arnott's","imageUrls":["https://shop.coles.com.au/wcsstore/Coles-CAS/images/3/5/8/358718.jpg"],"storeId":"coles","packageSize":"200g","cupPrice":"$0.91 per 100G","locations":{"VIC":{"price":1.82,"discountRate":50,"promo":"","orgPrice":3.6500000000000004},"SA":{"price":1.82,"discountRate":50,"promo":"","orgPrice":3.6500000000000004},"QLD":{"price":1.82,"discountRate":50,"promo":"","orgPrice":3.6500000000000004},"NSW":{"price":1.82,"discountRate":50,"promo":"","orgPrice":3.6500000000000004},"WA":{"price":1.82,"discountRate":50,"promo":"","orgPrice":3.6500000000000004},"TAS":{"price":1.82,"discountRate":50,"promo":"","orgPrice":3.6500000000000004},"ACT":{"price":1.82,"discountRate":50,"promo":"","orgPrice":3.6500000000000004},"NT":{"price":1.91,"discountRate":50,"promo":"","orgPrice":3.83}},"categoryIds":["c-back-to-school","c-entertaining-at-home","c-pantry"],"similarProducts":[]},{"id":"arnotts-biscuits-scotch-finger-chocolate-coated","name":"Chocolate Coated Scotch Finger Biscuits","brand":"Arnott's","imageUrls":["https://shop.coles.com.au/wcsstore/Coles-CAS/images/5/5/1/5514923.jpg"],"storeId":"coles","packageSize":"250g","cupPrice":"$0.73 per 100G","locations":{"VIC":{"price":1.82,"discountRate":50,"promo":"","orgPrice":3.6500000000000004},"SA":{"price":1.82,"discountRate":50,"promo":"","orgPrice":3.6500000000000004},"QLD":{"price":1.82,"discountRate":50,"promo":"","orgPrice":3.6500000000000004},"NSW":{"price":1.82,"discountRate":50,"promo":"","orgPrice":3.6500000000000004},"WA":{"price":1.82,"discountRate":50,"promo":"","orgPrice":3.6500000000000004},"TAS":{"price":1.82,"discountRate":50,"promo":"","orgPrice":3.6500000000000004},"ACT":{"price":1.82,"discountRate":50,"promo":"","orgPrice":3.6500000000000004},"NT":{"price":1.91,"discountRate":50,"promo":"","orgPrice":3.83}},"categoryIds":["c-back-to-school","c-entertaining-at-home","c-pantry"],"similarProducts":[]},{"id":"kelloggs-cereal-coco-pops","name":"Coco Pops Chocolatey Breakfast Cereal","brand":"Kellogg's","imageUrls":["https://shop.coles.com.au/wcsstore/Coles-CAS/images/8/4/9/8494298.jpg"],"storeId":"coles","packageSize":"650g","cupPrice":"$0.58 per 100G","locations":{"VIC":{"price":3.75,"discountRate":50,"promo":"","orgPrice":7.5},"SA":{"price":3.75,"discountRate":50,"promo":"","orgPrice":7.5},"QLD":{"price":3.75,"discountRate":50,"promo":"","orgPrice":7.5},"NSW":{"price":3.75,"discountRate":50,"promo":"","orgPrice":7.5},"WA":{"price":3.75,"discountRate":50,"promo":"","orgPrice":7.5},"TAS":{"price":3.75,"discountRate":50,"promo":"","orgPrice":7.5},"ACT":{"price":3.75,"discountRate":50,"promo":"","orgPrice":7.5},"NT":{"price":3.94,"discountRate":50,"promo":"","orgPrice":7.84}},"categoryIds":["c-back-to-school","c-pantry"],"similarProducts":[]},{"id":"arnotts-chocolate-biscuits-gaiety","name":"Gaiety Chocolate Biscuits","brand":"Arnott's","imageUrls":["https://shop.coles.com.au/wcsstore/Coles-CAS/images/3/2/9/329618.jpg"],"storeId":"coles","packageSize":"160g","cupPrice":"$1.14 per 100G","locations":{"VIC":{"price":1.82,"discountRate":50,"promo":"","orgPrice":3.6500000000000004},"SA":{"price":1.82,"discountRate":50,"promo":"","orgPrice":3.6500000000000004},"QLD":{"price":1.82,"discountRate":50,"promo":"","orgPrice":3.6500000000000004},"NSW":{"price":1.82,"discountRate":50,"promo":"","orgPrice":3.6500000000000004},"WA":{"price":1.82,"discountRate":50,"promo":"","orgPrice":3.6500000000000004},"TAS":{"price":1.82,"discountRate":50,"promo":"","orgPrice":3.6500000000000004},"ACT":{"price":1.82,"discountRate":50,"promo":"","orgPrice":3.6500000000000004},"NT":{"price":1.91,"discountRate":50,"promo":"","orgPrice":3.83}},"categoryIds":["c-back-to-school","c-entertaining-at-home","c-pantry"],"similarProducts":[]},{"id":"arnotts-chocolate-biscuits-monte","name":"Monte Chocolate Biscuits","brand":"Arnott's","imageUrls":["https://shop.coles.com.au/wcsstore/Coles-CAS/images/2/3/5/235060.jpg"],"storeId":"coles","packageSize":"200g","cupPrice":"$0.91 per 100G","locations":{"VIC":{"price":1.82,"discountRate":50,"promo":"","orgPrice":3.6500000000000004},"SA":{"price":1.82,"discountRate":50,"promo":"","orgPrice":3.6500000000000004},"QLD":{"price":1.82,"discountRate":50,"promo":"","orgPrice":3.6500000000000004},"NSW":{"price":1.82,"discountRate":50,"promo":"","orgPrice":3.6500000000000004},"WA":{"price":1.82,"discountRate":50,"promo":"","orgPrice":3.6500000000000004},"TAS":{"price":1.82,"discountRate":50,"promo":"","orgPrice":3.6500000000000004},"ACT":{"price":1.82,"discountRate":50,"promo":"","orgPrice":3.6500000000000004},"NT":{"price":1.91,"discountRate":50,"promo":"","orgPrice":3.83}},"categoryIds":["c-back-to-school","c-entertaining-at-home","c-pantry"],"similarProducts":[]},{"id":"coles-gooey-cookie-caramel-filled","name":"Gooey Caramel Filled Cookie Crumbles 8 Pack","brand":"Coles","imageUrls":["https://shop.coles.com.au/wcsstore/Coles-CAS/images/3/2/8/3288798.jpg"],"storeId":"coles","packageSize":"200g","cupPrice":"$1.75 per 100G","locations":{"VIC":{"price":3.5,"discountRate":57,"promo":"2 for $3","orgPrice":3.5}},"categoryIds":["c-back-to-school","c-pantry"],"similarProducts":[]},{"id":"pringles-sour-cream-onion-potato-chips","name":"Sour Cream & Onion Potato Chips","brand":"Pringles","imageUrls":["https://shop.coles.com.au/wcsstore/Coles-CAS/images/2/7/8/2784058.jpg"],"storeId":"coles","packageSize":"134g","cupPrice":"$2.99 per 100G","locations":{"VIC":{"price":4,"discountRate":50,"promo":"Any 3 $6","orgPrice":4},"SA":{"price":4,"discountRate":50,"promo":"Any 3 $6","orgPrice":4},"QLD":{"price":4,"discountRate":50,"promo":"Any 3 $6","orgPrice":4},"NSW":{"price":4,"discountRate":50,"promo":"Any 3 $6","orgPrice":4},"WA":{"price":4,"discountRate":50,"promo":"Any 3 $6","orgPrice":4},"TAS":{"price":4,"discountRate":50,"promo":"Any 3 $6","orgPrice":4},"ACT":{"price":4,"discountRate":50,"promo":"Any 3 $6","orgPrice":4},"NT":{"price":4.2,"discountRate":52,"promo":"Any 3 $6","orgPrice":4.2}},"categoryIds":["c-back-to-school","c-entertaining-at-home","c-pantry"],"similarProducts":[]},{"id":"belvita-biscuits-breakfast-fruit-fibre-6-pack","name":"Fruit and Fibre Breakfast Biscuits 6 Pack","brand":"Belvita","imageUrls":["https://shop.coles.com.au/wcsstore/Coles-CAS/images/9/1/0/9109870.jpg"],"storeId":"coles","packageSize":"300g","cupPrice":"$0.67 per 100G","locations":{"VIC":{"price":2,"discountRate":50,"promo":"","orgPrice":4},"SA":{"price":2,"discountRate":50,"promo":"","orgPrice":4},"QLD":{"price":2,"discountRate":50,"promo":"","orgPrice":4},"NSW":{"price":2,"discountRate":50,"promo":"","orgPrice":4},"WA":{"price":2,"discountRate":50,"promo":"","orgPrice":4},"TAS":{"price":2,"discountRate":50,"promo":"","orgPrice":4},"ACT":{"price":2,"discountRate":50,"promo":"","orgPrice":4},"NT":{"price":2.1,"discountRate":48,"promo":"","orgPrice":4}},"categoryIds":["c-back-to-school","c-pantry"],"similarProducts":[]},{"id":"belvita-biscuits-breakfast-honey-nut-6-pack","name":"Honey and Nut Breakfast Biscuits 6 Pack","brand":"Belvita","imageUrls":["https://shop.coles.com.au/wcsstore/Coles-CAS/images/1/0/2/1020783.jpg"],"storeId":"coles","packageSize":"300g","cupPrice":"$0.67 per 100G","locations":{"VIC":{"price":2,"discountRate":50,"promo":"","orgPrice":4},"SA":{"price":2,"discountRate":50,"promo":"","orgPrice":4},"QLD":{"price":2,"discountRate":50,"promo":"","orgPrice":4},"NSW":{"price":2,"discountRate":50,"promo":"","orgPrice":4},"WA":{"price":2,"discountRate":50,"promo":"","orgPrice":4},"TAS":{"price":2,"discountRate":50,"promo":"","orgPrice":4},"ACT":{"price":2,"discountRate":50,"promo":"","orgPrice":4},"NT":{"price":2.1,"discountRate":50,"promo":"","orgPrice":4.2}},"categoryIds":["c-back-to-school","c-entertaining-at-home","c-pantry"],"similarProducts":[]},{"id":"brekky-heroes-berry-loops","name":"Brekky Heroes Berry Loops","brand":"Freedom Foods","imageUrls":["https://shop.coles.com.au/wcsstore/Coles-CAS/images/3/5/0/3507133.jpg"],"storeId":"coles","packageSize":"275g","cupPrice":"$0.73 per 100G","locations":{"VIC":{"price":2,"discountRate":50,"promo":"","orgPrice":4},"SA":{"price":2,"discountRate":50,"promo":"","orgPrice":4},"QLD":{"price":2,"discountRate":50,"promo":"","orgPrice":4},"NSW":{"price":2,"discountRate":50,"promo":"","orgPrice":4},"WA":{"price":2,"discountRate":50,"promo":"","orgPrice":4},"TAS":{"price":2,"discountRate":50,"promo":"","orgPrice":4},"ACT":{"price":2,"discountRate":50,"promo":"","orgPrice":4},"NT":{"price":2.1,"discountRate":50,"promo":"","orgPrice":4.2}},"categoryIds":["c-back-to-school","c-pantry"],"similarProducts":[]},{"id":"brekky-heroes-malt-clusters","name":"Brekky Heroes Choc Malt Clusters","brand":"Freedom Foods","imageUrls":["https://shop.coles.com.au/wcsstore/Coles-CAS/images/3/5/0/3507122.jpg"],"storeId":"coles","packageSize":"390g","cupPrice":"$0.51 per 100G","locations":{"VIC":{"price":2,"discountRate":50,"promo":"","orgPrice":4},"SA":{"price":2,"discountRate":50,"promo":"","orgPrice":4},"NSW":{"price":2,"discountRate":50,"promo":"","orgPrice":4},"WA":{"price":2,"discountRate":50,"promo":"","orgPrice":4},"TAS":{"price":2,"discountRate":50,"promo":"","orgPrice":4},"ACT":{"price":2,"discountRate":50,"promo":"","orgPrice":4},"NT":{"price":2.1,"discountRate":50,"promo":"","orgPrice":4.2}},"categoryIds":["c-back-to-school","c-pantry"],"similarProducts":[]},{"id":"heinz-condensed-big-red-tomato-soup","name":"Big Red Tomato Soup Can","brand":"Heinz","imageUrls":["https://shop.coles.com.au/wcsstore/Coles-CAS/images/1/2/8/128503.jpg"],"storeId":"coles","packageSize":"420g","cupPrice":"$0.26 per 100G","locations":{"VIC":{"price":1.1,"discountRate":50,"promo":"","orgPrice":2.2},"SA":{"price":1.1,"discountRate":50,"promo":"","orgPrice":2.2},"QLD":{"price":1.1,"discountRate":50,"promo":"","orgPrice":2.2},"NSW":{"price":1.1,"discountRate":50,"promo":"","orgPrice":2.2},"WA":{"price":1.1,"discountRate":50,"promo":"","orgPrice":2.2},"TAS":{"price":1.1,"discountRate":50,"promo":"","orgPrice":2.2},"ACT":{"price":1.1,"discountRate":50,"promo":"","orgPrice":2.2},"NT":{"price":1.1,"discountRate":52,"promo":"","orgPrice":2.31}},"categoryIds":["c-winter","c-pantry"],"similarProducts":[]},{"id":"heinz-condensed-soup-big-red-tomato-salt-reduced","name":"Big Red Tomato Soup Can Salt Reduced","brand":"Heinz","imageUrls":["https://shop.coles.com.au/wcsstore/Coles-CAS/images/4/6/0/460441.jpg"],"storeId":"coles","packageSize":"420g","cupPrice":"$0.26 per 100G","locations":{"VIC":{"price":1.1,"discountRate":50,"promo":"","orgPrice":2.2},"SA":{"price":1.1,"discountRate":50,"promo":"","orgPrice":2.2},"QLD":{"price":1.1,"discountRate":50,"promo":"","orgPrice":2.2},"NSW":{"price":1.1,"discountRate":50,"promo":"","orgPrice":2.2},"WA":{"price":1.1,"discountRate":50,"promo":"","orgPrice":2.2},"TAS":{"price":1.1,"discountRate":50,"promo":"","orgPrice":2.2},"ACT":{"price":1.1,"discountRate":50,"promo":"","orgPrice":2.2},"NT":{"price":1.1,"discountRate":52,"promo":"","orgPrice":2.31}},"categoryIds":["c-winter","c-pantry"],"similarProducts":[]},{"id":"nivea-soft-intensive-moisturising-creme","name":"Soft Cream Lotion Moisturiser  + Jojoba Oil & Vitamin E","brand":"Nivea","imageUrls":["https://shop.coles.com.au/wcsstore/Coles-CAS/images/6/0/8/6086596.jpg"],"storeId":"coles","packageSize":"200mL","cupPrice":"$2.50 per 100mL","locations":{"VIC":{"price":5,"discountRate":50,"promo":"","orgPrice":10},"SA":{"price":5,"discountRate":50,"promo":"","orgPrice":10},"QLD":{"price":5,"discountRate":50,"promo":"","orgPrice":10},"NSW":{"price":5,"discountRate":50,"promo":"","orgPrice":10},"WA":{"price":5,"discountRate":50,"promo":"","orgPrice":10},"TAS":{"price":5,"discountRate":50,"promo":"","orgPrice":10},"ACT":{"price":5,"discountRate":50,"promo":"","orgPrice":10},"NT":{"price":5.25,"discountRate":50,"promo":"","orgPrice":10.5}},"categoryIds":["c-winter","c-health-beauty"],"similarProducts":[]},{"id":"swisse-ultibost-vitamin-c-effervescent","name":"Ultiboost Vitamin C Effervescent","brand":"Swisse","imageUrls":["https://shop.coles.com.au/wcsstore/Coles-CAS/images/3/7/5/3758326.jpg"],"storeId":"coles","packageSize":"20 pack","cupPrice":"$32.50 per 100Ea","locations":{"VIC":{"price":6.5,"discountRate":50,"promo":"","orgPrice":13},"SA":{"price":6.5,"discountRate":50,"promo":"","orgPrice":13},"QLD":{"price":6.5,"discountRate":50,"promo":"","orgPrice":13},"NSW":{"price":6.5,"discountRate":50,"promo":"","orgPrice":13},"WA":{"price":6.5,"discountRate":50,"promo":"","orgPrice":13},"TAS":{"price":6.5,"discountRate":50,"promo":"","orgPrice":13},"ACT":{"price":6.5,"discountRate":50,"promo":"","orgPrice":13},"NT":{"price":6.82,"discountRate":50,"promo":"","orgPrice":13.65}},"categoryIds":["c-winter","c-healthy-living","c-health-beauty"],"similarProducts":[]},{"id":"nivea-creme-tin-moisturiser","name":"All Purpose Cream Moisturiser for Body Face & Hands","brand":"Nivea","imageUrls":["https://shop.coles.com.au/wcsstore/Coles-CAS/images/2/8/5/2857934.jpg"],"storeId":"coles","packageSize":"150mL","cupPrice":"$2.67 per 100mL","locations":{"VIC":{"price":4,"discountRate":50,"promo":"","orgPrice":8},"SA":{"price":4,"discountRate":50,"promo":"","orgPrice":8},"QLD":{"price":4,"discountRate":50,"promo":"","orgPrice":8},"NSW":{"price":4,"discountRate":50,"promo":"","orgPrice":8},"WA":{"price":4,"discountRate":50,"promo":"","orgPrice":8},"TAS":{"price":4,"discountRate":50,"promo":"","orgPrice":8},"ACT":{"price":4,"discountRate":50,"promo":"","orgPrice":8},"NT":{"price":4.2,"discountRate":50,"promo":"","orgPrice":8.4}},"categoryIds":["c-winter","c-health-beauty"],"similarProducts":[]},{"id":"swisse-vitamins-ultiboost-zinc-capsules","name":"Ultiboost Zinc+ Tablets","brand":"Swisse","imageUrls":["https://shop.coles.com.au/wcsstore/Coles-CAS/images/9/1/2/9120329.jpg"],"storeId":"coles","packageSize":"60 pack","cupPrice":"$13.50 per 100Ea","locations":{"VIC":{"price":8.1,"discountRate":50,"promo":"","orgPrice":16.2},"SA":{"price":8.1,"discountRate":50,"promo":"","orgPrice":16.2},"QLD":{"price":8.1,"discountRate":50,"promo":"","orgPrice":16.2},"NSW":{"price":8.1,"discountRate":50,"promo":"","orgPrice":16.2},"WA":{"price":8.1,"discountRate":50,"promo":"","orgPrice":16.2},"TAS":{"price":8.1,"discountRate":50,"promo":"","orgPrice":16.2},"ACT":{"price":8.1,"discountRate":50,"promo":"","orgPrice":16.2},"NT":{"price":8.5,"discountRate":48,"promo":"","orgPrice":16.2}},"categoryIds":["c-winter","c-healthy-living","c-health-beauty"],"similarProducts":[]},{"id":"swisse-ultiboost-high-strength-c-tablets","name":"High Strength C","brand":"Swisse","imageUrls":["https://shop.coles.com.au/wcsstore/Coles-CAS/images/2/8/6/2869456.jpg"],"storeId":"coles","packageSize":"150 Pack","cupPrice":"$0.13 per 1Ea","locations":{"VIC":{"price":20,"discountRate":50,"promo":"","orgPrice":40},"SA":{"price":20,"discountRate":50,"promo":"","orgPrice":40},"QLD":{"price":20,"discountRate":50,"promo":"","orgPrice":40},"NSW":{"price":20,"discountRate":50,"promo":"","orgPrice":40},"WA":{"price":20,"discountRate":50,"promo":"","orgPrice":40},"TAS":{"price":20,"discountRate":50,"promo":"","orgPrice":40},"ACT":{"price":20,"discountRate":50,"promo":"","orgPrice":40},"NT":{"price":21,"discountRate":50,"promo":"","orgPrice":42}},"categoryIds":["c-winter","c-healthy-living","c-health-beauty"],"similarProducts":[]},{"id":"swisse-ultibiotic-daily-immune-probiotic","name":"Ultibiotic Daily Immune Probiotic Capsules","brand":"Swisse","imageUrls":["https://shop.coles.com.au/wcsstore/Coles-CAS/images/3/4/6/3469271.jpg"],"storeId":"coles","packageSize":"30 pack","cupPrice":"$53.34 per 100Ea","locations":{"VIC":{"price":16,"discountRate":50,"promo":"","orgPrice":32},"SA":{"price":16,"discountRate":50,"promo":"","orgPrice":32},"QLD":{"price":16,"discountRate":50,"promo":"","orgPrice":32},"NSW":{"price":16,"discountRate":50,"promo":"","orgPrice":32},"WA":{"price":16,"discountRate":50,"promo":"","orgPrice":32},"TAS":{"price":16,"discountRate":50,"promo":"","orgPrice":32},"ACT":{"price":16,"discountRate":50,"promo":"","orgPrice":32},"NT":{"price":16.8,"discountRate":50,"promo":"","orgPrice":33.6}},"categoryIds":["c-winter","c-healthy-living","c-health-beauty"],"similarProducts":[{"productId":"cw-89646","storeId":"chemist-warehouse"}]},{"id":"swisse-ultibost-vitamin-c-chewable-3758315p","name":"Ultiboost Vitamin C Chewable","brand":"Swisse","imageUrls":["https://shop.coles.com.au/wcsstore/Coles-CAS/images/3/7/5/3758315.jpg"],"storeId":"coles","packageSize":"110 pack","cupPrice":"$5.00 per 100Ea","locations":{"VIC":{"price":5.5,"discountRate":50,"promo":"","orgPrice":11},"SA":{"price":5.5,"discountRate":50,"promo":"","orgPrice":11},"QLD":{"price":5.5,"discountRate":50,"promo":"","orgPrice":11},"NSW":{"price":5.5,"discountRate":50,"promo":"","orgPrice":11},"WA":{"price":5.5,"discountRate":50,"promo":"","orgPrice":11},"TAS":{"price":5.5,"discountRate":50,"promo":"","orgPrice":11},"ACT":{"price":5.5,"discountRate":50,"promo":"","orgPrice":11},"NT":{"price":5.77,"discountRate":50,"promo":"","orgPrice":11.55}},"categoryIds":["c-winter","c-healthy-living","c-health-beauty"],"similarProducts":[]},{"id":"swisse-ultibost-daily-immune-support-3758279p","name":"Ultiboost Daily Immune Support","brand":"Swisse","imageUrls":["https://shop.coles.com.au/wcsstore/Coles-CAS/images/3/7/5/3758279.jpg"],"storeId":"coles","packageSize":"60 pack","cupPrice":"$16.67 per 100Ea","locations":{"VIC":{"price":10,"discountRate":50,"promo":"","orgPrice":20},"SA":{"price":10,"discountRate":50,"promo":"","orgPrice":20},"QLD":{"price":10,"discountRate":50,"promo":"","orgPrice":20},"NSW":{"price":10,"discountRate":50,"promo":"","orgPrice":20},"WA":{"price":10,"discountRate":50,"promo":"","orgPrice":20},"TAS":{"price":10,"discountRate":50,"promo":"","orgPrice":20},"ACT":{"price":10,"discountRate":50,"promo":"","orgPrice":20},"NT":{"price":10.5,"discountRate":50,"promo":"","orgPrice":21}},"categoryIds":["c-winter","c-healthy-living","c-health-beauty"],"similarProducts":[]},{"id":"swisse-ultibost-immune-action-3758280p","name":"Ultiboost Immune Action","brand":"Swisse","imageUrls":["https://shop.coles.com.au/wcsstore/Coles-CAS/images/3/7/5/3758280.jpg"],"storeId":"coles","packageSize":"60 pack","cupPrice":"$25.00 per 100Ea","locations":{"VIC":{"price":15,"discountRate":50,"promo":"","orgPrice":30},"SA":{"price":15,"discountRate":50,"promo":"","orgPrice":30},"QLD":{"price":15,"discountRate":50,"promo":"","orgPrice":30},"NSW":{"price":15,"discountRate":50,"promo":"","orgPrice":30},"WA":{"price":15,"discountRate":50,"promo":"","orgPrice":30},"TAS":{"price":15,"discountRate":50,"promo":"","orgPrice":30},"ACT":{"price":15,"discountRate":50,"promo":"","orgPrice":30},"NT":{"price":15.75,"discountRate":50,"promo":"","orgPrice":31.5}},"categoryIds":["c-winter","c-healthy-living","c-health-beauty"],"similarProducts":[]},{"id":"mccain-potato-fries-crunchy-beer-batter-steak-frozen","name":"Frozen Steak Cut Beer Batter Chips","brand":"McCain","imageUrls":["https://shop.coles.com.au/wcsstore/Coles-CAS/images/5/0/7/5070637.jpg"],"storeId":"coles","packageSize":"750g","cupPrice":"$0.27 per 100G","locations":{"VIC":{"price":2,"discountRate":50,"promo":"","orgPrice":4},"SA":{"price":2,"discountRate":50,"promo":"","orgPrice":4},"QLD":{"price":2,"discountRate":50,"promo":"","orgPrice":4},"NSW":{"price":2,"discountRate":50,"promo":"","orgPrice":4},"WA":{"price":2,"discountRate":50,"promo":"","orgPrice":4},"TAS":{"price":2,"discountRate":50,"promo":"","orgPrice":4},"ACT":{"price":2,"discountRate":50,"promo":"","orgPrice":4},"NT":{"price":2.15,"discountRate":50,"promo":"","orgPrice":4.3}},"categoryIds":["c-entertaining-at-home","c-frozen"],"similarProducts":[]},{"id":"the-natural-confectionery-co-snakes","name":"Snakes","brand":"The Natural Confectionary Co.","imageUrls":["https://shop.coles.com.au/wcsstore/Coles-CAS/images/2/3/5/2351298.jpg"],"storeId":"coles","packageSize":"260g","cupPrice":"$0.77 per 100G","locations":{"VIC":{"price":2,"discountRate":50,"promo":"","orgPrice":4},"SA":{"price":2,"discountRate":50,"promo":"","orgPrice":4},"QLD":{"price":2,"discountRate":50,"promo":"","orgPrice":4},"NSW":{"price":2,"discountRate":50,"promo":"","orgPrice":4},"WA":{"price":2,"discountRate":50,"promo":"","orgPrice":4},"TAS":{"price":2,"discountRate":50,"promo":"","orgPrice":4},"ACT":{"price":2,"discountRate":50,"promo":"","orgPrice":4},"NT":{"price":2.1,"discountRate":50,"promo":"","orgPrice":4.2}},"categoryIds":["c-entertaining-at-home","c-pantry"],"similarProducts":[]},{"id":"the-natural-confectionary-co-party-mix-2351265p","name":"Party Mix","brand":"The Natural Confectionary Co.","imageUrls":["https://shop.coles.com.au/wcsstore/Coles-CAS/images/2/3/5/2351265.jpg"],"storeId":"coles","packageSize":"240g","cupPrice":"$0.83 per 100G","locations":{"VIC":{"price":2,"discountRate":50,"promo":"","orgPrice":4},"SA":{"price":2,"discountRate":50,"promo":"","orgPrice":4},"QLD":{"price":2,"discountRate":50,"promo":"","orgPrice":4},"NSW":{"price":2,"discountRate":50,"promo":"","orgPrice":4},"WA":{"price":2,"discountRate":50,"promo":"","orgPrice":4},"TAS":{"price":2,"discountRate":50,"promo":"","orgPrice":4},"ACT":{"price":2,"discountRate":50,"promo":"","orgPrice":4},"NT":{"price":2.1,"discountRate":50,"promo":"","orgPrice":4.2}},"categoryIds":["c-entertaining-at-home","c-pantry"],"similarProducts":[]},{"id":"cadbury-roses-boxed-chocolates","name":"Roses Chocolate Gift Box","brand":"Cadbury","imageUrls":["https://shop.coles.com.au/wcsstore/Coles-CAS/images/9/1/8/9185801.jpg"],"storeId":"coles","packageSize":"450g","cupPrice":"$1.72 per 100G","categoryIds":["c-entertaining-at-home","c-pantry"],"similarProducts":[],"locations":{"ALL":{"price":7.75,"discountRate":50,"promo":"","orgPrice":15.5}}},{"id":"belvita-biscuits-breakfast-milk-cereals-6-pack","name":"Milk and Cereals Breakfast Biscuits 6 Pack","brand":"Belvita","imageUrls":["https://shop.coles.com.au/wcsstore/Coles-CAS/images/9/1/0/9109880.jpg"],"storeId":"coles","packageSize":"300g","cupPrice":"$0.67 per 100G","locations":{"VIC":{"price":2,"discountRate":50,"promo":"","orgPrice":4},"SA":{"price":2,"discountRate":50,"promo":"","orgPrice":4},"QLD":{"price":2,"discountRate":50,"promo":"","orgPrice":4},"NSW":{"price":2,"discountRate":50,"promo":"","orgPrice":4},"WA":{"price":2,"discountRate":50,"promo":"","orgPrice":4},"TAS":{"price":2,"discountRate":50,"promo":"","orgPrice":4},"ACT":{"price":2,"discountRate":50,"promo":"","orgPrice":4},"NT":{"price":2.1,"discountRate":48,"promo":"","orgPrice":4}},"categoryIds":["c-entertaining-at-home","c-pantry"],"similarProducts":[]},{"id":"steggles-chicken-breast-crumbed-tenders","name":"Frozen Crumbed Chicken Breast Tenders","brand":"Steggles","imageUrls":["https://shop.coles.com.au/wcsstore/Coles-CAS/images/8/4/3/8434627.jpg"],"storeId":"coles","packageSize":"400g","cupPrice":"$11.25 per 1Kg","locations":{"VIC":{"price":4.5,"discountRate":50,"promo":"","orgPrice":9},"SA":{"price":4.5,"discountRate":50,"promo":"","orgPrice":9},"QLD":{"price":4.5,"discountRate":50,"promo":"","orgPrice":9},"NSW":{"price":4.5,"discountRate":50,"promo":"","orgPrice":9},"WA":{"price":4.5,"discountRate":50,"promo":"","orgPrice":9},"TAS":{"price":4.5,"discountRate":50,"promo":"","orgPrice":9},"ACT":{"price":4.5,"discountRate":50,"promo":"","orgPrice":9},"NT":{"price":4.86,"discountRate":50,"promo":"","orgPrice":9.72}},"categoryIds":["c-entertaining-at-home","c-frozen"],"similarProducts":[]},{"id":"doritos-late-night-corn-chips-taco","name":"Buffalo Wings","brand":"Doritos","imageUrls":["https://shop.coles.com.au/wcsstore/Coles-CAS/images/2/8/7/2872519.jpg"],"storeId":"coles","packageSize":"150g","cupPrice":"$1.17 per 100G","locations":{"VIC":{"price":1.75,"discountRate":50,"promo":"","orgPrice":3.5},"SA":{"price":1.75,"discountRate":50,"promo":"","orgPrice":3.5},"QLD":{"price":1.75,"discountRate":50,"promo":"","orgPrice":3.5},"NSW":{"price":1.75,"discountRate":50,"promo":"","orgPrice":3.5},"TAS":{"price":1.75,"discountRate":50,"promo":"","orgPrice":3.5},"ACT":{"price":1.75,"discountRate":50,"promo":"","orgPrice":3.5},"NT":{"price":1.75,"discountRate":52,"promo":"","orgPrice":3.6799999999999997}},"categoryIds":["c-entertaining-at-home","c-pantry"],"similarProducts":[]},{"id":"kettle-potato-chips-sea-salt-vinegar","name":"Sea Salt & Vinegar Potato Chips","brand":"Kettle","imageUrls":["https://shop.coles.com.au/wcsstore/Coles-CAS/images/8/1/5/8156557.jpg"],"storeId":"coles","packageSize":"175g","cupPrice":"$1.33 per 100G","locations":{"VIC":{"price":2.32,"discountRate":50,"promo":"","orgPrice":4.65},"SA":{"price":2.32,"discountRate":50,"promo":"","orgPrice":4.65},"QLD":{"price":2.32,"discountRate":50,"promo":"","orgPrice":4.65},"NSW":{"price":2.32,"discountRate":50,"promo":"","orgPrice":4.65},"WA":{"price":2.32,"discountRate":50,"promo":"","orgPrice":4.65},"TAS":{"price":2.32,"discountRate":50,"promo":"","orgPrice":4.65},"ACT":{"price":2.32,"discountRate":50,"promo":"","orgPrice":4.65},"NT":{"price":2.44,"discountRate":50,"promo":"","orgPrice":4.88}},"categoryIds":["c-entertaining-at-home","c-pantry"],"similarProducts":[]},{"id":"kettle-natural-potato-chips-chilli","name":"Chilli Potato Chips","brand":"Kettle","imageUrls":["https://shop.coles.com.au/wcsstore/Coles-CAS/images/9/1/3/9139724.jpg"],"storeId":"coles","packageSize":"175g","cupPrice":"$1.33 per 100G","locations":{"VIC":{"price":2.32,"discountRate":50,"promo":"","orgPrice":4.65},"SA":{"price":2.32,"discountRate":50,"promo":"","orgPrice":4.65},"QLD":{"price":2.32,"discountRate":50,"promo":"","orgPrice":4.65},"NSW":{"price":2.32,"discountRate":50,"promo":"","orgPrice":4.65},"WA":{"price":2.32,"discountRate":50,"promo":"","orgPrice":4.65},"TAS":{"price":2.32,"discountRate":50,"promo":"","orgPrice":4.65},"ACT":{"price":2.32,"discountRate":50,"promo":"","orgPrice":4.65},"NT":{"price":2.44,"discountRate":46,"promo":"","orgPrice":4.5}},"categoryIds":["c-entertaining-at-home","c-pantry"],"similarProducts":[]},{"id":"mccain-potato-fries-beer-battered-thin-crispy-frozen","name":"Frozen Shoestring Beer Batter Chips","brand":"McCain","imageUrls":["https://shop.coles.com.au/wcsstore/Coles-CAS/images/5/8/4/5841023.jpg"],"storeId":"coles","packageSize":"750g","cupPrice":"$0.27 per 100G","locations":{"VIC":{"price":2,"discountRate":50,"promo":"","orgPrice":4},"SA":{"price":2,"discountRate":50,"promo":"","orgPrice":4},"QLD":{"price":2,"discountRate":50,"promo":"","orgPrice":4},"NSW":{"price":2,"discountRate":50,"promo":"","orgPrice":4},"WA":{"price":2,"discountRate":50,"promo":"","orgPrice":4},"TAS":{"price":2,"discountRate":50,"promo":"","orgPrice":4},"ACT":{"price":2,"discountRate":50,"promo":"","orgPrice":4},"NT":{"price":2.15,"discountRate":50,"promo":"","orgPrice":4.3}},"categoryIds":["c-entertaining-at-home","c-frozen"],"similarProducts":[]},{"id":"the-natural-confectionary-co-dinosaurs-2351276p","name":"Dinosaurs","brand":"The Natural Confectionary Co.","imageUrls":["https://shop.coles.com.au/wcsstore/Coles-CAS/images/2/3/5/2351276.jpg"],"storeId":"coles","packageSize":"260g","cupPrice":"$0.77 per 100G","locations":{"VIC":{"price":2,"discountRate":50,"promo":"","orgPrice":4},"SA":{"price":2,"discountRate":50,"promo":"","orgPrice":4},"QLD":{"price":2,"discountRate":50,"promo":"","orgPrice":4},"NSW":{"price":2,"discountRate":50,"promo":"","orgPrice":4},"WA":{"price":2,"discountRate":50,"promo":"","orgPrice":4},"TAS":{"price":2,"discountRate":50,"promo":"","orgPrice":4},"ACT":{"price":2,"discountRate":50,"promo":"","orgPrice":4},"NT":{"price":2.1,"discountRate":50,"promo":"","orgPrice":4.2}},"categoryIds":["c-entertaining-at-home","c-pantry"],"similarProducts":[]},{"id":"schweppes-pepsi-max-375ml-cans","name":"Max Multipack Cans 375mL","brand":"Pepsi","imageUrls":["https://shop.coles.com.au/wcsstore/Coles-CAS/images/2/6/8/2684166.jpg"],"storeId":"coles","packageSize":"10 pack","cupPrice":"$1.47 per 1L","locations":{"VIC":{"price":5.52,"discountRate":50,"promo":"","orgPrice":11.05},"SA":{"price":7,"discountRate":43,"promo":"","orgPrice":12.3},"QLD":{"price":7,"discountRate":44,"promo":"","orgPrice":12.45},"NSW":{"price":7,"discountRate":44,"promo":"","orgPrice":12.4},"WA":{"price":5.52,"discountRate":50,"promo":"","orgPrice":11.05},"TAS":{"price":5.52,"discountRate":50,"promo":"","orgPrice":11.05},"ACT":{"price":7,"discountRate":44,"promo":"","orgPrice":12.4},"NT":{"price":7,"discountRate":46,"promo":"","orgPrice":12.92}},"categoryIds":["c-entertaining-at-home","c-drinks"],"similarProducts":[]},{"id":"kettle-honey-soy-chicken-potato-chips","name":"Honey Soy Chicken Potato Chips","brand":"Kettle","imageUrls":["https://shop.coles.com.au/wcsstore/Coles-CAS/images/1/7/9/1795310.jpg"],"storeId":"coles","packageSize":"175g","cupPrice":"$1.33 per 100G","locations":{"VIC":{"price":2.32,"discountRate":50,"promo":"","orgPrice":4.65},"SA":{"price":2.32,"discountRate":50,"promo":"","orgPrice":4.65},"QLD":{"price":2.32,"discountRate":50,"promo":"","orgPrice":4.65},"NSW":{"price":2.32,"discountRate":50,"promo":"","orgPrice":4.65},"WA":{"price":2.32,"discountRate":50,"promo":"","orgPrice":4.65},"TAS":{"price":2.32,"discountRate":50,"promo":"","orgPrice":4.65},"ACT":{"price":2.32,"discountRate":50,"promo":"","orgPrice":4.65},"NT":{"price":2.44,"discountRate":50,"promo":"","orgPrice":4.88}},"categoryIds":["c-entertaining-at-home","c-pantry"],"similarProducts":[]},{"id":"kettle-sweet-chilli-sour-cream-potato-chips","name":"Sweet Chilli & Sour Cream Potato Chips","brand":"Kettle","imageUrls":["https://shop.coles.com.au/wcsstore/Coles-CAS/images/2/6/7/2670081.jpg"],"storeId":"coles","packageSize":"175g","cupPrice":"$1.33 per 100G","locations":{"VIC":{"price":2.32,"discountRate":50,"promo":"","orgPrice":4.65},"SA":{"price":2.32,"discountRate":50,"promo":"","orgPrice":4.65},"QLD":{"price":2.32,"discountRate":50,"promo":"","orgPrice":4.65},"NSW":{"price":2.32,"discountRate":50,"promo":"","orgPrice":4.65},"TAS":{"price":2.32,"discountRate":50,"promo":"","orgPrice":4.65},"ACT":{"price":2.32,"discountRate":50,"promo":"","orgPrice":4.65},"NT":{"price":2.44,"discountRate":50,"promo":"","orgPrice":4.88}},"categoryIds":["c-entertaining-at-home","c-pantry"],"similarProducts":[]},{"id":"mccain-potato-fries-crunchy-beer-batter-thick-chunky-frozen","name":"Frozen Chunky Beer Batter Chips","brand":"McCain","imageUrls":["https://shop.coles.com.au/wcsstore/Coles-CAS/images/5/0/7/5070648.jpg"],"storeId":"coles","packageSize":"750g","cupPrice":"$0.27 per 100G","locations":{"VIC":{"price":2,"discountRate":50,"promo":"","orgPrice":4}},"categoryIds":["c-entertaining-at-home","c-frozen"],"similarProducts":[]},{"id":"kettle-natural-potato-chips","name":"Roasted Garlic & Parmesan Potato Chips","brand":"Kettle","imageUrls":["https://shop.coles.com.au/wcsstore/Coles-CAS/images/3/0/8/3082012.jpg"],"storeId":"coles","packageSize":"175g","cupPrice":"$1.33 per 100G","locations":{"VIC":{"price":2.32,"discountRate":50,"promo":"","orgPrice":4.65},"SA":{"price":2.32,"discountRate":50,"promo":"","orgPrice":4.65},"QLD":{"price":2.32,"discountRate":50,"promo":"","orgPrice":4.65},"NSW":{"price":2.32,"discountRate":50,"promo":"","orgPrice":4.65},"TAS":{"price":2.32,"discountRate":50,"promo":"","orgPrice":4.65},"ACT":{"price":2.32,"discountRate":50,"promo":"","orgPrice":4.65},"NT":{"price":2.44,"discountRate":50,"promo":"","orgPrice":4.88}},"categoryIds":["c-entertaining-at-home","c-pantry"],"similarProducts":[]},{"id":"sprite-soft-drink-lemonade-375ml-cans-7365904p","name":"Lemon-Lime Flavour Multipack Cans 375mL","brand":"Sprite","imageUrls":["https://shop.coles.com.au/wcsstore/Coles-CAS/images/7/3/6/7365904.jpg"],"storeId":"coles","packageSize":"24 Pack","cupPrice":"$1.56 per 1L","locations":{"VIC":{"price":14,"discountRate":50,"promo":"","orgPrice":28.2},"SA":{"price":17.6,"discountRate":44,"promo":"","orgPrice":31.3},"QLD":{"price":17.15,"discountRate":43,"promo":"","orgPrice":30.25},"NSW":{"price":17.4,"discountRate":46,"promo":"","orgPrice":32.349999999999994},"WA":{"price":14,"discountRate":50,"promo":"","orgPrice":28.2},"TAS":{"price":15.2,"discountRate":46,"promo":"","orgPrice":28.2},"ACT":{"price":17.4,"discountRate":46,"promo":"","orgPrice":32.349999999999994},"NT":{"price":17.6,"discountRate":46,"promo":"","orgPrice":32.870000000000005}},"categoryIds":["c-entertaining-at-home","c-drinks"],"similarProducts":[]},{"id":"mccain-potato-wedges-beer-batter-frozen","name":"Frozen Crispy & Golden Beer Batter Wedges","brand":"McCain","imageUrls":["https://shop.coles.com.au/wcsstore/Coles-CAS/images/5/0/6/5069387.jpg"],"storeId":"coles","packageSize":"750g","cupPrice":"$0.27 per 100G","locations":{"VIC":{"price":2,"discountRate":50,"promo":"","orgPrice":4},"SA":{"price":2,"discountRate":50,"promo":"","orgPrice":4},"QLD":{"price":2,"discountRate":50,"promo":"","orgPrice":4},"NSW":{"price":2,"discountRate":50,"promo":"","orgPrice":4},"WA":{"price":2,"discountRate":50,"promo":"","orgPrice":4},"TAS":{"price":2,"discountRate":50,"promo":"","orgPrice":4},"ACT":{"price":2,"discountRate":50,"promo":"","orgPrice":4},"NT":{"price":2.15,"discountRate":50,"promo":"","orgPrice":4.3}},"categoryIds":["c-entertaining-at-home","c-frozen"],"similarProducts":[]},{"id":"schweppes-pepsi-375ml-cans","name":"Multipack Cans 375mL","brand":"Pepsi","imageUrls":["https://shop.coles.com.au/wcsstore/Coles-CAS/images/2/6/8/2684213.jpg"],"storeId":"coles","packageSize":"10 pack","cupPrice":"$1.47 per 1L","locations":{"VIC":{"price":5.52,"discountRate":50,"promo":"","orgPrice":11.05},"SA":{"price":7,"discountRate":43,"promo":"","orgPrice":12.3},"QLD":{"price":7,"discountRate":44,"promo":"","orgPrice":12.45},"NSW":{"price":7,"discountRate":44,"promo":"","orgPrice":12.4},"WA":{"price":5.52,"discountRate":50,"promo":"","orgPrice":11.05},"TAS":{"price":5.52,"discountRate":50,"promo":"","orgPrice":11.05},"ACT":{"price":7,"discountRate":44,"promo":"","orgPrice":12.4},"NT":{"price":7,"discountRate":46,"promo":"","orgPrice":12.92}},"categoryIds":["c-entertaining-at-home","c-drinks"],"similarProducts":[]},{"id":"pringles-salt-vinegar-potato-chips","name":"Salt & Vinegar Flavour Stacked Potato Chips","brand":"Pringles","imageUrls":["https://shop.coles.com.au/wcsstore/Coles-CAS/images/2/7/8/2784069.jpg"],"storeId":"coles","packageSize":"134g","cupPrice":"$2.99 per 100G","locations":{"VIC":{"price":4,"discountRate":50,"promo":"Any 3 $6","orgPrice":4},"SA":{"price":4,"discountRate":50,"promo":"Any 3 $6","orgPrice":4},"QLD":{"price":4,"discountRate":50,"promo":"Any 3 $6","orgPrice":4},"NSW":{"price":4,"discountRate":50,"promo":"Any 3 $6","orgPrice":4},"TAS":{"price":4,"discountRate":50,"promo":"Any 3 $6","orgPrice":4},"ACT":{"price":4,"discountRate":50,"promo":"Any 3 $6","orgPrice":4},"NT":{"price":4.2,"discountRate":52,"promo":"Any 3 $6","orgPrice":4.2}},"categoryIds":["c-entertaining-at-home","c-pantry"],"similarProducts":[]},{"id":"pringles-original-potato-chips","name":"Original Salted Stacked Potato Chips","brand":"Pringles","imageUrls":["https://shop.coles.com.au/wcsstore/Coles-CAS/images/2/7/8/2784047.jpg"],"storeId":"coles","packageSize":"134g","cupPrice":"$2.99 per 100G","locations":{"VIC":{"price":4,"discountRate":50,"promo":"Any 3 $6","orgPrice":4},"SA":{"price":4,"discountRate":50,"promo":"Any 3 $6","orgPrice":4},"QLD":{"price":4,"discountRate":50,"promo":"Any 3 $6","orgPrice":4},"NSW":{"price":4,"discountRate":50,"promo":"Any 3 $6","orgPrice":4},"WA":{"price":4,"discountRate":50,"promo":"Any 3 $6","orgPrice":4},"TAS":{"price":4,"discountRate":50,"promo":"Any 3 $6","orgPrice":4},"ACT":{"price":4,"discountRate":50,"promo":"Any 3 $6","orgPrice":4},"NT":{"price":4.2,"discountRate":52,"promo":"Any 3 $6","orgPrice":4.2}},"categoryIds":["c-entertaining-at-home","c-pantry"],"similarProducts":[]},{"id":"steggles-chicken-tenders-sweet-chilli","name":"Frozen Sweet Chilli Chicken Breast Tenders","brand":"Steggles","imageUrls":["https://shop.coles.com.au/wcsstore/Coles-CAS/images/2/7/1/2719952.jpg"],"storeId":"coles","packageSize":"400g","cupPrice":"$11.25 per 1Kg","locations":{"VIC":{"price":4.5,"discountRate":50,"promo":"","orgPrice":9},"SA":{"price":4.5,"discountRate":50,"promo":"","orgPrice":9},"QLD":{"price":4.5,"discountRate":50,"promo":"","orgPrice":9},"NSW":{"price":4.5,"discountRate":50,"promo":"","orgPrice":9},"WA":{"price":4.5,"discountRate":50,"promo":"","orgPrice":9},"TAS":{"price":4.5,"discountRate":50,"promo":"","orgPrice":9},"ACT":{"price":4.5,"discountRate":50,"promo":"","orgPrice":9},"NT":{"price":4.86,"discountRate":50,"promo":"","orgPrice":9.72}},"categoryIds":["c-entertaining-at-home","c-frozen"],"similarProducts":[]},{"id":"the-natural-confectionary-co-fruit-salad-2351232p","name":"Soft Jellies Fruit Salad Lollies","brand":"The Natural Confectionary Co.","imageUrls":["https://shop.coles.com.au/wcsstore/Coles-CAS/images/2/3/5/2351232.jpg"],"storeId":"coles","packageSize":"240g","cupPrice":"$0.83 per 100G","locations":{"VIC":{"price":2,"discountRate":50,"promo":"","orgPrice":4},"SA":{"price":2,"discountRate":50,"promo":"","orgPrice":4},"QLD":{"price":2,"discountRate":50,"promo":"","orgPrice":4},"NSW":{"price":2,"discountRate":50,"promo":"","orgPrice":4},"WA":{"price":2,"discountRate":50,"promo":"","orgPrice":4},"TAS":{"price":2,"discountRate":50,"promo":"","orgPrice":4},"ACT":{"price":2,"discountRate":50,"promo":"","orgPrice":4},"NT":{"price":2.1,"discountRate":50,"promo":"","orgPrice":4.2}},"categoryIds":["c-entertaining-at-home","c-pantry"],"similarProducts":[]},{"id":"the-natural-confec-co-reduced-sugar-snakes","name":"25% Less Sugar Snakes","brand":"The Natural Confectionary Co.","imageUrls":["https://shop.coles.com.au/wcsstore/Coles-CAS/images/3/3/1/3311448.jpg"],"storeId":"coles","packageSize":"260g","cupPrice":"$0.77 per 100G","locations":{"VIC":{"price":2,"discountRate":50,"promo":"","orgPrice":4},"SA":{"price":2,"discountRate":50,"promo":"","orgPrice":4},"QLD":{"price":2,"discountRate":50,"promo":"","orgPrice":4},"NSW":{"price":2,"discountRate":50,"promo":"","orgPrice":4},"WA":{"price":2,"discountRate":50,"promo":"","orgPrice":4},"TAS":{"price":2,"discountRate":50,"promo":"","orgPrice":4},"ACT":{"price":2,"discountRate":50,"promo":"","orgPrice":4},"NT":{"price":2.1,"discountRate":50,"promo":"","orgPrice":4.2}},"categoryIds":["c-entertaining-at-home","c-pantry"],"similarProducts":[]},{"id":"fanta-soft-drink-orange-375ml-cans","name":"Orange Multipack Cans 375mL","brand":"Fanta","imageUrls":["https://shop.coles.com.au/wcsstore/Coles-CAS/images/5/3/2/5325873.jpg"],"storeId":"coles","packageSize":"24 Pack","cupPrice":"$1.56 per 1L","locations":{"VIC":{"price":14,"discountRate":50,"promo":"","orgPrice":28.2},"SA":{"price":17.6,"discountRate":44,"promo":"","orgPrice":31.3},"QLD":{"price":17.15,"discountRate":46,"promo":"","orgPrice":32},"NSW":{"price":17.4,"discountRate":46,"promo":"","orgPrice":32.349999999999994},"WA":{"price":14,"discountRate":50,"promo":"","orgPrice":28.2},"TAS":{"price":15.2,"discountRate":46,"promo":"","orgPrice":28.2},"ACT":{"price":17.4,"discountRate":46,"promo":"","orgPrice":32.349999999999994},"NT":{"price":17.6,"discountRate":46,"promo":"","orgPrice":32.870000000000005}},"categoryIds":["c-entertaining-at-home","c-drinks"],"similarProducts":[]},{"id":"the-natural-confec-co-reduced-sugar-fruitbasket","name":"25% Less Sugar Fruit Basket","brand":"The Natural Confectionary Co.","imageUrls":["https://shop.coles.com.au/wcsstore/Coles-CAS/images/3/3/1/3311426.jpg"],"storeId":"coles","packageSize":"220g","cupPrice":"$0.91 per 100G","locations":{"VIC":{"price":2,"discountRate":50,"promo":"","orgPrice":4},"SA":{"price":2,"discountRate":50,"promo":"","orgPrice":4},"QLD":{"price":2,"discountRate":50,"promo":"","orgPrice":4},"NSW":{"price":2,"discountRate":50,"promo":"","orgPrice":4},"WA":{"price":2,"discountRate":50,"promo":"","orgPrice":4},"TAS":{"price":2,"discountRate":50,"promo":"","orgPrice":4},"ACT":{"price":2,"discountRate":50,"promo":"","orgPrice":4},"NT":{"price":2.1,"discountRate":50,"promo":"","orgPrice":4.2}},"categoryIds":["c-entertaining-at-home","c-pantry"],"similarProducts":[]},{"id":"mountain-dew-375ml-cans","name":"Multipack Cans 375mL","brand":"Mountain Dew","imageUrls":["https://shop.coles.com.au/wcsstore/Coles-CAS/images/2/6/8/2684188.jpg"],"storeId":"coles","packageSize":"10 pack","cupPrice":"$1.47 per 1L","locations":{"VIC":{"price":5.52,"discountRate":50,"promo":"","orgPrice":11.05},"SA":{"price":7,"discountRate":43,"promo":"","orgPrice":12.3},"QLD":{"price":7,"discountRate":44,"promo":"","orgPrice":12.45},"NSW":{"price":7,"discountRate":44,"promo":"","orgPrice":12.4},"WA":{"price":5.52,"discountRate":50,"promo":"","orgPrice":11.05},"TAS":{"price":5.52,"discountRate":50,"promo":"","orgPrice":11.05},"ACT":{"price":7,"discountRate":44,"promo":"","orgPrice":12.4},"NT":{"price":7,"discountRate":46,"promo":"","orgPrice":12.92}},"categoryIds":["c-entertaining-at-home","c-drinks"],"similarProducts":[]},{"id":"pepsi-soft-drink-10x375ml-pepsi-max-vanilla","name":"Max Vanilla Multipack Cans 375mL","brand":"Pepsi","imageUrls":["https://shop.coles.com.au/wcsstore/Coles-CAS/images/2/8/8/2887480.jpg"],"storeId":"coles","packageSize":"10 pack","cupPrice":"$1.47 per 1L","locations":{"VIC":{"price":5.52,"discountRate":50,"promo":"","orgPrice":11.05},"SA":{"price":7,"discountRate":43,"promo":"","orgPrice":12.3},"QLD":{"price":7,"discountRate":44,"promo":"","orgPrice":12.45},"NSW":{"price":7,"discountRate":44,"promo":"","orgPrice":12.4},"WA":{"price":5.52,"discountRate":50,"promo":"","orgPrice":11.05},"TAS":{"price":5.52,"discountRate":50,"promo":"","orgPrice":11.05},"ACT":{"price":7,"discountRate":44,"promo":"","orgPrice":12.4},"NT":{"price":7,"discountRate":46,"promo":"","orgPrice":12.92}},"categoryIds":["c-entertaining-at-home","c-drinks"],"similarProducts":[]},{"id":"pepsi-soft-drink-10x375ml-soft-drink-max-raspberry","name":"Raspberry Flavour Max Multipack Cans 375mL","brand":"Pepsi","imageUrls":["https://shop.coles.com.au/wcsstore/Coles-CAS/images/3/2/7/3270817.jpg"],"storeId":"coles","packageSize":"10 pack","cupPrice":"$1.47 per 1L","locations":{"VIC":{"price":5.52,"discountRate":50,"promo":"","orgPrice":11.05},"SA":{"price":7,"discountRate":43,"promo":"","orgPrice":12.3},"QLD":{"price":7,"discountRate":44,"promo":"","orgPrice":12.45},"NSW":{"price":7,"discountRate":44,"promo":"","orgPrice":12.4},"WA":{"price":5.52,"discountRate":50,"promo":"","orgPrice":11.05},"ACT":{"price":7,"discountRate":44,"promo":"","orgPrice":12.4},"NT":{"price":7,"discountRate":46,"promo":"","orgPrice":12.92}},"categoryIds":["c-entertaining-at-home","c-drinks"],"similarProducts":[]},{"id":"the-natural-confectionary-co-sour-squirms","name":"Sour Squirms","brand":"The Natural Confectionary Co.","imageUrls":["https://shop.coles.com.au/wcsstore/Coles-CAS/images/2/3/5/2351254.jpg"],"storeId":"coles","packageSize":"240g","cupPrice":"$0.83 per 100G","locations":{"VIC":{"price":2,"discountRate":50,"promo":"","orgPrice":4},"SA":{"price":2,"discountRate":50,"promo":"","orgPrice":4},"QLD":{"price":2,"discountRate":50,"promo":"","orgPrice":4},"NSW":{"price":2,"discountRate":50,"promo":"","orgPrice":4},"WA":{"price":2,"discountRate":50,"promo":"","orgPrice":4},"TAS":{"price":2,"discountRate":50,"promo":"","orgPrice":4},"ACT":{"price":2,"discountRate":50,"promo":"","orgPrice":4},"NT":{"price":2.1,"discountRate":50,"promo":"","orgPrice":4.2}},"categoryIds":["c-entertaining-at-home","c-pantry"],"similarProducts":[]},{"id":"the-natural-confectionary-co-berry-bliss","name":"Berry Bliss Lollies","brand":"The Natural Confectionary Co.","imageUrls":["https://shop.coles.com.au/wcsstore/Coles-CAS/images/2/3/5/2351196.jpg"],"storeId":"coles","packageSize":"200g","cupPrice":"$1.00 per 100G","locations":{"VIC":{"price":2,"discountRate":50,"promo":"","orgPrice":4},"SA":{"price":2,"discountRate":50,"promo":"","orgPrice":4},"QLD":{"price":2,"discountRate":50,"promo":"","orgPrice":4},"NSW":{"price":2,"discountRate":50,"promo":"","orgPrice":4},"WA":{"price":2,"discountRate":50,"promo":"","orgPrice":4},"TAS":{"price":2,"discountRate":50,"promo":"","orgPrice":4},"ACT":{"price":2,"discountRate":50,"promo":"","orgPrice":4},"NT":{"price":2.1,"discountRate":50,"promo":"","orgPrice":4.2}},"categoryIds":["c-entertaining-at-home","c-pantry"],"similarProducts":[]},{"id":"the-natural-confec-co-fruit-smoothies-orchard","name":"Orchard Blast Fruit Smoothie Flavoured Jellies","brand":"The Natural Confectionery Co.","imageUrls":["https://shop.coles.com.au/wcsstore/Coles-CAS/images/3/6/1/3615012.jpg"],"storeId":"coles","packageSize":"200g","cupPrice":"$1.00 per 100G","locations":{"VIC":{"price":2,"discountRate":50,"promo":"","orgPrice":4},"SA":{"price":2,"discountRate":50,"promo":"","orgPrice":4},"QLD":{"price":2,"discountRate":50,"promo":"","orgPrice":4},"NSW":{"price":2,"discountRate":50,"promo":"","orgPrice":4},"WA":{"price":2,"discountRate":50,"promo":"","orgPrice":4},"TAS":{"price":2,"discountRate":50,"promo":"","orgPrice":4},"ACT":{"price":2,"discountRate":50,"promo":"","orgPrice":4},"NT":{"price":2.1,"discountRate":50,"promo":"","orgPrice":4.2}},"categoryIds":["c-entertaining-at-home","c-pantry"],"similarProducts":[]},{"id":"hong-kong-dim-sim-kitchen-pork-chive-dumpling","name":"Frozen Pork & Chive Dumplings 10 Pieces","brand":"Hong Kong Dim Sim Kitchen","imageUrls":["https://shop.coles.com.au/wcsstore/Coles-CAS/images/2/3/5/2356724.jpg"],"storeId":"coles","packageSize":"200g","cupPrice":"$1.25 per 100G","locations":{"VIC":{"price":2.5,"discountRate":50,"promo":"","orgPrice":5},"SA":{"price":2.5,"discountRate":50,"promo":"","orgPrice":5},"QLD":{"price":2.5,"discountRate":50,"promo":"","orgPrice":5},"NSW":{"price":2.5,"discountRate":50,"promo":"","orgPrice":5},"WA":{"price":2.5,"discountRate":50,"promo":"","orgPrice":5},"TAS":{"price":2.5,"discountRate":50,"promo":"","orgPrice":5},"ACT":{"price":2.5,"discountRate":50,"promo":"","orgPrice":5},"NT":{"price":2.7,"discountRate":50,"promo":"","orgPrice":5.4}},"categoryIds":["c-entertaining-at-home","c-frozen"],"similarProducts":[]},{"id":"lindt-lindor-chocolate-balls-assorted-gift-box","name":"Lindor Assorted Chocolate Balls Gift Box","brand":"Lindt","imageUrls":["https://shop.coles.com.au/wcsstore/Coles-CAS/images/8/7/3/8731258.jpg"],"storeId":"coles","packageSize":"235g","cupPrice":"$4.26 per 100G","categoryIds":["c-entertaining-at-home","c-pantry"],"similarProducts":[],"locations":{"ALL":{"price":10,"discountRate":50,"promo":"","orgPrice":20}}},{"id":"mr-kipling-lemon-snack-pack","name":"Lemon Slices 6 Pack","brand":"Mr Kipling","imageUrls":["https://shop.coles.com.au/wcsstore/Coles-CAS/images/1/6/4/1647164.jpg"],"storeId":"coles","packageSize":"165g","cupPrice":"$1.21 per 100G","categoryIds":["c-entertaining-at-home","c-bread-bakery"],"similarProducts":[],"locations":{"ALL":{"price":2,"discountRate":50,"promo":"","orgPrice":4}}},{"id":"steggles-chicken-tenders-southern-style","name":"Frozen Southern Style Chicken Breast Tenders","brand":"Steggles","imageUrls":["https://shop.coles.com.au/wcsstore/Coles-CAS/images/2/7/1/2719963.jpg"],"storeId":"coles","packageSize":"400g","cupPrice":"$11.25 per 1Kg","locations":{"VIC":{"price":4.5,"discountRate":50,"promo":"","orgPrice":9},"SA":{"price":4.5,"discountRate":50,"promo":"","orgPrice":9},"QLD":{"price":4.5,"discountRate":50,"promo":"","orgPrice":9},"NSW":{"price":4.5,"discountRate":50,"promo":"","orgPrice":9},"WA":{"price":4.5,"discountRate":50,"promo":"","orgPrice":9},"TAS":{"price":4.5,"discountRate":50,"promo":"","orgPrice":9},"ACT":{"price":4.5,"discountRate":50,"promo":"","orgPrice":9},"NT":{"price":4.86,"discountRate":50,"promo":"","orgPrice":9.72}},"categoryIds":["c-entertaining-at-home","c-frozen"],"similarProducts":[]},{"id":"steggles-honey-soy-tenders","name":"Frozen Honey Soy Frozen Chicken Breast Tenders","brand":"Steggles","imageUrls":["https://shop.coles.com.au/wcsstore/Coles-CAS/images/3/2/3/3230754.jpg"],"storeId":"coles","packageSize":"400g","cupPrice":"$11.25 per 1Kg","locations":{"VIC":{"price":4.5,"discountRate":50,"promo":"","orgPrice":9},"SA":{"price":4.5,"discountRate":50,"promo":"","orgPrice":9},"QLD":{"price":4.5,"discountRate":50,"promo":"","orgPrice":9},"NSW":{"price":4.5,"discountRate":50,"promo":"","orgPrice":9},"WA":{"price":4.5,"discountRate":50,"promo":"","orgPrice":9},"TAS":{"price":4.5,"discountRate":50,"promo":"","orgPrice":9},"ACT":{"price":4.5,"discountRate":50,"promo":"","orgPrice":9},"NT":{"price":4.86,"discountRate":50,"promo":"","orgPrice":9.72}},"categoryIds":["c-entertaining-at-home","c-frozen"],"similarProducts":[]},{"id":"bundaberg-brewed-4x375ml-drink-ginger-lemon-myrtle","name":"Limited Edition Ginger Beer & Lemon Myrtle Multipack Bottles 375mL","brand":"Bundaberg","imageUrls":["https://shop.coles.com.au/wcsstore/Coles-CAS/images/3/4/4/3449591.jpg"],"storeId":"coles","packageSize":"4 pack","cupPrice":"$1.90 per 1L","locations":{"VIC":{"price":2.85,"discountRate":50,"promo":"","orgPrice":5.7},"SA":{"price":3.05,"discountRate":50,"promo":"","orgPrice":6.1},"NSW":{"price":3.17,"discountRate":50,"promo":"","orgPrice":6.35},"WA":{"price":2.85,"discountRate":50,"promo":"","orgPrice":5.7},"ACT":{"price":3.17,"discountRate":50,"promo":"","orgPrice":6.35},"NT":{"price":3.2,"discountRate":50,"promo":"","orgPrice":6.41}},"categoryIds":["c-entertaining-at-home","c-drinks"],"similarProducts":[]},{"id":"kinder-chocolate-16-treat-sharebag-200g","name":"Chocolate 16 Treat Sharebag","brand":"Kinder","imageUrls":["https://shop.coles.com.au/wcsstore/Coles-CAS/images/2/5/2/2528761.jpg"],"storeId":"coles","packageSize":"200g","cupPrice":"$1.25 per 100G","locations":{"VIC":{"price":2.5,"discountRate":50,"promo":"","orgPrice":5},"SA":{"price":2.5,"discountRate":50,"promo":"","orgPrice":5},"QLD":{"price":2.5,"discountRate":50,"promo":"","orgPrice":5},"NSW":{"price":2.5,"discountRate":50,"promo":"","orgPrice":5},"WA":{"price":2.5,"discountRate":50,"promo":"","orgPrice":5},"TAS":{"price":2.5,"discountRate":50,"promo":"","orgPrice":5},"ACT":{"price":2.5,"discountRate":50,"promo":"","orgPrice":5},"NT":{"price":2.62,"discountRate":50,"promo":"","orgPrice":5.25}},"categoryIds":["c-entertaining-at-home","c-pantry"],"similarProducts":[]},{"id":"mr-kipling-angel-slice-2762237p","name":"Angel Slice 6 pack","brand":"Mr Kipling","imageUrls":["https://shop.coles.com.au/wcsstore/Coles-CAS/images/2/7/6/2762237.jpg"],"storeId":"coles","packageSize":"165g","cupPrice":"$1.21 per 100G","categoryIds":["c-entertaining-at-home","c-bread-bakery"],"similarProducts":[],"locations":{"ALL":{"price":2,"discountRate":50,"promo":"","orgPrice":4}}},{"id":"pringles-barbeque-potato-chips","name":"BBQ Stacked Potato Chips","brand":"Pringles","imageUrls":["https://shop.coles.com.au/wcsstore/Coles-CAS/images/2/7/8/2784070.jpg"],"storeId":"coles","packageSize":"134g","cupPrice":"$2.99 per 100G","locations":{"VIC":{"price":4,"discountRate":50,"promo":"Any 3 $6","orgPrice":4},"SA":{"price":4,"discountRate":50,"promo":"Any 3 $6","orgPrice":4},"QLD":{"price":4,"discountRate":50,"promo":"Any 3 $6","orgPrice":4},"NSW":{"price":4,"discountRate":50,"promo":"Any 3 $6","orgPrice":4},"WA":{"price":4,"discountRate":50,"promo":"Any 3 $6","orgPrice":4},"TAS":{"price":4,"discountRate":50,"promo":"Any 3 $6","orgPrice":4},"ACT":{"price":4,"discountRate":50,"promo":"Any 3 $6","orgPrice":4},"NT":{"price":4.2,"discountRate":52,"promo":"Any 3 $6","orgPrice":4.2}},"categoryIds":["c-entertaining-at-home","c-pantry"],"similarProducts":[]},{"id":"pringles-southern-fried-chicken-flavour-potato-chips","name":"Chicken Schnitty Flavour Potato Chips","brand":"Pringles","imageUrls":["https://shop.coles.com.au/wcsstore/Coles-CAS/images/2/7/8/2784080.jpg"],"storeId":"coles","packageSize":"134g","cupPrice":"$2.99 per 100G","locations":{"VIC":{"price":4,"discountRate":50,"promo":"Any 3 $6","orgPrice":4},"SA":{"price":4,"discountRate":50,"promo":"Any 3 $6","orgPrice":4},"QLD":{"price":4,"discountRate":50,"promo":"Any 3 $6","orgPrice":4},"NSW":{"price":4,"discountRate":50,"promo":"Any 3 $6","orgPrice":4},"WA":{"price":4,"discountRate":50,"promo":"Any 3 $6","orgPrice":4},"TAS":{"price":4,"discountRate":50,"promo":"Any 3 $6","orgPrice":4},"ACT":{"price":4,"discountRate":50,"promo":"Any 3 $6","orgPrice":4},"NT":{"price":4.2,"discountRate":52,"promo":"Any 3 $6","orgPrice":4.2}},"categoryIds":["c-entertaining-at-home","c-pantry"],"similarProducts":[]},{"id":"solo-lemon-10x375ml-cans","name":"Lemon Flavour Multipack Cans 375mL","brand":"Solo","imageUrls":["https://shop.coles.com.au/wcsstore/Coles-CAS/images/2/6/8/2684144.jpg"],"storeId":"coles","packageSize":"10 pack","cupPrice":"$1.47 per 1L","locations":{"VIC":{"price":5.52,"discountRate":50,"promo":"","orgPrice":11.05},"SA":{"price":7,"discountRate":43,"promo":"","orgPrice":12.3},"QLD":{"price":7,"discountRate":44,"promo":"","orgPrice":12.45},"NSW":{"price":7,"discountRate":44,"promo":"","orgPrice":12.4},"WA":{"price":5.52,"discountRate":50,"promo":"","orgPrice":11.05},"TAS":{"price":5.52,"discountRate":50,"promo":"","orgPrice":11.05},"ACT":{"price":7,"discountRate":44,"promo":"","orgPrice":12.4},"NT":{"price":7,"discountRate":46,"promo":"","orgPrice":12.92}},"categoryIds":["c-entertaining-at-home","c-drinks"],"similarProducts":[]},{"id":"steggles-hot-spicy-chicken-tenders","name":"Frozen Hot & Spicy Chicken Breast Tenders","brand":"Steggles","imageUrls":["https://shop.coles.com.au/wcsstore/Coles-CAS/images/2/7/1/2719974.jpg"],"storeId":"coles","packageSize":"400g","cupPrice":"$11.25 per 1Kg","locations":{"VIC":{"price":4.5,"discountRate":50,"promo":"","orgPrice":9},"SA":{"price":4.5,"discountRate":50,"promo":"","orgPrice":9},"QLD":{"price":4.5,"discountRate":50,"promo":"","orgPrice":9},"NSW":{"price":4.5,"discountRate":50,"promo":"","orgPrice":9},"WA":{"price":4.5,"discountRate":50,"promo":"","orgPrice":9},"TAS":{"price":4.5,"discountRate":50,"promo":"","orgPrice":9},"ACT":{"price":4.5,"discountRate":50,"promo":"","orgPrice":9},"NT":{"price":4.86,"discountRate":50,"promo":"","orgPrice":9.72}},"categoryIds":["c-entertaining-at-home","c-frozen"],"similarProducts":[]},{"id":"the-natural-confectionary-co-smoothie-chews","name":"Smoothie Chews","brand":"The Natural Confectionary Co.","imageUrls":["https://shop.coles.com.au/wcsstore/Coles-CAS/images/2/3/5/2351210.jpg"],"storeId":"coles","packageSize":"220g","cupPrice":"$0.91 per 100G","locations":{"VIC":{"price":2,"discountRate":50,"promo":"","orgPrice":4},"SA":{"price":2,"discountRate":50,"promo":"","orgPrice":4},"QLD":{"price":2,"discountRate":50,"promo":"","orgPrice":4},"NSW":{"price":2,"discountRate":50,"promo":"","orgPrice":4},"WA":{"price":2,"discountRate":50,"promo":"","orgPrice":4},"TAS":{"price":2,"discountRate":50,"promo":"","orgPrice":4},"ACT":{"price":2,"discountRate":50,"promo":"","orgPrice":4},"NT":{"price":2.1,"discountRate":50,"promo":"","orgPrice":4.2}},"categoryIds":["c-entertaining-at-home","c-pantry"],"similarProducts":[]},{"id":"the-natural-confec-co-rainbow-snakes","name":"Rainbow Snakes","brand":"The Natural Confectionary Co.","imageUrls":["https://shop.coles.com.au/wcsstore/Coles-CAS/images/3/1/5/3158522.jpg"],"storeId":"coles","packageSize":"220g","cupPrice":"$0.91 per 100G","locations":{"VIC":{"price":2,"discountRate":50,"promo":"","orgPrice":4},"SA":{"price":2,"discountRate":50,"promo":"","orgPrice":4},"QLD":{"price":2,"discountRate":50,"promo":"","orgPrice":4},"NSW":{"price":2,"discountRate":50,"promo":"","orgPrice":4},"WA":{"price":2,"discountRate":50,"promo":"","orgPrice":4},"TAS":{"price":2,"discountRate":50,"promo":"","orgPrice":4},"ACT":{"price":2,"discountRate":50,"promo":"","orgPrice":4},"NT":{"price":2.1,"discountRate":50,"promo":"","orgPrice":4.2}},"categoryIds":["c-entertaining-at-home","c-pantry"],"similarProducts":[]},{"id":"the-natural-confec-co-fruit-smoothies-tropical","name":"Tropical Crush Fruit Smoothie Flavoured Jellies","brand":"The Natural Confectionery Co.","imageUrls":["https://shop.coles.com.au/wcsstore/Coles-CAS/images/3/6/1/3615001.jpg"],"storeId":"coles","packageSize":"200g","cupPrice":"$1.00 per 100G","locations":{"VIC":{"price":2,"discountRate":50,"promo":"","orgPrice":4},"SA":{"price":2,"discountRate":50,"promo":"","orgPrice":4},"NSW":{"price":2,"discountRate":50,"promo":"","orgPrice":4},"NT":{"price":2.1,"discountRate":50,"promo":"","orgPrice":4.2}},"categoryIds":["c-entertaining-at-home","c-pantry"],"similarProducts":[]},{"id":"zooper-dooper-your-favourites","name":"Your Favourites Ice Tubes 24 Pack","brand":"Zooper Dooper","imageUrls":["https://shop.coles.com.au/wcsstore/Coles-CAS/images/3/2/8/3283932.jpg"],"storeId":"coles","packageSize":"1.68L","cupPrice":"$0.17 per 100mL","categoryIds":["c-entertaining-at-home","c-frozen"],"similarProducts":[],"locations":{"ALL":{"price":2.9,"discountRate":50,"promo":"","orgPrice":5.8}}},{"id":"mr-kipling-cherry-bakewells-1777410p","name":"Cherry & Almond Bakewells Tarts 6 pack","brand":"Mr Kipling","imageUrls":["https://shop.coles.com.au/wcsstore/Coles-CAS/images/1/7/7/1777410.jpg"],"storeId":"coles","packageSize":"250g","cupPrice":"$8.00 per 1Kg","categoryIds":["c-bread-bakery"],"similarProducts":[],"locations":{"ALL":{"price":2,"discountRate":50,"promo":"","orgPrice":4}}},{"id":"don-sliced-rspca-chicken-breast","name":"RSPCA Approved Sliced Chicken Breast","brand":"Don","imageUrls":["https://shop.coles.com.au/wcsstore/Coles-CAS/images/3/5/8/3583200.jpg"],"storeId":"coles","packageSize":"180g","cupPrice":"$1.78 per 100G","locations":{"VIC":{"price":3.2,"discountRate":50,"promo":"","orgPrice":6.4},"SA":{"price":3.2,"discountRate":50,"promo":"","orgPrice":6.4},"QLD":{"price":3.2,"discountRate":50,"promo":"","orgPrice":6.4},"NSW":{"price":3.2,"discountRate":50,"promo":"","orgPrice":6.4},"WA":{"price":3.2,"discountRate":50,"promo":"","orgPrice":6.4},"ACT":{"price":3.2,"discountRate":50,"promo":"","orgPrice":6.4},"NT":{"price":3.2,"discountRate":50,"promo":"","orgPrice":6.4}},"categoryIds":["c-meat-seafood-deli","c-dairy-eggs-meals"],"similarProducts":[]},{"id":"chobani-flip--strawberry-cheesecake-yoghurt","name":"Flip Strawberry Shortcake Yoghurt","brand":"Chobani","imageUrls":["https://shop.coles.com.au/wcsstore/Coles-CAS/images/2/9/7/2974982.jpg"],"storeId":"coles","packageSize":"140g","cupPrice":"$1.07 per 100G","locations":{"VIC":{"price":1.5,"discountRate":50,"promo":"","orgPrice":3},"SA":{"price":1.5,"discountRate":50,"promo":"","orgPrice":3},"QLD":{"price":1.5,"discountRate":50,"promo":"","orgPrice":3},"NSW":{"price":1.5,"discountRate":50,"promo":"","orgPrice":3},"WA":{"price":1.5,"discountRate":50,"promo":"","orgPrice":3},"TAS":{"price":1.5,"discountRate":50,"promo":"","orgPrice":3},"ACT":{"price":1.5,"discountRate":50,"promo":"","orgPrice":3},"NT":{"price":1.5,"discountRate":54,"promo":"","orgPrice":3.24}},"categoryIds":["c-dairy-eggs-meals"],"similarProducts":[]},{"id":"chobani--flip-almond-coco-loco-yoghurt","name":"Flip Almond Coco Loco Yoghurt","brand":"Chobani","imageUrls":["https://shop.coles.com.au/wcsstore/Coles-CAS/images/2/9/7/2974891.jpg"],"storeId":"coles","packageSize":"140g","cupPrice":"$1.07 per 100G","locations":{"VIC":{"price":1.5,"discountRate":50,"promo":"","orgPrice":3},"SA":{"price":1.5,"discountRate":50,"promo":"","orgPrice":3},"QLD":{"price":1.5,"discountRate":50,"promo":"","orgPrice":3},"NSW":{"price":1.5,"discountRate":50,"promo":"","orgPrice":3},"WA":{"price":1.5,"discountRate":50,"promo":"","orgPrice":3},"TAS":{"price":1.5,"discountRate":50,"promo":"","orgPrice":3},"ACT":{"price":1.5,"discountRate":50,"promo":"","orgPrice":3},"NT":{"price":1.5,"discountRate":54,"promo":"","orgPrice":3.24}},"categoryIds":["c-dairy-eggs-meals"],"similarProducts":[]},{"id":"chobani--flip-salted-caramel-crunch-yoghurt","name":"Flip Salted Caramel Crunch Yoghurt","brand":"Chobani","imageUrls":["https://shop.coles.com.au/wcsstore/Coles-CAS/images/2/9/7/2974950.jpg"],"storeId":"coles","packageSize":"140g","cupPrice":"$1.07 per 100G","locations":{"VIC":{"price":1.5,"discountRate":50,"promo":"","orgPrice":3},"SA":{"price":1.5,"discountRate":50,"promo":"","orgPrice":3},"QLD":{"price":1.5,"discountRate":50,"promo":"","orgPrice":3},"NSW":{"price":1.5,"discountRate":50,"promo":"","orgPrice":3},"WA":{"price":1.5,"discountRate":50,"promo":"","orgPrice":3},"TAS":{"price":1.5,"discountRate":50,"promo":"","orgPrice":3},"ACT":{"price":1.5,"discountRate":50,"promo":"","orgPrice":3},"NT":{"price":1.5,"discountRate":54,"promo":"","orgPrice":3.24}},"categoryIds":["c-dairy-eggs-meals"],"similarProducts":[]},{"id":"philadelphia-caramilk-cream-chese","name":"Caramilk Cream Cheese","brand":"Philadelphia","imageUrls":["https://shop.coles.com.au/wcsstore/Coles-CAS/images/3/7/6/3766583.jpg"],"storeId":"coles","packageSize":"250g","cupPrice":"$9.40 per 1Kg","locations":{"VIC":{"price":2.35,"discountRate":50,"promo":"","orgPrice":4.7},"SA":{"price":2.35,"discountRate":50,"promo":"","orgPrice":4.7},"NSW":{"price":2.35,"discountRate":50,"promo":"","orgPrice":4.7},"WA":{"price":2.35,"discountRate":50,"promo":"","orgPrice":4.7},"TAS":{"price":2.35,"discountRate":50,"promo":"","orgPrice":4.7},"NT":{"price":2.35,"discountRate":54,"promo":"","orgPrice":5.08}},"categoryIds":["c-dairy-eggs-meals"],"similarProducts":[]},{"id":"chobani-yoghurt-flip-cookies-cream-3246700p","name":"Flip Cookies & Cream Crunch Yoghurt","brand":"Chobani","imageUrls":["https://shop.coles.com.au/wcsstore/Coles-CAS/images/3/2/4/3246700.jpg"],"storeId":"coles","packageSize":"140g","cupPrice":"$1.07 per 100G","locations":{"VIC":{"price":1.5,"discountRate":50,"promo":"","orgPrice":3},"SA":{"price":1.5,"discountRate":50,"promo":"","orgPrice":3},"QLD":{"price":1.5,"discountRate":50,"promo":"","orgPrice":3},"NSW":{"price":1.5,"discountRate":50,"promo":"","orgPrice":3},"WA":{"price":1.5,"discountRate":50,"promo":"","orgPrice":3},"TAS":{"price":1.5,"discountRate":50,"promo":"","orgPrice":3},"ACT":{"price":1.5,"discountRate":50,"promo":"","orgPrice":3},"NT":{"price":1.5,"discountRate":54,"promo":"","orgPrice":3.24}},"categoryIds":["c-dairy-eggs-meals"],"similarProducts":[]},{"id":"chobani-flip-yoghurt-choc-cherry-delight","name":"Caramel Sunshine Flip Yoghurt","brand":"Chobani","imageUrls":["https://shop.coles.com.au/wcsstore/Coles-CAS/images/3/4/7/3477826.jpg"],"storeId":"coles","packageSize":"140g","cupPrice":"$1.07 per 100G","locations":{"VIC":{"price":1.5,"discountRate":50,"promo":"","orgPrice":3},"SA":{"price":1.5,"discountRate":50,"promo":"","orgPrice":3},"QLD":{"price":1.5,"discountRate":50,"promo":"","orgPrice":3},"NSW":{"price":1.5,"discountRate":50,"promo":"","orgPrice":3},"WA":{"price":1.5,"discountRate":50,"promo":"","orgPrice":3},"TAS":{"price":1.5,"discountRate":50,"promo":"","orgPrice":3},"ACT":{"price":1.5,"discountRate":50,"promo":"","orgPrice":3},"NT":{"price":1.5,"discountRate":54,"promo":"","orgPrice":3.24}},"categoryIds":["c-dairy-eggs-meals"],"similarProducts":[]},{"id":"mars-maltesers-block-mint","name":"Teasers Mint Chocolate Blocks","brand":"Maltesers","imageUrls":["https://shop.coles.com.au/wcsstore/Coles-CAS/images/3/5/8/3588113.jpg"],"storeId":"coles","packageSize":"146g","cupPrice":"$1.64 per 100G","locations":{"VIC":{"price":2.4,"discountRate":50,"promo":"","orgPrice":4.8},"SA":{"price":2.4,"discountRate":50,"promo":"","orgPrice":4.8},"QLD":{"price":2.4,"discountRate":50,"promo":"","orgPrice":4.8},"NSW":{"price":2.4,"discountRate":50,"promo":"","orgPrice":4.8},"WA":{"price":2.4,"discountRate":50,"promo":"","orgPrice":4.8},"TAS":{"price":2.4,"discountRate":50,"promo":"","orgPrice":4.8},"ACT":{"price":2.4,"discountRate":50,"promo":"","orgPrice":4.8},"NT":{"price":2.52,"discountRate":50,"promo":"","orgPrice":5.04}},"categoryIds":["c-pantry"],"similarProducts":[]},{"id":"mars-maltesers-block-milk-chocolate","name":"Teasers Milk Chocolate Bar","brand":"Maltesers","imageUrls":["https://shop.coles.com.au/wcsstore/Coles-CAS/images/3/4/7/3475718.jpg"],"storeId":"coles","packageSize":"146g","cupPrice":"$16.44 per 1KG","locations":{"VIC":{"price":2.4,"discountRate":50,"promo":"","orgPrice":4.8},"SA":{"price":2.4,"discountRate":50,"promo":"","orgPrice":4.8},"QLD":{"price":2.4,"discountRate":50,"promo":"","orgPrice":4.8},"NSW":{"price":2.4,"discountRate":50,"promo":"","orgPrice":4.8},"WA":{"price":2.4,"discountRate":50,"promo":"","orgPrice":4.8},"TAS":{"price":2.4,"discountRate":50,"promo":"","orgPrice":4.8},"ACT":{"price":2.4,"discountRate":50,"promo":"","orgPrice":4.8},"NT":{"price":2.52,"discountRate":50,"promo":"","orgPrice":5.04}},"categoryIds":["c-pantry"],"similarProducts":[]},{"id":"cadbury-twirl-chocolate-bar","name":"Twirl Chocolate Bar","brand":"Cadbury","imageUrls":["https://shop.coles.com.au/wcsstore/Coles-CAS/images/5/2/1/5216313.jpg"],"storeId":"coles","packageSize":"39g","cupPrice":"$2.18 per 100G","locations":{"VIC":{"price":0.85,"discountRate":58,"promo":"","orgPrice":2},"SA":{"price":0.85,"discountRate":58,"promo":"","orgPrice":2},"QLD":{"price":0.85,"discountRate":58,"promo":"","orgPrice":2},"NSW":{"price":0.85,"discountRate":58,"promo":"","orgPrice":2},"WA":{"price":0.85,"discountRate":58,"promo":"","orgPrice":2},"TAS":{"price":0.85,"discountRate":58,"promo":"","orgPrice":2},"ACT":{"price":0.85,"discountRate":58,"promo":"","orgPrice":2},"NT":{"price":0.85,"discountRate":60,"promo":"","orgPrice":2.1}},"categoryIds":["c-pantry"],"similarProducts":[]},{"id":"cadbury-cherry-ripe-chocolate-bar","name":"Cherry Ripe Chocolate Bar","brand":"Cadbury","imageUrls":["https://shop.coles.com.au/wcsstore/Coles-CAS/images/1/3/6/136534.jpg"],"storeId":"coles","packageSize":"52g","cupPrice":"$1.63 per 100G","locations":{"VIC":{"price":0.85,"discountRate":58,"promo":"","orgPrice":2},"SA":{"price":0.85,"discountRate":58,"promo":"","orgPrice":2},"QLD":{"price":0.85,"discountRate":58,"promo":"","orgPrice":2},"NSW":{"price":0.85,"discountRate":58,"promo":"","orgPrice":2},"WA":{"price":0.85,"discountRate":58,"promo":"","orgPrice":2},"TAS":{"price":0.85,"discountRate":58,"promo":"","orgPrice":2},"ACT":{"price":0.85,"discountRate":58,"promo":"","orgPrice":2},"NT":{"price":0.85,"discountRate":60,"promo":"","orgPrice":2.1}},"categoryIds":["c-pantry"],"similarProducts":[]},{"id":"cadbury-turkish-delight-chocolate-bar","name":"Turkish Delight Chocolate Bar","brand":"Fry's","imageUrls":["https://shop.coles.com.au/wcsstore/Coles-CAS/images/1/3/6/136498.jpg"],"storeId":"coles","packageSize":"55g","cupPrice":"$1.55 per 100G","locations":{"VIC":{"price":0.85,"discountRate":58,"promo":"","orgPrice":2},"SA":{"price":0.85,"discountRate":58,"promo":"","orgPrice":2},"QLD":{"price":0.85,"discountRate":58,"promo":"","orgPrice":2},"NSW":{"price":0.85,"discountRate":58,"promo":"","orgPrice":2},"WA":{"price":0.85,"discountRate":58,"promo":"","orgPrice":2},"TAS":{"price":0.85,"discountRate":58,"promo":"","orgPrice":2},"ACT":{"price":0.85,"discountRate":58,"promo":"","orgPrice":2},"NT":{"price":0.85,"discountRate":60,"promo":"","orgPrice":2.1}},"categoryIds":["c-pantry"],"similarProducts":[]},{"id":"kelloggs-k-time-twists-strawberry-yoghurt","name":"K-Time Baked Twists Strawberry & Yoghurt Flavour Filled Snack Bars 5 pack","brand":"Kellogg's","imageUrls":["https://shop.coles.com.au/wcsstore/Coles-CAS/images/9/2/6/9264260.jpg"],"storeId":"coles","packageSize":"185g","cupPrice":"$1.08 per 100G","locations":{"VIC":{"price":2,"discountRate":50,"promo":"","orgPrice":4},"SA":{"price":2,"discountRate":50,"promo":"","orgPrice":4},"QLD":{"price":2,"discountRate":50,"promo":"","orgPrice":4},"NSW":{"price":2,"discountRate":50,"promo":"","orgPrice":4},"WA":{"price":2,"discountRate":50,"promo":"","orgPrice":4},"TAS":{"price":2,"discountRate":50,"promo":"","orgPrice":4},"ACT":{"price":2,"discountRate":50,"promo":"","orgPrice":4},"NT":{"price":2.1,"discountRate":48,"promo":"","orgPrice":4}},"categoryIds":["c-pantry"],"similarProducts":[]},{"id":"fantastic-noodles-bowl-chicken","name":"Chicken Noodles Bowl","brand":"Fantastic","imageUrls":["https://shop.coles.com.au/wcsstore/Coles-CAS/images/6/9/9/6992421.jpg"],"storeId":"coles","packageSize":"85g","cupPrice":"$0.94 per 100G","categoryIds":["c-pantry"],"similarProducts":[],"locations":{"ALL":{"price":0.8,"discountRate":50,"promo":"","orgPrice":1.6}}},{"id":"fantastic-noodles-cup-chicken","name":"Chicken Noodle Cup","brand":"Fantastic","imageUrls":["https://shop.coles.com.au/wcsstore/Coles-CAS/images/5/5/8/5588840.jpg"],"storeId":"coles","packageSize":"70g","cupPrice":"$1.14 per 100G","categoryIds":["c-pantry"],"similarProducts":[],"locations":{"ALL":{"price":0.8,"discountRate":50,"promo":"","orgPrice":1.6}}},{"id":"john-west-tempters-tuna-in-olive-oil","name":"Tempters Tuna in Olive Oil","brand":"John West","imageUrls":["https://shop.coles.com.au/wcsstore/Coles-CAS/images/5/5/5/5558736.jpg"],"storeId":"coles","packageSize":"95g","cupPrice":"$12.11 per 1Kg","locations":{"VIC":{"price":1.15,"discountRate":50,"promo":"","orgPrice":2.3},"SA":{"price":1.15,"discountRate":50,"promo":"","orgPrice":2.3},"QLD":{"price":1.15,"discountRate":50,"promo":"","orgPrice":2.3},"NSW":{"price":1.15,"discountRate":50,"promo":"","orgPrice":2.3},"WA":{"price":1.15,"discountRate":50,"promo":"","orgPrice":2.3},"TAS":{"price":1.15,"discountRate":50,"promo":"","orgPrice":2.3},"ACT":{"price":1.15,"discountRate":50,"promo":"","orgPrice":2.3},"NT":{"price":1.15,"discountRate":52,"promo":"","orgPrice":2.42}},"categoryIds":["c-pantry"],"similarProducts":[]},{"id":"john-west-tempters-tuna-chunky-in-springwater","name":"Tempters Tuna Chunks in Springwater","brand":"John West","imageUrls":["https://shop.coles.com.au/wcsstore/Coles-CAS/images/7/5/3/7532777.jpg"],"storeId":"coles","packageSize":"95g","cupPrice":"$12.11 per 1Kg","locations":{"VIC":{"price":1.15,"discountRate":50,"promo":"","orgPrice":2.3},"SA":{"price":1.15,"discountRate":50,"promo":"","orgPrice":2.3},"QLD":{"price":1.15,"discountRate":50,"promo":"","orgPrice":2.3},"NSW":{"price":1.15,"discountRate":50,"promo":"","orgPrice":2.3},"WA":{"price":1.15,"discountRate":50,"promo":"","orgPrice":2.3},"TAS":{"price":1.15,"discountRate":50,"promo":"","orgPrice":2.3},"ACT":{"price":1.15,"discountRate":50,"promo":"","orgPrice":2.3},"NT":{"price":1.15,"discountRate":52,"promo":"","orgPrice":2.42}},"categoryIds":["c-pantry"],"similarProducts":[]},{"id":"kelloggs-cereal-special-k","name":"Special K Original Breakfast Cereal with Grain Based Protein","brand":"Kellogg's","imageUrls":["https://shop.coles.com.au/wcsstore/Coles-CAS/images/8/4/9/8495891.jpg"],"storeId":"coles","packageSize":"535g","cupPrice":"$0.71 per 100G","locations":{"VIC":{"price":3.82,"discountRate":50,"promo":"","orgPrice":7.65},"SA":{"price":3.82,"discountRate":50,"promo":"","orgPrice":7.65},"QLD":{"price":3.82,"discountRate":50,"promo":"","orgPrice":7.65},"NSW":{"price":3.82,"discountRate":50,"promo":"","orgPrice":7.65},"WA":{"price":3.82,"discountRate":50,"promo":"","orgPrice":7.65},"TAS":{"price":3.82,"discountRate":50,"promo":"","orgPrice":7.65},"ACT":{"price":3.82,"discountRate":50,"promo":"","orgPrice":7.65},"NT":{"price":4.01,"discountRate":50,"promo":"","orgPrice":8.03}},"categoryIds":["c-pantry"],"similarProducts":[]},{"id":"john-west-tempters-tuna-onion-tomato-savoury-sauce","name":"Tempters Tuna Onion & Tomato Savoury Sauce","brand":"John West","imageUrls":["https://shop.coles.com.au/wcsstore/Coles-CAS/images/3/8/4/384718.jpg"],"storeId":"coles","packageSize":"95g","cupPrice":"$12.11 per 1Kg","locations":{"VIC":{"price":1.15,"discountRate":50,"promo":"","orgPrice":2.3},"SA":{"price":1.15,"discountRate":50,"promo":"","orgPrice":2.3},"QLD":{"price":1.15,"discountRate":50,"promo":"","orgPrice":2.3},"NSW":{"price":1.15,"discountRate":50,"promo":"","orgPrice":2.3},"WA":{"price":1.15,"discountRate":50,"promo":"","orgPrice":2.3},"TAS":{"price":1.15,"discountRate":50,"promo":"","orgPrice":2.3},"ACT":{"price":1.15,"discountRate":50,"promo":"","orgPrice":2.3},"NT":{"price":1.15,"discountRate":52,"promo":"","orgPrice":2.42}},"categoryIds":["c-pantry"],"similarProducts":[]},{"id":"kelloggs-cereal-nutri-grain","name":"Nutri-Grain Protein Breakfast Cereal","brand":"Kellogg's","imageUrls":["https://shop.coles.com.au/wcsstore/Coles-CAS/images/8/4/9/8495790.jpg"],"storeId":"coles","packageSize":"500g","cupPrice":"$0.67 per 100G","locations":{"VIC":{"price":3.37,"discountRate":50,"promo":"","orgPrice":6.75},"SA":{"price":3.37,"discountRate":50,"promo":"","orgPrice":6.75},"QLD":{"price":3.37,"discountRate":50,"promo":"","orgPrice":6.75},"NSW":{"price":3.37,"discountRate":50,"promo":"","orgPrice":6.75},"WA":{"price":3.37,"discountRate":50,"promo":"","orgPrice":6.75},"TAS":{"price":3.37,"discountRate":50,"promo":"","orgPrice":6.75},"ACT":{"price":3.37,"discountRate":50,"promo":"","orgPrice":6.75},"NT":{"price":3.54,"discountRate":50,"promo":"","orgPrice":7.04}},"categoryIds":["c-pantry"],"similarProducts":[]},{"id":"john-west-tempters-tuna-chilli","name":"Tempters Chilli Tuna","brand":"John West","imageUrls":["https://shop.coles.com.au/wcsstore/Coles-CAS/images/6/0/4/6044009.jpg"],"storeId":"coles","packageSize":"95g","cupPrice":"$12.11 per 1Kg","locations":{"VIC":{"price":1.15,"discountRate":50,"promo":"","orgPrice":2.3},"SA":{"price":1.15,"discountRate":50,"promo":"","orgPrice":2.3},"QLD":{"price":1.15,"discountRate":50,"promo":"","orgPrice":2.3},"NSW":{"price":1.15,"discountRate":50,"promo":"","orgPrice":2.3},"WA":{"price":1.15,"discountRate":50,"promo":"","orgPrice":2.3},"TAS":{"price":1.15,"discountRate":50,"promo":"","orgPrice":2.3},"ACT":{"price":1.15,"discountRate":50,"promo":"","orgPrice":2.3},"NT":{"price":1.15,"discountRate":52,"promo":"","orgPrice":2.42}},"categoryIds":["c-pantry"],"similarProducts":[]},{"id":"cadbury-bars-twirl-caramilk","name":"Twirl Caramilk Bars","brand":"Cadbury","imageUrls":["https://shop.coles.com.au/wcsstore/Coles-CAS/images/3/6/9/3698621.jpg"],"storeId":"coles","packageSize":"39g","cupPrice":"$2.18 per 100G","locations":{"VIC":{"price":0.85,"discountRate":58,"promo":"","orgPrice":2},"SA":{"price":0.85,"discountRate":58,"promo":"","orgPrice":2},"QLD":{"price":0.85,"discountRate":58,"promo":"","orgPrice":2},"NSW":{"price":0.85,"discountRate":58,"promo":"","orgPrice":2},"WA":{"price":0.85,"discountRate":58,"promo":"","orgPrice":2},"TAS":{"price":0.85,"discountRate":58,"promo":"","orgPrice":2},"ACT":{"price":0.85,"discountRate":58,"promo":"","orgPrice":2},"NT":{"price":0.85,"discountRate":60,"promo":"","orgPrice":2.1}},"categoryIds":["c-pantry"],"similarProducts":[]},{"id":"cadbury-dairy-milk-chocolate-roll-pack","name":"Dairy Milk Chocolate Roll Pack","brand":"Cadbury","imageUrls":["https://shop.coles.com.au/wcsstore/Coles-CAS/images/5/0/7/5072676.jpg"],"storeId":"coles","packageSize":"55g","cupPrice":"$1.55 per 100G","locations":{"VIC":{"price":0.85,"discountRate":58,"promo":"","orgPrice":2},"SA":{"price":0.85,"discountRate":58,"promo":"","orgPrice":2},"QLD":{"price":0.85,"discountRate":58,"promo":"","orgPrice":2},"NSW":{"price":0.85,"discountRate":58,"promo":"","orgPrice":2},"WA":{"price":0.85,"discountRate":58,"promo":"","orgPrice":2},"TAS":{"price":0.85,"discountRate":58,"promo":"","orgPrice":2},"ACT":{"price":0.85,"discountRate":58,"promo":"","orgPrice":2},"NT":{"price":0.85,"discountRate":60,"promo":"","orgPrice":2.1}},"categoryIds":["c-pantry"],"similarProducts":[]},{"id":"carmans-dark-choc-and-cranberry-gourmet-and-protein-bars-5-pack","name":"Dark Choc & Cranberry Gourmet Protein Bar 5 pack","brand":"Carman's","imageUrls":["https://shop.coles.com.au/wcsstore/Coles-CAS/images/2/1/2/2129482.jpg"],"storeId":"coles","packageSize":"200g","cupPrice":"$1.58 per 100G","locations":{"VIC":{"price":3.15,"discountRate":50,"promo":"","orgPrice":6.3},"SA":{"price":3.15,"discountRate":50,"promo":"","orgPrice":6.3},"QLD":{"price":3.15,"discountRate":50,"promo":"","orgPrice":6.3},"NSW":{"price":3.15,"discountRate":50,"promo":"","orgPrice":6.3},"WA":{"price":3.15,"discountRate":50,"promo":"","orgPrice":6.3},"TAS":{"price":3.15,"discountRate":50,"promo":"","orgPrice":6.3},"ACT":{"price":3.15,"discountRate":50,"promo":"","orgPrice":6.3},"NT":{"price":3.31,"discountRate":50,"promo":"","orgPrice":6.62}},"categoryIds":["c-pantry"],"similarProducts":[]},{"id":"john-west-tempters-tuna-natural-smoke-flavour","name":"Tempters Natural Smoke Flavour Tuna","brand":"John West","imageUrls":["https://shop.coles.com.au/wcsstore/Coles-CAS/images/9/6/5/9658663.jpg"],"storeId":"coles","packageSize":"95g","cupPrice":"$12.11 per 1Kg","categoryIds":["c-pantry"],"similarProducts":[],"locations":{"ALL":{"price":1.15,"discountRate":50,"promo":"","orgPrice":2.3}}},{"id":"carmans-greek-yoghurt-berry-protein-bars","name":"Greek Style Yoghurt & Berry Gourmet Protein Bars 5 pack","brand":"Carman's","imageUrls":["https://shop.coles.com.au/wcsstore/Coles-CAS/images/2/3/9/2392513.jpg"],"storeId":"coles","packageSize":"200g","cupPrice":"$1.58 per 100G","locations":{"VIC":{"price":3.15,"discountRate":50,"promo":"","orgPrice":6.3},"SA":{"price":3.15,"discountRate":50,"promo":"","orgPrice":6.3},"QLD":{"price":3.15,"discountRate":50,"promo":"","orgPrice":6.3},"NSW":{"price":3.15,"discountRate":50,"promo":"","orgPrice":6.3},"WA":{"price":3.15,"discountRate":50,"promo":"","orgPrice":6.3},"TAS":{"price":3.15,"discountRate":50,"promo":"","orgPrice":6.3},"ACT":{"price":3.15,"discountRate":50,"promo":"","orgPrice":6.3},"NT":{"price":3.31,"discountRate":50,"promo":"","orgPrice":6.62}},"categoryIds":["c-pantry"],"similarProducts":[]},{"id":"john-west-tempters-tuna-oven-dried-tomato-basil","name":"Tempters Oven Dried Tomato & Basil Tuna","brand":"John West","imageUrls":["https://shop.coles.com.au/wcsstore/Coles-CAS/images/6/0/4/6041124.jpg"],"storeId":"coles","packageSize":"95g","cupPrice":"$12.11 per 1Kg","locations":{"VIC":{"price":1.15,"discountRate":50,"promo":"","orgPrice":2.3},"SA":{"price":1.15,"discountRate":50,"promo":"","orgPrice":2.3},"QLD":{"price":1.15,"discountRate":50,"promo":"","orgPrice":2.3},"NSW":{"price":1.15,"discountRate":50,"promo":"","orgPrice":2.3},"WA":{"price":1.15,"discountRate":50,"promo":"","orgPrice":2.3},"TAS":{"price":1.15,"discountRate":50,"promo":"","orgPrice":2.3},"ACT":{"price":1.15,"discountRate":50,"promo":"","orgPrice":2.3},"NT":{"price":1.15,"discountRate":52,"promo":"","orgPrice":2.42}},"categoryIds":["c-pantry"],"similarProducts":[]},{"id":"john-west-tempters-jalapeno-tuna","name":"Tempters Tuna & Tangy Jalapenos","brand":"John West","imageUrls":["https://shop.coles.com.au/wcsstore/Coles-CAS/images/2/6/6/2667972.jpg"],"storeId":"coles","packageSize":"95g","cupPrice":"$12.11 per 1Kg","locations":{"VIC":{"price":1.15,"discountRate":50,"promo":"","orgPrice":2.3},"SA":{"price":1.15,"discountRate":50,"promo":"","orgPrice":2.3},"QLD":{"price":1.15,"discountRate":50,"promo":"","orgPrice":2.3},"NSW":{"price":1.15,"discountRate":50,"promo":"","orgPrice":2.3},"WA":{"price":1.15,"discountRate":50,"promo":"","orgPrice":2.3},"TAS":{"price":1.15,"discountRate":50,"promo":"","orgPrice":2.3},"ACT":{"price":1.15,"discountRate":50,"promo":"","orgPrice":2.3},"NT":{"price":1.15,"discountRate":52,"promo":"","orgPrice":2.42}},"categoryIds":["c-pantry"],"similarProducts":[]},{"id":"john-west-tempters-tuna-enchilada","name":"Tempters Enchilada Tuna","brand":"John West","imageUrls":["https://shop.coles.com.au/wcsstore/Coles-CAS/images/3/2/0/3209827.jpg"],"storeId":"coles","packageSize":"90g","cupPrice":"$1.28 per 100G","locations":{"VIC":{"price":1.15,"discountRate":50,"promo":"","orgPrice":2.3},"SA":{"price":1.15,"discountRate":50,"promo":"","orgPrice":2.3},"QLD":{"price":1.15,"discountRate":50,"promo":"","orgPrice":2.3},"NSW":{"price":1.15,"discountRate":50,"promo":"","orgPrice":2.3},"WA":{"price":1.15,"discountRate":50,"promo":"","orgPrice":2.3},"TAS":{"price":1.15,"discountRate":50,"promo":"","orgPrice":2.3},"ACT":{"price":1.15,"discountRate":50,"promo":"","orgPrice":2.3},"NT":{"price":1.15,"discountRate":52,"promo":"","orgPrice":2.42}},"categoryIds":["c-pantry"],"similarProducts":[]},{"id":"peckish-fancies-rice-cracker-onion-balsam","name":"Gluten Free Fancies Caramelised Onion & Balsamic Vinegar Rice Crackers","brand":"Peckish","imageUrls":["https://shop.coles.com.au/wcsstore/Coles-CAS/images/3/4/6/3468530.jpg"],"storeId":"coles","packageSize":"90g","cupPrice":"$1.56 per 100G","locations":{"VIC":{"price":1.4,"discountRate":50,"promo":"","orgPrice":2.8},"SA":{"price":1.4,"discountRate":50,"promo":"","orgPrice":2.8},"QLD":{"price":1.4,"discountRate":50,"promo":"","orgPrice":2.8},"NSW":{"price":1.4,"discountRate":50,"promo":"","orgPrice":2.8},"WA":{"price":1.4,"discountRate":50,"promo":"","orgPrice":2.8},"TAS":{"price":1.4,"discountRate":50,"promo":"","orgPrice":2.8},"ACT":{"price":1.4,"discountRate":50,"promo":"","orgPrice":2.8},"NT":{"price":1.47,"discountRate":50,"promo":"","orgPrice":2.94}},"categoryIds":["c-pantry"],"similarProducts":[]},{"id":"carmans-nut-bars--almond-hazel-vanilla","name":"Almond Hazelnut & Vanilla Nut Bar 5 pack","brand":"Carman's","imageUrls":["https://shop.coles.com.au/wcsstore/Coles-CAS/images/1/0/1/1018373.jpg"],"storeId":"coles","packageSize":"175g","cupPrice":"$1.71 per 100G","locations":{"VIC":{"price":3,"discountRate":50,"promo":"","orgPrice":6},"SA":{"price":3,"discountRate":50,"promo":"","orgPrice":6},"QLD":{"price":3,"discountRate":50,"promo":"","orgPrice":6},"NSW":{"price":3,"discountRate":50,"promo":"","orgPrice":6},"WA":{"price":3,"discountRate":50,"promo":"","orgPrice":6},"TAS":{"price":3,"discountRate":50,"promo":"","orgPrice":6},"ACT":{"price":3,"discountRate":50,"promo":"","orgPrice":6},"NT":{"price":3.15,"discountRate":50,"promo":"","orgPrice":6.3}},"categoryIds":["c-pantry"],"similarProducts":[]},{"id":"carmans-muesli-bars-classic-fruit-6-pack","name":"Classic Fruit & Nut Muesli Bars 6 pack","brand":"Carman's","imageUrls":["https://shop.coles.com.au/wcsstore/Coles-CAS/images/9/4/6/9460520.jpg"],"storeId":"coles","packageSize":"270g","cupPrice":"$1.11 per 100G","locations":{"VIC":{"price":3,"discountRate":50,"promo":"","orgPrice":6},"SA":{"price":3,"discountRate":50,"promo":"","orgPrice":6},"QLD":{"price":3,"discountRate":50,"promo":"","orgPrice":6},"NSW":{"price":3,"discountRate":50,"promo":"","orgPrice":6},"WA":{"price":3,"discountRate":50,"promo":"","orgPrice":6},"TAS":{"price":3,"discountRate":45,"promo":"","orgPrice":5.5},"ACT":{"price":3,"discountRate":50,"promo":"","orgPrice":6},"NT":{"price":3.15,"discountRate":48,"promo":"","orgPrice":6}},"categoryIds":["c-pantry"],"similarProducts":[]},{"id":"carmans-coconut-yoghurt-roasted-nut-gourmet-protein","name":"Coconut Yoghurt & Roasted Nut Gourmet Protein Bars 5 pack","brand":"Carman's","imageUrls":["https://shop.coles.com.au/wcsstore/Coles-CAS/images/2/7/9/2795542.jpg"],"storeId":"coles","packageSize":"200g","cupPrice":"$1.58 per 100G","locations":{"VIC":{"price":3.15,"discountRate":50,"promo":"","orgPrice":6.3},"SA":{"price":3.15,"discountRate":50,"promo":"","orgPrice":6.3},"QLD":{"price":3.15,"discountRate":50,"promo":"","orgPrice":6.3},"NSW":{"price":3.15,"discountRate":50,"promo":"","orgPrice":6.3},"WA":{"price":3.15,"discountRate":50,"promo":"","orgPrice":6.3},"TAS":{"price":3.15,"discountRate":50,"promo":"","orgPrice":6.3},"ACT":{"price":3.15,"discountRate":50,"promo":"","orgPrice":6.3},"NT":{"price":3.31,"discountRate":50,"promo":"","orgPrice":6.62}},"categoryIds":["c-pantry"],"similarProducts":[]},{"id":"john-west-tempters-tuna-zesty-vinaigrette","name":"Tempters Zesty Vinaigrette Tuna","brand":"John West","imageUrls":["https://shop.coles.com.au/wcsstore/Coles-CAS/images/6/0/4/6044097.jpg"],"storeId":"coles","packageSize":"95g","cupPrice":"$12.11 per 1Kg","locations":{"VIC":{"price":1.15,"discountRate":50,"promo":"","orgPrice":2.3},"SA":{"price":1.15,"discountRate":50,"promo":"","orgPrice":2.3},"QLD":{"price":1.15,"discountRate":50,"promo":"","orgPrice":2.3},"NSW":{"price":1.15,"discountRate":50,"promo":"","orgPrice":2.3},"WA":{"price":1.15,"discountRate":50,"promo":"","orgPrice":2.3},"TAS":{"price":1.15,"discountRate":50,"promo":"","orgPrice":2.3},"ACT":{"price":1.15,"discountRate":50,"promo":"","orgPrice":2.3},"NT":{"price":1.15,"discountRate":52,"promo":"","orgPrice":2.42}},"categoryIds":["c-pantry"],"similarProducts":[]},{"id":"john-west-tempters-tuna-lemon-cracked-pepper","name":"Tempters Lemon & Cracked Pepper Tuna","brand":"John West","imageUrls":["https://shop.coles.com.au/wcsstore/Coles-CAS/images/6/0/4/6041113.jpg"],"storeId":"coles","packageSize":"95g","cupPrice":"$12.11 per 1Kg","locations":{"VIC":{"price":1.15,"discountRate":50,"promo":"","orgPrice":2.3},"SA":{"price":1.15,"discountRate":50,"promo":"","orgPrice":2.3},"QLD":{"price":1.15,"discountRate":50,"promo":"","orgPrice":2.3},"NSW":{"price":1.15,"discountRate":50,"promo":"","orgPrice":2.3},"WA":{"price":1.15,"discountRate":50,"promo":"","orgPrice":2.3},"TAS":{"price":1.15,"discountRate":50,"promo":"","orgPrice":2.3},"ACT":{"price":1.15,"discountRate":50,"promo":"","orgPrice":2.3},"NT":{"price":1.15,"discountRate":52,"promo":"","orgPrice":2.42}},"categoryIds":["c-pantry"],"similarProducts":[]},{"id":"cadbury-time-out-chocolate-bar","name":"Time Out Chocolate Bar","brand":"Cadbury","imageUrls":["https://shop.coles.com.au/wcsstore/Coles-CAS/images/8/6/8/86866.jpg"],"storeId":"coles","packageSize":"40g","cupPrice":"$2.13 per 100G","categoryIds":["c-pantry"],"similarProducts":[],"locations":{"ALL":{"price":0.85,"discountRate":58,"promo":"","orgPrice":2}}},{"id":"cadbury-flake-chocolate-bar","name":"Flake Chocolate Bar","brand":"Cadbury","imageUrls":["https://shop.coles.com.au/wcsstore/Coles-CAS/images/1/3/6/136487.jpg"],"storeId":"coles","packageSize":"30g","cupPrice":"$2.83 per 100G","locations":{"VIC":{"price":0.85,"discountRate":58,"promo":"","orgPrice":2},"SA":{"price":0.85,"discountRate":58,"promo":"","orgPrice":2},"QLD":{"price":0.85,"discountRate":58,"promo":"","orgPrice":2},"NSW":{"price":0.85,"discountRate":58,"promo":"","orgPrice":2},"WA":{"price":0.85,"discountRate":58,"promo":"","orgPrice":2},"TAS":{"price":0.85,"discountRate":58,"promo":"","orgPrice":2},"ACT":{"price":0.85,"discountRate":58,"promo":"","orgPrice":2},"NT":{"price":0.85,"discountRate":60,"promo":"","orgPrice":2.1}},"categoryIds":["c-pantry"],"similarProducts":[]},{"id":"cadbury-marvellous-creations-chocolate-jelly-popping-candy-beanies-9186065p","name":"Marvellous Creations Jelly Popping Candy Beanies Chocolate Bar","brand":"Cadbury","imageUrls":["https://shop.coles.com.au/wcsstore/Coles-CAS/images/9/1/8/9186065.jpg"],"storeId":"coles","packageSize":"50g","cupPrice":"$1.70 per 100G","categoryIds":["c-pantry"],"similarProducts":[],"locations":{"ALL":{"price":0.85,"discountRate":58,"promo":"","orgPrice":2}}},{"id":"carmans-golden-oats-coconut-oat-slice","name":"Golden Oats & Coconut Oat Slice","brand":"Carman's","imageUrls":["https://shop.coles.com.au/wcsstore/Coles-CAS/images/2/3/9/2392488.jpg"],"storeId":"coles","packageSize":"210g","cupPrice":"$1.43 per 100G","locations":{"VIC":{"price":3,"discountRate":50,"promo":"","orgPrice":6},"SA":{"price":3,"discountRate":50,"promo":"","orgPrice":6},"QLD":{"price":3,"discountRate":50,"promo":"","orgPrice":6},"NSW":{"price":3,"discountRate":50,"promo":"","orgPrice":6},"WA":{"price":3,"discountRate":50,"promo":"","orgPrice":6},"TAS":{"price":3,"discountRate":50,"promo":"","orgPrice":6},"ACT":{"price":3,"discountRate":50,"promo":"","orgPrice":6},"NT":{"price":3.15,"discountRate":50,"promo":"","orgPrice":6.3}},"categoryIds":["c-pantry"],"similarProducts":[]},{"id":"carmans-salted-drk-choc-almnd","name":"Salted Dark Choc & Almond Gourmet Protein Bars 5 pack","brand":"Carman's","imageUrls":["https://shop.coles.com.au/wcsstore/Coles-CAS/images/3/0/2/3022961.jpg"],"storeId":"coles","packageSize":"200g","cupPrice":"$1.58 per 100G","locations":{"VIC":{"price":3.15,"discountRate":50,"promo":"","orgPrice":6.3},"SA":{"price":3.15,"discountRate":50,"promo":"","orgPrice":6.3},"QLD":{"price":3.15,"discountRate":50,"promo":"","orgPrice":6.3},"NSW":{"price":3.15,"discountRate":50,"promo":"","orgPrice":6.3},"WA":{"price":3.15,"discountRate":50,"promo":"","orgPrice":6.3},"TAS":{"price":3.15,"discountRate":50,"promo":"","orgPrice":6.3},"ACT":{"price":3.15,"discountRate":50,"promo":"","orgPrice":6.3},"NT":{"price":3.31,"discountRate":50,"promo":"","orgPrice":6.62}},"categoryIds":["c-pantry"],"similarProducts":[]},{"id":"john-west-tempters-tuna-mayonnaise-corn","name":"Tempters Tuna Sweet Corn & Mayonnaise","brand":"John West","imageUrls":["https://shop.coles.com.au/wcsstore/Coles-CAS/images/6/6/5/6658510.jpg"],"storeId":"coles","packageSize":"95g","cupPrice":"$12.11 per 1Kg","locations":{"VIC":{"price":1.15,"discountRate":50,"promo":"","orgPrice":2.3},"SA":{"price":1.15,"discountRate":50,"promo":"","orgPrice":2.3},"QLD":{"price":1.15,"discountRate":50,"promo":"","orgPrice":2.3},"NSW":{"price":1.15,"discountRate":50,"promo":"","orgPrice":2.3},"WA":{"price":1.15,"discountRate":50,"promo":"","orgPrice":2.3},"TAS":{"price":1.15,"discountRate":50,"promo":"","orgPrice":2.3},"ACT":{"price":1.15,"discountRate":50,"promo":"","orgPrice":2.3},"NT":{"price":1.15,"discountRate":52,"promo":"","orgPrice":2.42}},"categoryIds":["c-pantry"],"similarProducts":[]},{"id":"kelloggs-cereal-sultana-bran","name":"Sultana Bran Cereal","brand":"Kellogg's","imageUrls":["https://shop.coles.com.au/wcsstore/Coles-CAS/images/8/4/9/8495905.jpg"],"storeId":"coles","packageSize":"730g","cupPrice":"$0.51 per 100G","locations":{"VIC":{"price":3.75,"discountRate":50,"promo":"","orgPrice":7.5},"SA":{"price":3.75,"discountRate":50,"promo":"","orgPrice":7.5},"QLD":{"price":3.75,"discountRate":50,"promo":"","orgPrice":7.5},"NSW":{"price":3.75,"discountRate":50,"promo":"","orgPrice":7.5},"WA":{"price":3.75,"discountRate":50,"promo":"","orgPrice":7.5},"TAS":{"price":3.75,"discountRate":50,"promo":"","orgPrice":7.5},"ACT":{"price":3.75,"discountRate":50,"promo":"","orgPrice":7.5},"NT":{"price":3.94,"discountRate":50,"promo":"","orgPrice":7.88}},"categoryIds":["c-pantry"],"similarProducts":[]},{"id":"la-espanola-extra-virgin-olive-oil-3525995p","name":"Extra Virgin Olive Oil","brand":"La Espanola","imageUrls":["https://shop.coles.com.au/wcsstore/Coles-CAS/images/3/5/2/3525995.jpg"],"storeId":"coles","packageSize":"100mL","cupPrice":"$1.50 per 100mL","locations":{"VIC":{"price":1.5,"discountRate":50,"promo":"","orgPrice":3},"QLD":{"price":1.5,"discountRate":50,"promo":"","orgPrice":3},"NSW":{"price":1.5,"discountRate":50,"promo":"","orgPrice":3},"WA":{"price":1.5,"discountRate":50,"promo":"","orgPrice":3}},"categoryIds":["c-pantry"],"similarProducts":[]},{"id":"peckish-fancies-rice-cracker-cheese-chive","name":"Gluten Free Fancies Aged Cheddar & Chives Flavoured Rice Crackers","brand":"Peckish","imageUrls":["https://shop.coles.com.au/wcsstore/Coles-CAS/images/3/4/6/3468508.jpg"],"storeId":"coles","packageSize":"90g","cupPrice":"$1.56 per 100G","locations":{"VIC":{"price":1.4,"discountRate":50,"promo":"","orgPrice":2.8},"SA":{"price":1.4,"discountRate":50,"promo":"","orgPrice":2.8},"QLD":{"price":1.4,"discountRate":50,"promo":"","orgPrice":2.8},"NSW":{"price":1.4,"discountRate":50,"promo":"","orgPrice":2.8},"WA":{"price":1.4,"discountRate":50,"promo":"","orgPrice":2.8},"TAS":{"price":1.4,"discountRate":50,"promo":"","orgPrice":2.8},"ACT":{"price":1.4,"discountRate":50,"promo":"","orgPrice":2.8},"NT":{"price":1.47,"discountRate":50,"promo":"","orgPrice":2.94}},"categoryIds":["c-pantry"],"similarProducts":[]},{"id":"cadbury-boost-chocolate-bar","name":"Boost Chocolate Bar","brand":"Cadbury","imageUrls":["https://shop.coles.com.au/wcsstore/Coles-CAS/images/4/4/2/4425023.jpg"],"storeId":"coles","packageSize":"60g","cupPrice":"$1.42 per 100G","locations":{"VIC":{"price":0.85,"discountRate":58,"promo":"","orgPrice":2},"SA":{"price":0.85,"discountRate":58,"promo":"","orgPrice":2},"QLD":{"price":0.85,"discountRate":58,"promo":"","orgPrice":2},"NSW":{"price":0.85,"discountRate":58,"promo":"","orgPrice":2},"WA":{"price":0.85,"discountRate":58,"promo":"","orgPrice":2},"TAS":{"price":0.85,"discountRate":58,"promo":"","orgPrice":2},"ACT":{"price":0.85,"discountRate":58,"promo":"","orgPrice":2},"NT":{"price":0.85,"discountRate":60,"promo":"","orgPrice":2.1}},"categoryIds":["c-pantry"],"similarProducts":[]},{"id":"cadbury-picnic-chocolate-bar","name":"Picnic Chocolate Bar","brand":"Cadbury","imageUrls":["https://shop.coles.com.au/wcsstore/Coles-CAS/images/1/3/6/136556.jpg"],"storeId":"coles","packageSize":"46g","cupPrice":"$1.85 per 100G","locations":{"VIC":{"price":0.85,"discountRate":58,"promo":"","orgPrice":2},"SA":{"price":0.85,"discountRate":58,"promo":"","orgPrice":2},"QLD":{"price":0.85,"discountRate":58,"promo":"","orgPrice":2},"NSW":{"price":0.85,"discountRate":58,"promo":"","orgPrice":2},"WA":{"price":0.85,"discountRate":58,"promo":"","orgPrice":2},"TAS":{"price":0.85,"discountRate":58,"promo":"","orgPrice":2},"ACT":{"price":0.85,"discountRate":58,"promo":"","orgPrice":2},"NT":{"price":0.85,"discountRate":60,"promo":"","orgPrice":2.1}},"categoryIds":["c-pantry"],"similarProducts":[]},{"id":"cadbury-crunchie-chocolate-bar","name":"Crunchie Chocolate bar","brand":"Cadbury","imageUrls":["https://shop.coles.com.au/wcsstore/Coles-CAS/images/1/3/6/136523.jpg"],"storeId":"coles","packageSize":"50g","cupPrice":"$1.70 per 100G","locations":{"VIC":{"price":0.85,"discountRate":58,"promo":"","orgPrice":2},"SA":{"price":0.85,"discountRate":58,"promo":"","orgPrice":2},"QLD":{"price":0.85,"discountRate":58,"promo":"","orgPrice":2},"NSW":{"price":0.85,"discountRate":58,"promo":"","orgPrice":2},"WA":{"price":0.85,"discountRate":58,"promo":"","orgPrice":2},"TAS":{"price":0.85,"discountRate":58,"promo":"","orgPrice":2},"ACT":{"price":0.85,"discountRate":58,"promo":"","orgPrice":2},"NT":{"price":0.85,"discountRate":60,"promo":"","orgPrice":2.1}},"categoryIds":["c-pantry"],"similarProducts":[]},{"id":"carmans-muesli-bars-original-fruit-free-6-pack","name":"Original Fruit Free Muesli Bars 6 pack","brand":"Carman's","imageUrls":["https://shop.coles.com.au/wcsstore/Coles-CAS/images/9/4/6/9460462.jpg"],"storeId":"coles","packageSize":"270g","cupPrice":"$1.11 per 100G","locations":{"VIC":{"price":3,"discountRate":50,"promo":"","orgPrice":6},"SA":{"price":3,"discountRate":50,"promo":"","orgPrice":6},"QLD":{"price":3,"discountRate":50,"promo":"","orgPrice":6},"NSW":{"price":3,"discountRate":50,"promo":"","orgPrice":6},"WA":{"price":3,"discountRate":50,"promo":"","orgPrice":6},"TAS":{"price":3,"discountRate":45,"promo":"","orgPrice":5.5},"ACT":{"price":3,"discountRate":50,"promo":"","orgPrice":6},"NT":{"price":3.15,"discountRate":48,"promo":"","orgPrice":6}},"categoryIds":["c-pantry"],"similarProducts":[]},{"id":"carmans-super-berry-muesli-bars","name":"Cranberry, Blueberry & Goji Super Berry Muesli Bars 6 pack","brand":"Carman's","imageUrls":["https://shop.coles.com.au/wcsstore/Coles-CAS/images/2/3/9/2392502.jpg"],"storeId":"coles","packageSize":"270g","cupPrice":"$1.11 per 100G","locations":{"VIC":{"price":3,"discountRate":50,"promo":"","orgPrice":6},"SA":{"price":3,"discountRate":50,"promo":"","orgPrice":6},"QLD":{"price":3,"discountRate":50,"promo":"","orgPrice":6},"NSW":{"price":3,"discountRate":50,"promo":"","orgPrice":6},"WA":{"price":3,"discountRate":50,"promo":"","orgPrice":6},"TAS":{"price":3,"discountRate":50,"promo":"","orgPrice":6},"ACT":{"price":3,"discountRate":50,"promo":"","orgPrice":6},"NT":{"price":3.15,"discountRate":50,"promo":"","orgPrice":6.3}},"categoryIds":["c-pantry"],"similarProducts":[]},{"id":"john-west-tempters-tuna-sweet-chilli","name":"Tempters Sweet Chilli Tuna","brand":"John West","imageUrls":["https://shop.coles.com.au/wcsstore/Coles-CAS/images/8/5/8/8582395.jpg"],"storeId":"coles","packageSize":"95g","cupPrice":"$12.11 per 1Kg","locations":{"VIC":{"price":1.15,"discountRate":50,"promo":"","orgPrice":2.3},"SA":{"price":1.15,"discountRate":50,"promo":"","orgPrice":2.3},"QLD":{"price":1.15,"discountRate":50,"promo":"","orgPrice":2.3},"NSW":{"price":1.15,"discountRate":50,"promo":"","orgPrice":2.3},"WA":{"price":1.15,"discountRate":50,"promo":"","orgPrice":2.3},"TAS":{"price":1.15,"discountRate":50,"promo":"","orgPrice":2.3},"ACT":{"price":1.15,"discountRate":50,"promo":"","orgPrice":2.3},"NT":{"price":1.15,"discountRate":52,"promo":"","orgPrice":2.42}},"categoryIds":["c-pantry"],"similarProducts":[]},{"id":"john-west-tempters-tuna-onion-tomato-light","name":"Tempters Onion & Tomato Light Tuna","brand":"John West","imageUrls":["https://shop.coles.com.au/wcsstore/Coles-CAS/images/4/9/2/4925004.jpg"],"storeId":"coles","packageSize":"95g","cupPrice":"$12.11 per 1Kg","locations":{"VIC":{"price":1.15,"discountRate":50,"promo":"","orgPrice":2.3},"SA":{"price":1.15,"discountRate":50,"promo":"","orgPrice":2.3},"QLD":{"price":1.15,"discountRate":50,"promo":"","orgPrice":2.3},"NSW":{"price":1.15,"discountRate":50,"promo":"","orgPrice":2.3},"WA":{"price":1.15,"discountRate":50,"promo":"","orgPrice":2.3},"TAS":{"price":1.15,"discountRate":50,"promo":"","orgPrice":2.3},"ACT":{"price":1.15,"discountRate":50,"promo":"","orgPrice":2.3},"NT":{"price":1.15,"discountRate":52,"promo":"","orgPrice":2.42}},"categoryIds":["c-pantry"],"similarProducts":[]},{"id":"robert-timms-coffee-bags-italian-espresso-style-4965756p","name":"Italian Espresso Style Coffee Bags 28 Pack","brand":"Robert Timms","imageUrls":["https://shop.coles.com.au/wcsstore/Coles-CAS/images/4/9/6/4965756.jpg"],"storeId":"coles","packageSize":"160g","cupPrice":"$30.13 per 1KG","locations":{"VIC":{"price":4.82,"discountRate":50,"promo":"","orgPrice":9.65},"SA":{"price":4.82,"discountRate":50,"promo":"","orgPrice":9.65},"QLD":{"price":4.82,"discountRate":50,"promo":"","orgPrice":9.65},"NSW":{"price":4.82,"discountRate":50,"promo":"","orgPrice":9.65},"WA":{"price":4.82,"discountRate":50,"promo":"","orgPrice":9.65},"TAS":{"price":4.82,"discountRate":50,"promo":"","orgPrice":9.65},"ACT":{"price":4.82,"discountRate":50,"promo":"","orgPrice":9.65},"NT":{"price":5.06,"discountRate":50,"promo":"","orgPrice":10.129999999999999}},"categoryIds":["c-pantry","c-drinks"],"similarProducts":[]},{"id":"sunrice-thai-hom-mali-jasmine-white-rice","name":"Jasmine Fragrant Rice","brand":"Sunrice","imageUrls":["https://shop.coles.com.au/wcsstore/Coles-CAS/images/4/3/6/4363786.jpg"],"storeId":"coles","packageSize":"5kg","cupPrice":"$0.20 per 100G","locations":{"VIC":{"price":10,"discountRate":50,"promo":"","orgPrice":20},"SA":{"price":10,"discountRate":50,"promo":"","orgPrice":20},"QLD":{"price":10,"discountRate":50,"promo":"","orgPrice":20},"NSW":{"price":10,"discountRate":50,"promo":"","orgPrice":20},"WA":{"price":10,"discountRate":50,"promo":"","orgPrice":20},"TAS":{"price":10,"discountRate":33,"promo":"","orgPrice":14.85},"ACT":{"price":10,"discountRate":50,"promo":"","orgPrice":20},"NT":{"price":10.5,"discountRate":50,"promo":"","orgPrice":21}},"categoryIds":["c-pantry"],"similarProducts":[]},{"id":"cadbury-chunky-dairy-milk-chocolate-bar","name":"Dairy Milk Chunky Chocolate Bar","brand":"Cadbury","imageUrls":["https://shop.coles.com.au/wcsstore/Coles-CAS/images/5/0/7/5072665.jpg"],"storeId":"coles","packageSize":"50g","cupPrice":"$1.70 per 100G","locations":{"VIC":{"price":0.85,"discountRate":58,"promo":"","orgPrice":2},"SA":{"price":0.85,"discountRate":58,"promo":"","orgPrice":2},"QLD":{"price":0.85,"discountRate":58,"promo":"","orgPrice":2},"NSW":{"price":0.85,"discountRate":58,"promo":"","orgPrice":2},"WA":{"price":0.85,"discountRate":58,"promo":"","orgPrice":2},"TAS":{"price":0.85,"discountRate":58,"promo":"","orgPrice":2},"ACT":{"price":0.85,"discountRate":58,"promo":"","orgPrice":2},"NT":{"price":0.85,"discountRate":60,"promo":"","orgPrice":2.1}},"categoryIds":["c-pantry"],"similarProducts":[]},{"id":"cadbury-cherry-ripe-double-dip","name":"Cherry Ripe Double Dip Chocolate Bar","brand":"Cadbury","imageUrls":["https://shop.coles.com.au/wcsstore/Coles-CAS/images/2/4/2/2427185.jpg"],"storeId":"coles","packageSize":"47g","cupPrice":"$1.81 per 100G","locations":{"VIC":{"price":0.85,"discountRate":58,"promo":"","orgPrice":2},"SA":{"price":0.85,"discountRate":58,"promo":"","orgPrice":2},"QLD":{"price":0.85,"discountRate":58,"promo":"","orgPrice":2},"NSW":{"price":0.85,"discountRate":58,"promo":"","orgPrice":2},"WA":{"price":0.85,"discountRate":58,"promo":"","orgPrice":2},"TAS":{"price":0.85,"discountRate":58,"promo":"","orgPrice":2},"ACT":{"price":0.85,"discountRate":58,"promo":"","orgPrice":2},"NT":{"price":0.85,"discountRate":60,"promo":"","orgPrice":2.1}},"categoryIds":["c-pantry"],"similarProducts":[]},{"id":"cadbury-chocolate-dream","name":"Dream White Chocolate Bar","brand":"Cadbury","imageUrls":["https://shop.coles.com.au/wcsstore/Coles-CAS/images/8/8/8/8885965.jpg"],"storeId":"coles","packageSize":"50g","cupPrice":"$1.70 per 100G","categoryIds":["c-pantry"],"similarProducts":[],"locations":{"ALL":{"price":0.85,"discountRate":58,"promo":"","orgPrice":2}}},{"id":"cadbury-bars-dairy-milk-hazelnut","name":"Dairy Milk Hazelnut Chocolate Bar","brand":"Cadbury","imageUrls":["https://shop.coles.com.au/wcsstore/Coles-CAS/images/3/4/0/3404786.jpg"],"storeId":"coles","packageSize":"55g","cupPrice":"$1.55 per 100G","locations":{"VIC":{"price":0.85,"discountRate":58,"promo":"","orgPrice":2},"SA":{"price":0.85,"discountRate":58,"promo":"","orgPrice":2},"QLD":{"price":0.85,"discountRate":58,"promo":"","orgPrice":2},"NSW":{"price":0.85,"discountRate":58,"promo":"","orgPrice":2},"WA":{"price":0.85,"discountRate":58,"promo":"","orgPrice":2},"TAS":{"price":0.85,"discountRate":58,"promo":"","orgPrice":2},"ACT":{"price":0.85,"discountRate":58,"promo":"","orgPrice":2},"NT":{"price":0.85,"discountRate":60,"promo":"","orgPrice":2.1}},"categoryIds":["c-pantry"],"similarProducts":[]},{"id":"cadbury-marvellous-creations-birthday-cake","name":"Marvellous Creations Birthday Cake","brand":"Cadbury","imageUrls":["https://shop.coles.com.au/wcsstore/Coles-CAS/images/3/7/7/3776361.jpg"],"storeId":"coles","packageSize":"50g","cupPrice":"$1.70 per 100G","locations":{"VIC":{"price":0.85,"discountRate":58,"promo":"","orgPrice":2},"SA":{"price":0.85,"discountRate":58,"promo":"","orgPrice":2},"QLD":{"price":0.85,"discountRate":58,"promo":"","orgPrice":2},"NSW":{"price":0.85,"discountRate":58,"promo":"","orgPrice":2},"WA":{"price":0.85,"discountRate":58,"promo":"","orgPrice":2},"TAS":{"price":0.85,"discountRate":58,"promo":"","orgPrice":2},"ACT":{"price":0.85,"discountRate":58,"promo":"","orgPrice":2},"NT":{"price":0.85,"discountRate":60,"promo":"","orgPrice":2.1}},"categoryIds":["c-pantry"],"similarProducts":[]},{"id":"carmans-dark-choc-macadamia-coconut","name":"Dark Choc Macadamia & Coconut Nut Bar 5 pack","brand":"Carman's","imageUrls":["https://shop.coles.com.au/wcsstore/Coles-CAS/images/3/0/2/3022892.jpg"],"storeId":"coles","packageSize":"160g","cupPrice":"$1.88 per 100G","locations":{"VIC":{"price":3,"discountRate":50,"promo":"","orgPrice":6},"SA":{"price":3,"discountRate":50,"promo":"","orgPrice":6},"QLD":{"price":3,"discountRate":50,"promo":"","orgPrice":6},"NSW":{"price":3,"discountRate":50,"promo":"","orgPrice":6},"WA":{"price":3,"discountRate":50,"promo":"","orgPrice":6},"TAS":{"price":3,"discountRate":50,"promo":"","orgPrice":6},"ACT":{"price":3,"discountRate":50,"promo":"","orgPrice":6},"NT":{"price":3.15,"discountRate":50,"promo":"","orgPrice":6.3}},"categoryIds":["c-pantry"],"similarProducts":[]},{"id":"darrell-lea-milk-block-raspberry-rocklea-road","name":"Milk Chocolate Raspberry Rocklea Road Block","brand":"Darrell Lea","imageUrls":["https://shop.coles.com.au/wcsstore/Coles-CAS/images/3/7/5/3759635.jpg"],"storeId":"coles","packageSize":"180g","cupPrice":"$1.39 per 100G","locations":{"VIC":{"price":2.5,"discountRate":50,"promo":"","orgPrice":5},"SA":{"price":2.5,"discountRate":50,"promo":"","orgPrice":5},"QLD":{"price":2.5,"discountRate":50,"promo":"","orgPrice":5},"NSW":{"price":2.5,"discountRate":50,"promo":"","orgPrice":5},"WA":{"price":2.5,"discountRate":50,"promo":"","orgPrice":5},"TAS":{"price":2.5,"discountRate":50,"promo":"","orgPrice":5},"ACT":{"price":2.5,"discountRate":50,"promo":"","orgPrice":5},"NT":{"price":2.62,"discountRate":50,"promo":"","orgPrice":5.25}},"categoryIds":["c-pantry"],"similarProducts":[]},{"id":"doritos-wasabi-corn-chips","name":"Cheese Burger Corn Chips","brand":"Doritos","imageUrls":["https://shop.coles.com.au/wcsstore/Coles-CAS/images/3/5/6/3568310.jpg"],"storeId":"coles","packageSize":"150g","cupPrice":"$1.17 per 100G","locations":{"VIC":{"price":1.75,"discountRate":50,"promo":"","orgPrice":3.5},"SA":{"price":1.75,"discountRate":50,"promo":"","orgPrice":3.5},"NSW":{"price":1.75,"discountRate":50,"promo":"","orgPrice":3.5},"TAS":{"price":1.75,"discountRate":50,"promo":"","orgPrice":3.5},"ACT":{"price":1.75,"discountRate":50,"promo":"","orgPrice":3.5},"NT":{"price":1.75,"discountRate":52,"promo":"","orgPrice":3.6799999999999997}},"categoryIds":["c-pantry"],"similarProducts":[]},{"id":"europe-bars-sesame-bar","name":"Sesame Bar","brand":"Europe","imageUrls":["https://shop.coles.com.au/wcsstore/Coles-CAS/images/6/7/8/67883.jpg"],"storeId":"coles","packageSize":"45g","cupPrice":"$1.89 per 100G","locations":{"VIC":{"price":0.85,"discountRate":58,"promo":"","orgPrice":2},"SA":{"price":0.85,"discountRate":58,"promo":"","orgPrice":2},"QLD":{"price":0.85,"discountRate":58,"promo":"","orgPrice":2},"NSW":{"price":0.85,"discountRate":58,"promo":"","orgPrice":2},"WA":{"price":0.85,"discountRate":58,"promo":"","orgPrice":2},"TAS":{"price":0.85,"discountRate":58,"promo":"","orgPrice":2},"ACT":{"price":0.85,"discountRate":58,"promo":"","orgPrice":2},"NT":{"price":0.85,"discountRate":60,"promo":"","orgPrice":2.1}},"categoryIds":["c-pantry"],"similarProducts":[]},{"id":"fantastic-noodles-bowl-beef","name":"Beef Noodles Bowl","brand":"Fantastic","imageUrls":["https://shop.coles.com.au/wcsstore/Coles-CAS/images/6/9/8/6988355.jpg"],"storeId":"coles","packageSize":"85g","cupPrice":"$0.94 per 100G","categoryIds":["c-pantry"],"similarProducts":[],"locations":{"ALL":{"price":0.8,"discountRate":50,"promo":"","orgPrice":1.6}}},{"id":"pringles-sweet-spicy-bbq-flavour-potato-chips","name":"Limited Edition Potato Chips","brand":"Pringles","imageUrls":["https://shop.coles.com.au/wcsstore/Coles-CAS/images/2/8/7/2871990.jpg"],"storeId":"coles","packageSize":"134g","cupPrice":"$2.99 per 100G","locations":{"VIC":{"price":4,"discountRate":50,"promo":"Any 3 $6","orgPrice":4},"SA":{"price":4,"discountRate":50,"promo":"Any 3 $6","orgPrice":4},"QLD":{"price":4,"discountRate":50,"promo":"Any 3 $6","orgPrice":4},"NSW":{"price":4,"discountRate":50,"promo":"Any 3 $6","orgPrice":4},"WA":{"price":4,"discountRate":50,"promo":"Any 3 $6","orgPrice":4},"TAS":{"price":4,"discountRate":50,"promo":"Any 3 $6","orgPrice":4},"ACT":{"price":4,"discountRate":50,"promo":"Any 3 $6","orgPrice":4},"NT":{"price":4.2,"discountRate":52,"promo":"Any 3 $6","orgPrice":4.2}},"categoryIds":["c-pantry"],"similarProducts":[]},{"id":"cadbury-bars-dairy-milk-peppermint","name":"Dairy Milk Peppermint Chocolate Bar","brand":"Cadbury","imageUrls":["https://shop.coles.com.au/wcsstore/Coles-CAS/images/3/5/0/3507519.jpg"],"storeId":"coles","packageSize":"55g","cupPrice":"$1.55 per 100G","locations":{"VIC":{"price":0.85,"discountRate":58,"promo":"","orgPrice":2},"SA":{"price":0.85,"discountRate":58,"promo":"","orgPrice":2},"QLD":{"price":0.85,"discountRate":58,"promo":"","orgPrice":2},"NSW":{"price":0.85,"discountRate":58,"promo":"","orgPrice":2},"WA":{"price":0.85,"discountRate":58,"promo":"","orgPrice":2},"TAS":{"price":0.85,"discountRate":58,"promo":"","orgPrice":2},"ACT":{"price":0.85,"discountRate":58,"promo":"","orgPrice":2},"NT":{"price":0.85,"discountRate":60,"promo":"","orgPrice":2.1}},"categoryIds":["c-pantry"],"similarProducts":[]},{"id":"carmans-nut-bars-almond-cashew-cranberry-5-pack","name":"Almond Cashew & Cranberry Nut Bar 5 pack","brand":"Carman's","imageUrls":["https://shop.coles.com.au/wcsstore/Coles-CAS/images/1/0/1/1018362.jpg"],"storeId":"coles","packageSize":"175g","cupPrice":"$1.71 per 100G","locations":{"VIC":{"price":3,"discountRate":50,"promo":"","orgPrice":6},"SA":{"price":3,"discountRate":50,"promo":"","orgPrice":6},"QLD":{"price":3,"discountRate":50,"promo":"","orgPrice":6},"NSW":{"price":3,"discountRate":50,"promo":"","orgPrice":6},"WA":{"price":3,"discountRate":50,"promo":"","orgPrice":6},"TAS":{"price":3,"discountRate":50,"promo":"","orgPrice":6},"ACT":{"price":3,"discountRate":50,"promo":"","orgPrice":6},"NT":{"price":3.15,"discountRate":50,"promo":"","orgPrice":6.3}},"categoryIds":["c-pantry"],"similarProducts":[]},{"id":"carmans-dark-choc-espresso-nut-bars-5-pack","name":"Dark Choc Espresso Nut Bar 5 pack","brand":"Carman's","imageUrls":["https://shop.coles.com.au/wcsstore/Coles-CAS/images/1/9/0/1905237.jpg"],"storeId":"coles","packageSize":"160g","cupPrice":"$1.88 per 100G","locations":{"VIC":{"price":3,"discountRate":50,"promo":"","orgPrice":6},"SA":{"price":3,"discountRate":50,"promo":"","orgPrice":6},"QLD":{"price":3,"discountRate":50,"promo":"","orgPrice":6},"NSW":{"price":3,"discountRate":50,"promo":"","orgPrice":6},"WA":{"price":3,"discountRate":50,"promo":"","orgPrice":6},"TAS":{"price":3,"discountRate":50,"promo":"","orgPrice":6},"ACT":{"price":3,"discountRate":50,"promo":"","orgPrice":6},"NT":{"price":3.15,"discountRate":50,"promo":"","orgPrice":6.3}},"categoryIds":["c-pantry"],"similarProducts":[]},{"id":"carmans-greek-style-yoghurt-blueberry-nut-bars-5-pack","name":"Greek Style Yoghurt & Blueberry Nut Bars 5 pack","brand":"Carman's","imageUrls":["https://shop.coles.com.au/wcsstore/Coles-CAS/images/1/9/0/1905248.jpg"],"storeId":"coles","packageSize":"160g","cupPrice":"$1.88 per 100G","locations":{"VIC":{"price":3,"discountRate":50,"promo":"","orgPrice":6},"SA":{"price":3,"discountRate":50,"promo":"","orgPrice":6},"QLD":{"price":3,"discountRate":50,"promo":"","orgPrice":6},"NSW":{"price":3,"discountRate":50,"promo":"","orgPrice":6},"WA":{"price":3,"discountRate":50,"promo":"","orgPrice":6},"TAS":{"price":3,"discountRate":50,"promo":"","orgPrice":6},"ACT":{"price":3,"discountRate":50,"promo":"","orgPrice":6},"NT":{"price":3.15,"discountRate":50,"promo":"","orgPrice":6.3}},"categoryIds":["c-pantry"],"similarProducts":[]},{"id":"carmans-protein-bar-cokies-cream","name":"Cookies & Cream Protein Bars 5 Pack","brand":"Carman's","imageUrls":["https://shop.coles.com.au/wcsstore/Coles-CAS/images/3/7/8/3786900.jpg"],"storeId":"coles","packageSize":"200g","cupPrice":"$1.58 per 100G","locations":{"VIC":{"price":3.15,"discountRate":50,"promo":"","orgPrice":6.3},"SA":{"price":3.15,"discountRate":50,"promo":"","orgPrice":6.3},"QLD":{"price":3.15,"discountRate":50,"promo":"","orgPrice":6.3},"NSW":{"price":3.15,"discountRate":50,"promo":"","orgPrice":6.3},"WA":{"price":3.15,"discountRate":50,"promo":"","orgPrice":6.3},"TAS":{"price":3.15,"discountRate":50,"promo":"","orgPrice":6.3},"ACT":{"price":3.15,"discountRate":50,"promo":"","orgPrice":6.3},"NT":{"price":3.31,"discountRate":50,"promo":"","orgPrice":6.62}},"categoryIds":["c-pantry"],"similarProducts":[]},{"id":"fantastic-noodle-cup-crispy-bacon","name":"Crispy Bacon Noodle Cup","brand":"Fantastic","imageUrls":["https://shop.coles.com.au/wcsstore/Coles-CAS/images/6/0/4/6046740.jpg"],"storeId":"coles","packageSize":"70g","cupPrice":"$1.14 per 100G","categoryIds":["c-pantry"],"similarProducts":[],"locations":{"ALL":{"price":0.8,"discountRate":50,"promo":"","orgPrice":1.6}}},{"id":"john-west-tempters-tuna-mango-chilli","name":"Tempters Mango Chilli Tuna","brand":"John West","imageUrls":["https://shop.coles.com.au/wcsstore/Coles-CAS/images/5/2/6/5263889.jpg"],"storeId":"coles","packageSize":"95g","cupPrice":"$12.11 per 1Kg","locations":{"VIC":{"price":1.15,"discountRate":50,"promo":"","orgPrice":2.3},"SA":{"price":1.15,"discountRate":50,"promo":"","orgPrice":2.3},"QLD":{"price":1.15,"discountRate":50,"promo":"","orgPrice":2.3},"NSW":{"price":1.15,"discountRate":50,"promo":"","orgPrice":2.3},"WA":{"price":1.15,"discountRate":50,"promo":"","orgPrice":2.3},"TAS":{"price":1.15,"discountRate":50,"promo":"","orgPrice":2.3},"ACT":{"price":1.15,"discountRate":50,"promo":"","orgPrice":2.3},"NT":{"price":1.15,"discountRate":52,"promo":"","orgPrice":2.42}},"categoryIds":["c-pantry"],"similarProducts":[]},{"id":"kelloggs-lcms-split-stix-yoghurty-rice-bubbles","name":"LCMs Yoghurty Split Stix Puffed Rice Snack Bars 6 pack","brand":"Kellogg's","imageUrls":["https://shop.coles.com.au/wcsstore/Coles-CAS/images/6/6/4/6642805.jpg"],"storeId":"coles","packageSize":"138g","cupPrice":"$1.45 per 100G","locations":{"VIC":{"price":2,"discountRate":50,"promo":"","orgPrice":4},"SA":{"price":2,"discountRate":50,"promo":"","orgPrice":4},"QLD":{"price":2,"discountRate":50,"promo":"","orgPrice":4},"NSW":{"price":2,"discountRate":50,"promo":"","orgPrice":4},"WA":{"price":2,"discountRate":50,"promo":"","orgPrice":4},"TAS":{"price":2,"discountRate":50,"promo":"","orgPrice":4},"ACT":{"price":2,"discountRate":50,"promo":"","orgPrice":4},"NT":{"price":2.1,"discountRate":50,"promo":"","orgPrice":4.2}},"categoryIds":["c-pantry"],"similarProducts":[]},{"id":"robert-timms-coffee-bags-mocha-kenya-style","name":"Mocha Kenya Style Coffee Bags 28 pack","brand":"Robert Timms","imageUrls":["https://shop.coles.com.au/wcsstore/Coles-CAS/images/5/6/9/5698633.jpg"],"storeId":"coles","packageSize":"160g","cupPrice":"$0.03 per 1G","locations":{"VIC":{"price":4.82,"discountRate":50,"promo":"","orgPrice":9.65},"SA":{"price":4.82,"discountRate":50,"promo":"","orgPrice":9.65},"QLD":{"price":4.82,"discountRate":50,"promo":"","orgPrice":9.65},"NSW":{"price":4.82,"discountRate":50,"promo":"","orgPrice":9.65},"WA":{"price":4.82,"discountRate":50,"promo":"","orgPrice":9.65},"TAS":{"price":4.82,"discountRate":50,"promo":"","orgPrice":9.65},"ACT":{"price":4.82,"discountRate":50,"promo":"","orgPrice":9.65},"NT":{"price":5.06,"discountRate":50,"promo":"","orgPrice":10.129999999999999}},"categoryIds":["c-pantry","c-drinks"],"similarProducts":[]},{"id":"robert-timms-gold-colombia-coffee-bags","name":"Gold Colombia Coffee Bags Strong 28 Pack","brand":"Robert Timms","imageUrls":["https://shop.coles.com.au/wcsstore/Coles-CAS/images/3/5/1/3511630.jpg"],"storeId":"coles","packageSize":"160g","cupPrice":"$3.01 per 100G","locations":{"VIC":{"price":4.82,"discountRate":50,"promo":"","orgPrice":9.65},"SA":{"price":4.82,"discountRate":50,"promo":"","orgPrice":9.65},"QLD":{"price":4.82,"discountRate":50,"promo":"","orgPrice":9.65},"NSW":{"price":4.82,"discountRate":50,"promo":"","orgPrice":9.65},"WA":{"price":4.82,"discountRate":50,"promo":"","orgPrice":9.65},"TAS":{"price":4.82,"discountRate":50,"promo":"","orgPrice":9.65},"ACT":{"price":4.82,"discountRate":50,"promo":"","orgPrice":9.65},"NT":{"price":5.06,"discountRate":50,"promo":"","orgPrice":10.129999999999999}},"categoryIds":["c-pantry","c-drinks"],"similarProducts":[]},{"id":"smiths-limited-edition-mac-n-cheese-potato-chips","name":"Limited Edition Sizzling Beef Pepper Steak","brand":"Smith's","imageUrls":["https://shop.coles.com.au/wcsstore/Coles-CAS/images/3/1/5/3151625.jpg"],"storeId":"coles","packageSize":"150g","cupPrice":"$1.17 per 100G","locations":{"VIC":{"price":1.75,"discountRate":50,"promo":"","orgPrice":3.5},"SA":{"price":1.75,"discountRate":50,"promo":"","orgPrice":3.5},"QLD":{"price":1.75,"discountRate":50,"promo":"","orgPrice":3.5},"NSW":{"price":1.75,"discountRate":50,"promo":"","orgPrice":3.5},"WA":{"price":1.75,"discountRate":50,"promo":"","orgPrice":3.5},"TAS":{"price":1.75,"discountRate":50,"promo":"","orgPrice":3.5},"ACT":{"price":1.75,"discountRate":50,"promo":"","orgPrice":3.5},"NT":{"price":1.75,"discountRate":52,"promo":"","orgPrice":3.6799999999999997}},"categoryIds":["c-pantry"],"similarProducts":[]},{"id":"be-natural-bars-nut-delight-4-pack","name":"Nut Delight Protein Snack Bar 4 pack","brand":"Be Natural","imageUrls":["https://shop.coles.com.au/wcsstore/Coles-CAS/images/9/2/0/9202729.jpg"],"storeId":"coles","packageSize":"160g","cupPrice":"$1.25 per 100G","locations":{"VIC":{"price":2,"discountRate":50,"promo":"","orgPrice":4},"SA":{"price":2,"discountRate":50,"promo":"","orgPrice":4},"QLD":{"price":2,"discountRate":50,"promo":"","orgPrice":4},"NSW":{"price":2,"discountRate":50,"promo":"","orgPrice":4},"WA":{"price":2,"discountRate":50,"promo":"","orgPrice":4},"TAS":{"price":2,"discountRate":50,"promo":"","orgPrice":4},"ACT":{"price":2,"discountRate":50,"promo":"","orgPrice":4},"NT":{"price":2.1,"discountRate":48,"promo":"","orgPrice":4}},"categoryIds":["c-pantry"],"similarProducts":[]},{"id":"cadbury-caramello-chocolate-bar","name":"Dairy Milk Caramello Chocolate Bar","brand":"Cadbury","imageUrls":["https://shop.coles.com.au/wcsstore/Coles-CAS/images/5/0/7/5072600.jpg"],"storeId":"coles","packageSize":"55g","cupPrice":"$1.55 per 100G","locations":{"VIC":{"price":0.85,"discountRate":58,"promo":"","orgPrice":2},"SA":{"price":0.85,"discountRate":58,"promo":"","orgPrice":2},"QLD":{"price":0.85,"discountRate":58,"promo":"","orgPrice":2},"NSW":{"price":0.85,"discountRate":58,"promo":"","orgPrice":2},"WA":{"price":0.85,"discountRate":58,"promo":"","orgPrice":2},"TAS":{"price":0.85,"discountRate":58,"promo":"","orgPrice":2},"ACT":{"price":0.85,"discountRate":58,"promo":"","orgPrice":2},"NT":{"price":0.85,"discountRate":60,"promo":"","orgPrice":2.1}},"categoryIds":["c-pantry"],"similarProducts":[]},{"id":"cadbury-bars-freddo-milky-top","name":"Freddo Milky Top Chocolate Bar","brand":"Cadbury","imageUrls":["https://shop.coles.com.au/wcsstore/Coles-CAS/images/3/2/4/3247305.jpg"],"storeId":"coles","packageSize":"45g","cupPrice":"$1.89 per 100G","locations":{"VIC":{"price":0.85,"discountRate":58,"promo":"","orgPrice":2},"SA":{"price":0.85,"discountRate":58,"promo":"","orgPrice":2},"QLD":{"price":0.85,"discountRate":58,"promo":"","orgPrice":2},"NSW":{"price":0.85,"discountRate":58,"promo":"","orgPrice":2},"WA":{"price":0.85,"discountRate":58,"promo":"","orgPrice":2},"TAS":{"price":0.85,"discountRate":58,"promo":"","orgPrice":2},"ACT":{"price":0.85,"discountRate":58,"promo":"","orgPrice":2},"NT":{"price":0.85,"discountRate":60,"promo":"","orgPrice":2.1}},"categoryIds":["c-pantry"],"similarProducts":[]},{"id":"cadbury-smoshed-share-pack-cranberry-almond","name":"Smooshed Cranberry & Almond Share Pack","brand":"Cadbury","imageUrls":["https://shop.coles.com.au/wcsstore/Coles-CAS/images/3/7/3/3739015.jpg"],"storeId":"coles","packageSize":"150g","cupPrice":"$4.00 per 100G","locations":{"VIC":{"price":6,"discountRate":50,"promo":"Any 2 $6","orgPrice":6},"SA":{"price":6,"discountRate":50,"promo":"Any 2 $6","orgPrice":6},"QLD":{"price":6,"discountRate":50,"promo":"Any 2 $6","orgPrice":6},"NSW":{"price":6,"discountRate":50,"promo":"Any 2 $6","orgPrice":6},"WA":{"price":6,"discountRate":50,"promo":"Any 2 $6","orgPrice":6},"TAS":{"price":6,"discountRate":50,"promo":"Any 2 $6","orgPrice":6},"ACT":{"price":6,"discountRate":50,"promo":"Any 2 $6","orgPrice":6},"NT":{"price":6.3,"discountRate":52,"promo":"Any 2 $6","orgPrice":6.3}},"categoryIds":["c-pantry"],"similarProducts":[]},{"id":"carmans-bars-dark-choc-blueberry-6-pack","name":"Dark Choc Blueberry Superfood Bars 6 pack","brand":"Carman's","imageUrls":["https://shop.coles.com.au/wcsstore/Coles-CAS/images/8/2/2/8221546.jpg"],"storeId":"coles","packageSize":"210g","cupPrice":"$1.43 per 100G","locations":{"VIC":{"price":3,"discountRate":50,"promo":"","orgPrice":6},"SA":{"price":3,"discountRate":50,"promo":"","orgPrice":6},"QLD":{"price":3,"discountRate":50,"promo":"","orgPrice":6},"NSW":{"price":3,"discountRate":50,"promo":"","orgPrice":6},"WA":{"price":3,"discountRate":50,"promo":"","orgPrice":6},"TAS":{"price":3,"discountRate":50,"promo":"","orgPrice":6},"ACT":{"price":3,"discountRate":50,"promo":"","orgPrice":6},"NT":{"price":3.15,"discountRate":50,"promo":"","orgPrice":6.3}},"categoryIds":["c-pantry"],"similarProducts":[]},{"id":"carmans--oat-slice-belgian-choc-brownie","name":"Oat Slice Belgian Chocolate Brownie","brand":"Carman's","imageUrls":["https://shop.coles.com.au/wcsstore/Coles-CAS/images/2/7/1/2714711.jpg"],"storeId":"coles","packageSize":"210g","cupPrice":"$1.43 per 100G","locations":{"VIC":{"price":3,"discountRate":50,"promo":"","orgPrice":6},"SA":{"price":3,"discountRate":50,"promo":"","orgPrice":6},"QLD":{"price":3,"discountRate":50,"promo":"","orgPrice":6},"NSW":{"price":3,"discountRate":50,"promo":"","orgPrice":6},"WA":{"price":3,"discountRate":50,"promo":"","orgPrice":6},"TAS":{"price":3,"discountRate":50,"promo":"","orgPrice":6},"ACT":{"price":3,"discountRate":50,"promo":"","orgPrice":6},"NT":{"price":3.15,"discountRate":50,"promo":"","orgPrice":6.3}},"categoryIds":["c-pantry"],"similarProducts":[]},{"id":"darrell-lea-dark-choc-liquorice-block","name":"Dark Chocolate Liquorice Block","brand":"Darrell Lea","imageUrls":["https://shop.coles.com.au/wcsstore/Coles-CAS/images/3/7/5/3759690.jpg"],"storeId":"coles","packageSize":"180g","cupPrice":"$1.39 per 100G","locations":{"VIC":{"price":2.5,"discountRate":50,"promo":"","orgPrice":5},"SA":{"price":2.5,"discountRate":50,"promo":"","orgPrice":5},"QLD":{"price":2.5,"discountRate":50,"promo":"","orgPrice":5},"NSW":{"price":2.5,"discountRate":50,"promo":"","orgPrice":5},"WA":{"price":2.5,"discountRate":50,"promo":"","orgPrice":5},"TAS":{"price":2.5,"discountRate":50,"promo":"","orgPrice":5},"ACT":{"price":2.5,"discountRate":50,"promo":"","orgPrice":5},"NT":{"price":2.62,"discountRate":50,"promo":"","orgPrice":5.25}},"categoryIds":["c-pantry"],"similarProducts":[]},{"id":"darrell-lea-milk-block-liquorice","name":"Milk Chocolate Liquorice Block","brand":"Darrell Lea","imageUrls":["https://shop.coles.com.au/wcsstore/Coles-CAS/images/3/7/5/3759613.jpg"],"storeId":"coles","packageSize":"180g","cupPrice":"$1.39 per 100G","locations":{"VIC":{"price":2.5,"discountRate":50,"promo":"","orgPrice":5},"SA":{"price":2.5,"discountRate":50,"promo":"","orgPrice":5},"QLD":{"price":2.5,"discountRate":50,"promo":"","orgPrice":5},"NSW":{"price":2.5,"discountRate":50,"promo":"","orgPrice":5},"WA":{"price":2.5,"discountRate":50,"promo":"","orgPrice":5},"TAS":{"price":2.5,"discountRate":50,"promo":"","orgPrice":5},"ACT":{"price":2.5,"discountRate":50,"promo":"","orgPrice":5},"NT":{"price":2.62,"discountRate":50,"promo":"","orgPrice":5.25}},"categoryIds":["c-pantry"],"similarProducts":[]},{"id":"dole-tropical-gold-pineapple-pieces-in-juice","name":"Pineapple Pieces in Juice Pouch","brand":"Dole","imageUrls":["https://shop.coles.com.au/wcsstore/Coles-CAS/images/3/2/1/3215003.jpg"],"storeId":"coles","packageSize":"400g","cupPrice":"$3.75 per 1Kg","locations":{"VIC":{"price":1.5,"discountRate":50,"promo":"","orgPrice":3},"SA":{"price":1.5,"discountRate":50,"promo":"","orgPrice":3},"QLD":{"price":1.5,"discountRate":50,"promo":"","orgPrice":3},"NSW":{"price":1.5,"discountRate":50,"promo":"","orgPrice":3},"WA":{"price":1.5,"discountRate":50,"promo":"","orgPrice":3},"TAS":{"price":1.5,"discountRate":50,"promo":"","orgPrice":3},"ACT":{"price":1.5,"discountRate":50,"promo":"","orgPrice":3},"NT":{"price":1.5,"discountRate":52,"promo":"","orgPrice":3.15}},"categoryIds":["c-pantry"],"similarProducts":[]},{"id":"europe-bars-honey-nougat-log","name":"Honey Nougat Log","brand":"Europe","imageUrls":["https://shop.coles.com.au/wcsstore/Coles-CAS/images/6/7/8/67850.jpg"],"storeId":"coles","packageSize":"40g","cupPrice":"$2.13 per 100G","locations":{"VIC":{"price":0.85,"discountRate":58,"promo":"","orgPrice":2},"SA":{"price":0.85,"discountRate":58,"promo":"","orgPrice":2},"QLD":{"price":0.85,"discountRate":58,"promo":"","orgPrice":2},"NSW":{"price":0.85,"discountRate":58,"promo":"","orgPrice":2},"WA":{"price":0.85,"discountRate":58,"promo":"","orgPrice":2},"TAS":{"price":0.85,"discountRate":58,"promo":"","orgPrice":2},"ACT":{"price":0.85,"discountRate":58,"promo":"","orgPrice":2},"NT":{"price":0.85,"discountRate":60,"promo":"","orgPrice":2.1}},"categoryIds":["c-pantry"],"similarProducts":[]},{"id":"fantastic-noodles-cup-oriental","name":"Oriental Noodle Cup","brand":"Fantastic","imageUrls":["https://shop.coles.com.au/wcsstore/Coles-CAS/images/6/0/4/6046730.jpg"],"storeId":"coles","packageSize":"70g","cupPrice":"$1.14 per 100G","categoryIds":["c-pantry"],"similarProducts":[],"locations":{"ALL":{"price":0.8,"discountRate":50,"promo":"","orgPrice":1.6}}},{"id":"fantastic-noodles-cup-beef","name":"Beef Noodle Cup","brand":"Fantastic","imageUrls":["https://shop.coles.com.au/wcsstore/Coles-CAS/images/5/5/8/5588792.jpg"],"storeId":"coles","packageSize":"70g","cupPrice":"$1.14 per 100G","categoryIds":["c-pantry"],"similarProducts":[],"locations":{"ALL":{"price":0.8,"discountRate":50,"promo":"","orgPrice":1.6}}},{"id":"kelloggs-lcms-rice-bubbles-kaleidos","name":"LCMs Kaleidos Puffed Rice Snack Bars 6 pack","brand":"Kellogg's","imageUrls":["https://shop.coles.com.au/wcsstore/Coles-CAS/images/6/9/2/6920930.jpg"],"storeId":"coles","packageSize":"132g","cupPrice":"$1.52 per 100G","locations":{"VIC":{"price":2,"discountRate":50,"promo":"","orgPrice":4},"SA":{"price":2,"discountRate":50,"promo":"","orgPrice":4},"QLD":{"price":2,"discountRate":50,"promo":"","orgPrice":4},"NSW":{"price":2,"discountRate":50,"promo":"","orgPrice":4},"WA":{"price":2,"discountRate":50,"promo":"","orgPrice":4},"TAS":{"price":2,"discountRate":50,"promo":"","orgPrice":4},"ACT":{"price":2,"discountRate":50,"promo":"","orgPrice":4},"NT":{"price":2.1,"discountRate":50,"promo":"","orgPrice":4.2}},"categoryIds":["c-pantry"],"similarProducts":[]},{"id":"kelloggs-nutri-grain-original-bars-6-pack","name":"Nutri-Grain Original Cereal Snack Bars 6 pack","brand":"Kellogg's","imageUrls":["https://shop.coles.com.au/wcsstore/Coles-CAS/images/2/1/3/2133898.jpg"],"storeId":"coles","packageSize":"144g","cupPrice":"$1.39 per 100G","locations":{"VIC":{"price":2,"discountRate":50,"promo":"","orgPrice":4},"SA":{"price":2,"discountRate":50,"promo":"","orgPrice":4},"QLD":{"price":2,"discountRate":50,"promo":"","orgPrice":4},"NSW":{"price":2,"discountRate":50,"promo":"","orgPrice":4},"WA":{"price":2,"discountRate":50,"promo":"","orgPrice":4},"TAS":{"price":2,"discountRate":50,"promo":"","orgPrice":4},"ACT":{"price":2,"discountRate":50,"promo":"","orgPrice":4},"NT":{"price":2.1,"discountRate":50,"promo":"","orgPrice":4.2}},"categoryIds":["c-pantry"],"similarProducts":[]},{"id":"la-espanola-extra-virgin-olive-oil-5833943p","name":"Extra Virgin Olive Oil","brand":"La Espanola","imageUrls":["https://shop.coles.com.au/wcsstore/Coles-CAS/images/5/8/3/5833943.jpg"],"storeId":"coles","packageSize":"500mL","cupPrice":"$0.95 per 100mL","locations":{"VIC":{"price":4.75,"discountRate":50,"promo":"","orgPrice":9.5},"SA":{"price":4.75,"discountRate":50,"promo":"","orgPrice":9.5},"QLD":{"price":4.75,"discountRate":50,"promo":"","orgPrice":9.5},"NSW":{"price":4.75,"discountRate":50,"promo":"","orgPrice":9.5},"WA":{"price":4.75,"discountRate":50,"promo":"","orgPrice":9.5},"TAS":{"price":4.75,"discountRate":50,"promo":"","orgPrice":9.5},"ACT":{"price":4.75,"discountRate":50,"promo":"","orgPrice":9.5},"NT":{"price":4.99,"discountRate":50,"promo":"","orgPrice":9.98}},"categoryIds":["c-pantry"],"similarProducts":[]},{"id":"mutti-pesto-style-orange-stir-throuh-sauce","name":"Pesto Style Stir Through Sauce Orange Tomato","brand":"Mutti","imageUrls":["https://shop.coles.com.au/wcsstore/Coles-CAS/images/3/5/9/3591333.jpg"],"storeId":"coles","packageSize":"280g","cupPrice":"$0.89 per 100G","locations":{"VIC":{"price":2.5,"discountRate":50,"promo":"","orgPrice":5},"SA":{"price":2.5,"discountRate":50,"promo":"","orgPrice":5},"QLD":{"price":2.5,"discountRate":50,"promo":"","orgPrice":5},"NSW":{"price":2.5,"discountRate":50,"promo":"","orgPrice":5},"WA":{"price":2.5,"discountRate":50,"promo":"","orgPrice":5},"TAS":{"price":2.5,"discountRate":50,"promo":"","orgPrice":5},"ACT":{"price":2.5,"discountRate":50,"promo":"","orgPrice":5},"NT":{"price":2.5,"discountRate":52,"promo":"","orgPrice":5.25}},"categoryIds":["c-pantry"],"similarProducts":[]},{"id":"arnotts-dare-biscuit-iced-coffe-slice","name":"Dare Iced Coffee Slice Chocolate Biscuit","brand":"Arnott's","imageUrls":["https://shop.coles.com.au/wcsstore/Coles-CAS/images/3/8/2/3824828.jpg"],"storeId":"coles","packageSize":"185g","cupPrice":"$0.98 per 100G","locations":{"VIC":{"price":1.82,"discountRate":50,"promo":"","orgPrice":3.6500000000000004},"SA":{"price":1.82,"discountRate":50,"promo":"","orgPrice":3.6500000000000004},"QLD":{"price":1.82,"discountRate":50,"promo":"","orgPrice":3.6500000000000004},"NSW":{"price":1.82,"discountRate":50,"promo":"","orgPrice":3.6500000000000004},"WA":{"price":1.82,"discountRate":50,"promo":"","orgPrice":3.6500000000000004},"TAS":{"price":1.82,"discountRate":50,"promo":"","orgPrice":3.6500000000000004},"ACT":{"price":1.82,"discountRate":50,"promo":"","orgPrice":3.6500000000000004},"NT":{"price":1.91,"discountRate":50,"promo":"","orgPrice":3.83}},"categoryIds":["c-pantry"],"similarProducts":[]},{"id":"cadbury-bar-cherry-ripe-dark-ganache","name":"Cherry Ripe Dark Ganache Chocolate Bar","brand":"Cadbury","imageUrls":["https://shop.coles.com.au/wcsstore/Coles-CAS/images/3/3/9/3394241.jpg"],"storeId":"coles","packageSize":"47g","cupPrice":"$1.81 per 100G","locations":{"VIC":{"price":0.85,"discountRate":58,"promo":"","orgPrice":2},"SA":{"price":0.85,"discountRate":58,"promo":"","orgPrice":2},"NSW":{"price":0.85,"discountRate":58,"promo":"","orgPrice":2},"WA":{"price":0.85,"discountRate":58,"promo":"","orgPrice":2},"TAS":{"price":0.85,"discountRate":58,"promo":"","orgPrice":2},"NT":{"price":0.85,"discountRate":60,"promo":"","orgPrice":2.1}},"categoryIds":["c-pantry"],"similarProducts":[]},{"id":"cadbury-sharepack-really-nutty","name":"Really Nutty Sharepack","brand":"Cadbury","imageUrls":["https://shop.coles.com.au/wcsstore/Coles-CAS/images/3/7/3/3738522.jpg"],"storeId":"coles","packageSize":"150g","cupPrice":"$4.00 per 100G","locations":{"VIC":{"price":6,"discountRate":50,"promo":"Any 2 $6","orgPrice":6},"SA":{"price":6,"discountRate":50,"promo":"Any 2 $6","orgPrice":6},"QLD":{"price":6,"discountRate":50,"promo":"Any 2 $6","orgPrice":6},"NSW":{"price":6,"discountRate":50,"promo":"Any 2 $6","orgPrice":6},"WA":{"price":6,"discountRate":50,"promo":"Any 2 $6","orgPrice":6},"TAS":{"price":6,"discountRate":50,"promo":"Any 2 $6","orgPrice":6},"ACT":{"price":6,"discountRate":50,"promo":"Any 2 $6","orgPrice":6},"NT":{"price":6.3,"discountRate":52,"promo":"Any 2 $6","orgPrice":6.3}},"categoryIds":["c-pantry"],"similarProducts":[]},{"id":"cadbury-favourites-game-tin","name":"Favourites Game Tin","brand":"Cadbury","imageUrls":["https://shop.coles.com.au/wcsstore/Coles-CAS/images/3/8/2/3829901.jpg"],"storeId":"coles","packageSize":"700g","cupPrice":"$2.14 per 100G","locations":{"VIC":{"price":15,"discountRate":50,"promo":"","orgPrice":30},"SA":{"price":15,"discountRate":50,"promo":"","orgPrice":30},"QLD":{"price":15,"discountRate":50,"promo":"","orgPrice":30},"WA":{"price":15,"discountRate":50,"promo":"","orgPrice":30},"TAS":{"price":15,"discountRate":50,"promo":"","orgPrice":30},"ACT":{"price":15,"discountRate":50,"promo":"","orgPrice":30},"NT":{"price":15,"discountRate":50,"promo":"","orgPrice":30}},"categoryIds":["c-pantry"],"similarProducts":[]},{"id":"carmans-cranberry-blueberry-oat-slice","name":"Cranberry & Blueberry Oat Slice","brand":"Carman's","imageUrls":["https://shop.coles.com.au/wcsstore/Coles-CAS/images/2/3/9/2392499.jpg"],"storeId":"coles","packageSize":"210g","cupPrice":"$1.43 per 100G","locations":{"VIC":{"price":3,"discountRate":50,"promo":"","orgPrice":6},"SA":{"price":3,"discountRate":50,"promo":"","orgPrice":6},"QLD":{"price":3,"discountRate":50,"promo":"","orgPrice":6},"NSW":{"price":3,"discountRate":50,"promo":"","orgPrice":6},"WA":{"price":3,"discountRate":50,"promo":"","orgPrice":6},"TAS":{"price":3,"discountRate":50,"promo":"","orgPrice":6},"ACT":{"price":3,"discountRate":50,"promo":"","orgPrice":6},"NT":{"price":3.15,"discountRate":50,"promo":"","orgPrice":6.3}},"categoryIds":["c-pantry"],"similarProducts":[]},{"id":"carmans-almond-superseed-vanila-bliss-balls","name":"Almond Super Seed & Vanilla Bliss Balls","brand":"Carman's","imageUrls":["https://shop.coles.com.au/wcsstore/Coles-CAS/images/2/9/1/2913740.jpg"],"storeId":"coles","packageSize":"80g","cupPrice":"$2.44 per 100G","locations":{"VIC":{"price":1.95,"discountRate":57,"promo":"","orgPrice":4.5},"SA":{"price":1.95,"discountRate":57,"promo":"","orgPrice":4.5},"QLD":{"price":1.95,"discountRate":57,"promo":"","orgPrice":4.5},"NSW":{"price":1.95,"discountRate":57,"promo":"","orgPrice":4.5},"WA":{"price":1.95,"discountRate":57,"promo":"","orgPrice":4.5},"TAS":{"price":1.95,"discountRate":57,"promo":"","orgPrice":4.5},"ACT":{"price":1.95,"discountRate":57,"promo":"","orgPrice":4.5},"NT":{"price":1.95,"discountRate":59,"promo":"","orgPrice":4.7299999999999995}},"categoryIds":["c-pantry"],"similarProducts":[]},{"id":"carmans-orange-cacao-poppy-seed-bliss-balls","name":"Orange Cacao & Poppy Seed Bliss Balls","brand":"Carman's","imageUrls":["https://shop.coles.com.au/wcsstore/Coles-CAS/images/2/9/1/2913730.jpg"],"storeId":"coles","packageSize":"80g","cupPrice":"$2.44 per 100G","locations":{"VIC":{"price":1.95,"discountRate":57,"promo":"","orgPrice":4.5},"SA":{"price":1.95,"discountRate":57,"promo":"","orgPrice":4.5},"QLD":{"price":1.95,"discountRate":57,"promo":"","orgPrice":4.5},"NSW":{"price":1.95,"discountRate":57,"promo":"","orgPrice":4.5},"WA":{"price":1.95,"discountRate":57,"promo":"","orgPrice":4.5},"TAS":{"price":1.95,"discountRate":57,"promo":"","orgPrice":4.5},"ACT":{"price":1.95,"discountRate":57,"promo":"","orgPrice":4.5},"NT":{"price":1.95,"discountRate":59,"promo":"","orgPrice":4.7299999999999995}},"categoryIds":["c-pantry"],"similarProducts":[]},{"id":"carmans-gluten-free-salted-caramel-coconut-bliss-balls","name":"Gluten Free Salted Caramel & Coconut Bliss Balls","brand":"Carman's","imageUrls":["https://shop.coles.com.au/wcsstore/Coles-CAS/images/3/3/8/3387847.jpg"],"storeId":"coles","packageSize":"80g","cupPrice":"$2.44 per 100G","locations":{"VIC":{"price":1.95,"discountRate":57,"promo":"","orgPrice":4.5},"SA":{"price":1.95,"discountRate":57,"promo":"","orgPrice":4.5},"QLD":{"price":1.95,"discountRate":57,"promo":"","orgPrice":4.5},"NSW":{"price":1.95,"discountRate":57,"promo":"","orgPrice":4.5},"WA":{"price":1.95,"discountRate":57,"promo":"","orgPrice":4.5},"TAS":{"price":1.95,"discountRate":57,"promo":"","orgPrice":4.5},"ACT":{"price":1.95,"discountRate":57,"promo":"","orgPrice":4.5},"NT":{"price":1.95,"discountRate":59,"promo":"","orgPrice":4.7299999999999995}},"categoryIds":["c-pantry"],"similarProducts":[]},{"id":"carmans-nutty-delights-sticky-date-caramel","name":"Nutty Delights Health Snacks Sticky Date & Caramel","brand":"Carman's","imageUrls":["https://shop.coles.com.au/wcsstore/Coles-CAS/images/3/7/9/3795038.jpg"],"storeId":"coles","packageSize":"160g","cupPrice":"$1.88 per 100G","locations":{"VIC":{"price":3,"discountRate":50,"promo":"","orgPrice":6},"SA":{"price":3,"discountRate":50,"promo":"","orgPrice":6},"QLD":{"price":3,"discountRate":50,"promo":"","orgPrice":6},"NSW":{"price":3,"discountRate":50,"promo":"","orgPrice":6},"WA":{"price":3,"discountRate":50,"promo":"","orgPrice":6},"TAS":{"price":3,"discountRate":50,"promo":"","orgPrice":6},"ACT":{"price":3,"discountRate":50,"promo":"","orgPrice":6},"NT":{"price":3.15,"discountRate":50,"promo":"","orgPrice":6.3}},"categoryIds":["c-pantry"],"similarProducts":[]},{"id":"carmans-nutty-delights-dark-choc-cherry-coconu","name":"Nutty Delights Health Snacks Dark Choc Cherry & Coconut","brand":"Carman's","imageUrls":["https://shop.coles.com.au/wcsstore/Coles-CAS/images/3/7/9/3795027.jpg"],"storeId":"coles","packageSize":"160g","cupPrice":"$1.88 per 100G","locations":{"VIC":{"price":3,"discountRate":50,"promo":"","orgPrice":6},"SA":{"price":3,"discountRate":50,"promo":"","orgPrice":6},"QLD":{"price":3,"discountRate":50,"promo":"","orgPrice":6},"NSW":{"price":3,"discountRate":50,"promo":"","orgPrice":6},"WA":{"price":3,"discountRate":50,"promo":"","orgPrice":6},"TAS":{"price":3,"discountRate":50,"promo":"","orgPrice":6},"ACT":{"price":3,"discountRate":50,"promo":"","orgPrice":6},"NT":{"price":3.15,"discountRate":50,"promo":"","orgPrice":6.3}},"categoryIds":["c-pantry"],"similarProducts":[]},{"id":"darrell-lea-milk-block-pb-j","name":"Milk Chocolate PB&J Block","brand":"Darrell Lea","imageUrls":["https://shop.coles.com.au/wcsstore/Coles-CAS/images/3/7/5/3759680.jpg"],"storeId":"coles","packageSize":"160g","cupPrice":"$1.56 per 100G","locations":{"VIC":{"price":2.5,"discountRate":50,"promo":"","orgPrice":5},"SA":{"price":2.5,"discountRate":50,"promo":"","orgPrice":5},"QLD":{"price":2.5,"discountRate":50,"promo":"","orgPrice":5},"NSW":{"price":2.5,"discountRate":50,"promo":"","orgPrice":5},"WA":{"price":2.5,"discountRate":50,"promo":"","orgPrice":5},"TAS":{"price":2.5,"discountRate":50,"promo":"","orgPrice":5},"ACT":{"price":2.5,"discountRate":50,"promo":"","orgPrice":5},"NT":{"price":2.62,"discountRate":50,"promo":"","orgPrice":5.25}},"categoryIds":["c-pantry"],"similarProducts":[]},{"id":"darrell-lea-milk-block-caramel-craving","name":"Caramel Craving Milk Block","brand":"Darrell Lea","imageUrls":["https://shop.coles.com.au/wcsstore/Coles-CAS/images/3/7/5/3759657.jpg"],"storeId":"coles","packageSize":"180g","cupPrice":"$1.39 per 100G","locations":{"VIC":{"price":2.5,"discountRate":50,"promo":"","orgPrice":5},"SA":{"price":2.5,"discountRate":50,"promo":"","orgPrice":5},"QLD":{"price":2.5,"discountRate":50,"promo":"","orgPrice":5},"NSW":{"price":2.5,"discountRate":50,"promo":"","orgPrice":5},"WA":{"price":2.5,"discountRate":50,"promo":"","orgPrice":5},"TAS":{"price":2.5,"discountRate":50,"promo":"","orgPrice":5},"ACT":{"price":2.5,"discountRate":50,"promo":"","orgPrice":5},"NT":{"price":2.62,"discountRate":50,"promo":"","orgPrice":5.25}},"categoryIds":["c-pantry"],"similarProducts":[]},{"id":"europe-bars-summer-roll","name":"Summer Roll","brand":"Europe","imageUrls":["https://shop.coles.com.au/wcsstore/Coles-CAS/images/6/7/8/67861.jpg"],"storeId":"coles","packageSize":"40g","cupPrice":"$2.13 per 100G","locations":{"VIC":{"price":0.85,"discountRate":58,"promo":"","orgPrice":2},"SA":{"price":0.85,"discountRate":58,"promo":"","orgPrice":2},"QLD":{"price":0.85,"discountRate":58,"promo":"","orgPrice":2},"NSW":{"price":0.85,"discountRate":58,"promo":"","orgPrice":2},"WA":{"price":0.85,"discountRate":58,"promo":"","orgPrice":2},"TAS":{"price":0.85,"discountRate":58,"promo":"","orgPrice":2},"ACT":{"price":0.85,"discountRate":58,"promo":"","orgPrice":2},"NT":{"price":0.85,"discountRate":60,"promo":"","orgPrice":2.1}},"categoryIds":["c-pantry"],"similarProducts":[]},{"id":"ferrero-rocher-heart","name":"Heart","brand":"Ferrero Rocher","imageUrls":["https://shop.coles.com.au/wcsstore/Coles-CAS/images/3/1/3/3136483.jpg"],"storeId":"coles","packageSize":"100g","cupPrice":"$6.00 per 100G","locations":{"VIC":{"price":6,"discountRate":50,"promo":"","orgPrice":12},"NSW":{"price":6,"discountRate":50,"promo":"","orgPrice":12},"TAS":{"price":6,"discountRate":50,"promo":"","orgPrice":12}},"categoryIds":["c-pantry"],"similarProducts":[]},{"id":"fulfil-protein-bar-choc-mint","name":"Milk Chocolate And Mint Flavour Vitamin And Protein Bar","brand":"Fulfil","imageUrls":["https://shop.coles.com.au/wcsstore/Coles-CAS/images/3/1/2/3129218.jpg"],"storeId":"coles","packageSize":"55g","cupPrice":"$3.64 per 100G","locations":{"VIC":{"price":2,"discountRate":50,"promo":"","orgPrice":4},"SA":{"price":2,"discountRate":50,"promo":"","orgPrice":4},"QLD":{"price":2,"discountRate":50,"promo":"","orgPrice":4},"NSW":{"price":2,"discountRate":50,"promo":"","orgPrice":4},"WA":{"price":2,"discountRate":50,"promo":"","orgPrice":4},"TAS":{"price":2,"discountRate":50,"promo":"","orgPrice":4},"ACT":{"price":2,"discountRate":50,"promo":"","orgPrice":4},"NT":{"price":2.1,"discountRate":50,"promo":"","orgPrice":4.2}},"categoryIds":["c-pantry","c-healthy-living"],"similarProducts":[]},{"id":"fulfil-protein-bar-peanut-caramel","name":"Vitamin & Protein Bar Peanut & Caramel Flavour","brand":"Fulfil","imageUrls":["https://shop.coles.com.au/wcsstore/Coles-CAS/images/3/1/2/3129240.jpg"],"storeId":"coles","packageSize":"55g","cupPrice":"$3.64 per 100G","locations":{"VIC":{"price":2,"discountRate":50,"promo":"","orgPrice":4},"SA":{"price":2,"discountRate":50,"promo":"","orgPrice":4},"QLD":{"price":2,"discountRate":50,"promo":"","orgPrice":4},"NSW":{"price":2,"discountRate":50,"promo":"","orgPrice":4},"WA":{"price":2,"discountRate":50,"promo":"","orgPrice":4},"TAS":{"price":2,"discountRate":50,"promo":"","orgPrice":4},"ACT":{"price":2,"discountRate":50,"promo":"","orgPrice":4},"NT":{"price":2.1,"discountRate":50,"promo":"","orgPrice":4.2}},"categoryIds":["c-pantry","c-healthy-living"],"similarProducts":[]},{"id":"kelloggs-lcms--rice-bubbles-choc-chip","name":"LCMs Choc Chip Puffed Rice Snack Bars 6 pack","brand":"Kellogg's","imageUrls":["https://shop.coles.com.au/wcsstore/Coles-CAS/images/6/9/2/6920908.jpg"],"storeId":"coles","packageSize":"132g","cupPrice":"$1.52 per 100G","locations":{"VIC":{"price":2,"discountRate":50,"promo":"","orgPrice":4},"SA":{"price":2,"discountRate":50,"promo":"","orgPrice":4},"QLD":{"price":2,"discountRate":50,"promo":"","orgPrice":4},"NSW":{"price":2,"discountRate":50,"promo":"","orgPrice":4},"WA":{"price":2,"discountRate":50,"promo":"","orgPrice":4},"TAS":{"price":2,"discountRate":50,"promo":"","orgPrice":4},"ACT":{"price":2,"discountRate":50,"promo":"","orgPrice":4},"NT":{"price":2.1,"discountRate":50,"promo":"","orgPrice":4.2}},"categoryIds":["c-pantry"],"similarProducts":[]},{"id":"kelloggs-lcms-split-stix-chocolatey-rice-bubbles","name":"LCMs Chocolatey Split Stix Puffed Rice Breakfast Cereal Bars 6 pack","brand":"Kellogg's","imageUrls":["https://shop.coles.com.au/wcsstore/Coles-CAS/images/6/6/4/6642816.jpg"],"storeId":"coles","packageSize":"138g","cupPrice":"$1.45 per 100G","locations":{"VIC":{"price":2,"discountRate":50,"promo":"","orgPrice":4},"SA":{"price":2,"discountRate":50,"promo":"","orgPrice":4},"QLD":{"price":2,"discountRate":50,"promo":"","orgPrice":4},"NSW":{"price":2,"discountRate":50,"promo":"","orgPrice":4},"WA":{"price":2,"discountRate":50,"promo":"","orgPrice":4},"TAS":{"price":2,"discountRate":50,"promo":"","orgPrice":4},"ACT":{"price":2,"discountRate":50,"promo":"","orgPrice":4},"NT":{"price":2.1,"discountRate":50,"promo":"","orgPrice":4.2}},"categoryIds":["c-pantry"],"similarProducts":[]},{"id":"kelloggs-bars-crunchy-nut-nutty-peanut-6-pack","name":"Peanut Crunchy Nut Bars 6 pack","brand":"Kellogg's","imageUrls":["https://shop.coles.com.au/wcsstore/Coles-CAS/images/5/6/8/5682917.jpg"],"storeId":"coles","packageSize":"180g","cupPrice":"$1.39 per 100G","locations":{"VIC":{"price":2.5,"discountRate":50,"promo":"","orgPrice":5},"SA":{"price":2.5,"discountRate":50,"promo":"","orgPrice":5},"QLD":{"price":2.5,"discountRate":50,"promo":"","orgPrice":5},"NSW":{"price":2.5,"discountRate":50,"promo":"","orgPrice":5},"WA":{"price":2.5,"discountRate":50,"promo":"","orgPrice":5},"TAS":{"price":2.5,"discountRate":50,"promo":"","orgPrice":5},"ACT":{"price":2.5,"discountRate":50,"promo":"","orgPrice":5},"NT":{"price":2.62,"discountRate":50,"promo":"","orgPrice":5.25}},"categoryIds":["c-pantry"],"similarProducts":[]},{"id":"kelloggs-lcms-coco-pops-6pk","name":"LCMs Coco Pops Chocolatey Puffed Rice Snack Bars 6 pack","brand":"Kellogg's","imageUrls":["https://shop.coles.com.au/wcsstore/Coles-CAS/images/3/0/2/3022043.jpg"],"storeId":"coles","packageSize":"132g","cupPrice":"$1.52 per 100G","locations":{"VIC":{"price":2,"discountRate":50,"promo":"","orgPrice":4},"SA":{"price":2,"discountRate":50,"promo":"","orgPrice":4},"QLD":{"price":2,"discountRate":50,"promo":"","orgPrice":4},"NSW":{"price":2,"discountRate":50,"promo":"","orgPrice":4},"WA":{"price":2,"discountRate":50,"promo":"","orgPrice":4},"TAS":{"price":2,"discountRate":50,"promo":"","orgPrice":4},"ACT":{"price":2,"discountRate":50,"promo":"","orgPrice":4},"NT":{"price":2.1,"discountRate":50,"promo":"","orgPrice":4.2}},"categoryIds":["c-pantry"],"similarProducts":[]},{"id":"kelloggs-lcms-unicorn","name":"LCMs Unicorn Puffed Rice Snack Bars 6 pack","brand":"Kellogg's","imageUrls":["https://shop.coles.com.au/wcsstore/Coles-CAS/images/3/3/9/3390499.jpg"],"storeId":"coles","packageSize":"132g","cupPrice":"$1.52 per 100G","locations":{"VIC":{"price":2,"discountRate":50,"promo":"","orgPrice":4},"SA":{"price":2,"discountRate":50,"promo":"","orgPrice":4},"QLD":{"price":2,"discountRate":50,"promo":"","orgPrice":4},"NSW":{"price":2,"discountRate":50,"promo":"","orgPrice":4},"WA":{"price":2,"discountRate":50,"promo":"","orgPrice":4},"TAS":{"price":2,"discountRate":50,"promo":"","orgPrice":4},"ACT":{"price":2,"discountRate":50,"promo":"","orgPrice":4},"NT":{"price":2.1,"discountRate":50,"promo":"","orgPrice":4.2}},"categoryIds":["c-pantry"],"similarProducts":[]},{"id":"kelloggs-cereal-variety-pack-nutri-grain","name":"Nutri-Grain To Go Breakfast Cereal 6 Pack","brand":"Kellogg's","imageUrls":["https://shop.coles.com.au/wcsstore/Coles-CAS/images/3/5/1/3515776.jpg"],"storeId":"coles","packageSize":"240g","cupPrice":"$1.35 per 100G","locations":{"VIC":{"price":3.25,"discountRate":50,"promo":"","orgPrice":6.5},"SA":{"price":3.25,"discountRate":50,"promo":"","orgPrice":6.5},"QLD":{"price":3.25,"discountRate":50,"promo":"","orgPrice":6.5},"NSW":{"price":3.25,"discountRate":50,"promo":"","orgPrice":6.5},"WA":{"price":3.25,"discountRate":50,"promo":"","orgPrice":6.5},"TAS":{"price":3.25,"discountRate":50,"promo":"","orgPrice":6.5},"ACT":{"price":3.25,"discountRate":50,"promo":"","orgPrice":6.5},"NT":{"price":3.41,"discountRate":50,"promo":"","orgPrice":6.83}},"categoryIds":["c-pantry"],"similarProducts":[]},{"id":"kelloggs-lcms-dino","name":"LCMs Dino Puffed Rice Breakfast Cereal Bars 6 pack","brand":"Kellogg's","imageUrls":["https://shop.coles.com.au/wcsstore/Coles-CAS/images/3/5/8/3583164.jpg"],"storeId":"coles","packageSize":"132g","cupPrice":"$1.52 per 100G","locations":{"VIC":{"price":2,"discountRate":50,"promo":"","orgPrice":4},"SA":{"price":2,"discountRate":50,"promo":"","orgPrice":4},"QLD":{"price":2,"discountRate":50,"promo":"","orgPrice":4},"NSW":{"price":2,"discountRate":50,"promo":"","orgPrice":4},"WA":{"price":2,"discountRate":50,"promo":"","orgPrice":4},"TAS":{"price":2,"discountRate":50,"promo":"","orgPrice":4},"ACT":{"price":2,"discountRate":50,"promo":"","orgPrice":4},"NT":{"price":2.1,"discountRate":50,"promo":"","orgPrice":4.2}},"categoryIds":["c-pantry"],"similarProducts":[]},{"id":"kelloggs-k-time-breaks-raspberry-chocolate","name":"K-Time Choc & Raspberry Flavour Soft Baked Breaks 5 pack","brand":"Kellogg's","imageUrls":["https://shop.coles.com.au/wcsstore/Coles-CAS/images/3/6/1/3618418.jpg"],"storeId":"coles","packageSize":"185g","cupPrice":"$1.08 per 100G","locations":{"VIC":{"price":2,"discountRate":50,"promo":"","orgPrice":4},"SA":{"price":2,"discountRate":50,"promo":"","orgPrice":4},"QLD":{"price":2,"discountRate":50,"promo":"","orgPrice":4},"NSW":{"price":2,"discountRate":50,"promo":"","orgPrice":4},"WA":{"price":2,"discountRate":50,"promo":"","orgPrice":4},"TAS":{"price":2,"discountRate":50,"promo":"","orgPrice":4},"ACT":{"price":2,"discountRate":50,"promo":"","orgPrice":4},"NT":{"price":2.1,"discountRate":50,"promo":"","orgPrice":4.2}},"categoryIds":["c-pantry"],"similarProducts":[]},{"id":"kellogg-s-k-time-soft-baked-bites-apple-165g","name":"K-Time Soft Baked Bites Apple","brand":"Kellogg's","imageUrls":["https://shop.coles.com.au/wcsstore/Coles-CAS/images/3/7/9/3790850.jpg"],"storeId":"coles","packageSize":"165g","cupPrice":"$1.21 per 100G","locations":{"VIC":{"price":2,"discountRate":50,"promo":"","orgPrice":4},"SA":{"price":2,"discountRate":50,"promo":"","orgPrice":4},"QLD":{"price":2,"discountRate":50,"promo":"","orgPrice":4},"NSW":{"price":2,"discountRate":50,"promo":"","orgPrice":4},"WA":{"price":2,"discountRate":50,"promo":"","orgPrice":4},"TAS":{"price":2,"discountRate":50,"promo":"","orgPrice":4},"ACT":{"price":2,"discountRate":50,"promo":"","orgPrice":4},"NT":{"price":2.1,"discountRate":50,"promo":"","orgPrice":4.2}},"categoryIds":["c-pantry"],"similarProducts":[]},{"id":"kellogg-s-k-time-soft-baked-bites-strawberry","name":"K-Time Soft Baked Bites Strawberry","brand":"Kellogg's","imageUrls":["https://shop.coles.com.au/wcsstore/Coles-CAS/images/3/7/8/3788644.jpg"],"storeId":"coles","packageSize":"165g","cupPrice":"$1.21 per 100G","locations":{"VIC":{"price":2,"discountRate":50,"promo":"","orgPrice":4},"SA":{"price":2,"discountRate":50,"promo":"","orgPrice":4},"QLD":{"price":2,"discountRate":50,"promo":"","orgPrice":4},"NSW":{"price":2,"discountRate":50,"promo":"","orgPrice":4},"WA":{"price":2,"discountRate":50,"promo":"","orgPrice":4},"TAS":{"price":2,"discountRate":50,"promo":"","orgPrice":4},"ACT":{"price":2,"discountRate":50,"promo":"","orgPrice":4},"NT":{"price":2.1,"discountRate":50,"promo":"","orgPrice":4.2}},"categoryIds":["c-pantry"],"similarProducts":[]},{"id":"kellogs-pop-tarts-chocotastic-384g","name":"Pop Tarts Chocotastic","brand":"Kellogg's","imageUrls":["https://shop.coles.com.au/wcsstore/Coles-CAS/images/3/7/9/3790500.jpg"],"storeId":"coles","packageSize":"384g","cupPrice":"$0.65 per 100G","locations":{"VIC":{"price":2.5,"discountRate":50,"promo":"","orgPrice":5},"SA":{"price":2.5,"discountRate":50,"promo":"","orgPrice":5},"QLD":{"price":2.5,"discountRate":50,"promo":"","orgPrice":5},"NSW":{"price":2.5,"discountRate":50,"promo":"","orgPrice":5},"WA":{"price":2.5,"discountRate":50,"promo":"","orgPrice":5},"TAS":{"price":2.5,"discountRate":50,"promo":"","orgPrice":5},"ACT":{"price":2.5,"discountRate":50,"promo":"","orgPrice":5},"NT":{"price":2.62,"discountRate":50,"promo":"","orgPrice":5.25}},"categoryIds":["c-pantry"],"similarProducts":[]},{"id":"la-espanola-olive-oil-mild-light","name":"Olive Oil Light","brand":"La Espanola","imageUrls":["https://shop.coles.com.au/wcsstore/Coles-CAS/images/5/8/3/5833477.jpg"],"storeId":"coles","packageSize":"500mL","cupPrice":"$0.95 per 100mL","locations":{"VIC":{"price":4.75,"discountRate":50,"promo":"","orgPrice":9.5},"SA":{"price":4.75,"discountRate":50,"promo":"","orgPrice":9.5},"QLD":{"price":4.75,"discountRate":50,"promo":"","orgPrice":9.5},"NSW":{"price":4.75,"discountRate":50,"promo":"","orgPrice":9.5},"WA":{"price":4.75,"discountRate":50,"promo":"","orgPrice":9.5},"TAS":{"price":4.75,"discountRate":50,"promo":"","orgPrice":9.5},"ACT":{"price":4.75,"discountRate":50,"promo":"","orgPrice":9.5},"NT":{"price":4.99,"discountRate":50,"promo":"","orgPrice":9.98}},"categoryIds":["c-pantry"],"similarProducts":[]},{"id":"lindt-lindor-chocolate-balls-milk-chocolate-gift-box","name":"Lindor Milk Chocolate Balls Gift Box","brand":"Lindt","imageUrls":["https://shop.coles.com.au/wcsstore/Coles-CAS/images/8/7/3/8731236.jpg"],"storeId":"coles","packageSize":"235g","cupPrice":"$4.26 per 100G","categoryIds":["c-pantry"],"similarProducts":[],"locations":{"ALL":{"price":10,"discountRate":50,"promo":"","orgPrice":20}}},{"id":"lipton-real-iced-tea-gren-tea-peppermint","name":"Real Iced Tea Green Tea With Peppermint","brand":"Lipton","imageUrls":["https://shop.coles.com.au/wcsstore/Coles-CAS/images/3/7/1/3712733.jpg"],"storeId":"coles","packageSize":"15 pack","cupPrice":"$0.18 per 1Ea","locations":{"VIC":{"price":2.75,"discountRate":50,"promo":"","orgPrice":5.5},"SA":{"price":2.75,"discountRate":50,"promo":"","orgPrice":5.5},"QLD":{"price":2.75,"discountRate":50,"promo":"","orgPrice":5.5},"NSW":{"price":2.75,"discountRate":50,"promo":"","orgPrice":5.5},"WA":{"price":2.75,"discountRate":50,"promo":"","orgPrice":5.5},"TAS":{"price":2.75,"discountRate":50,"promo":"","orgPrice":5.5},"ACT":{"price":2.75,"discountRate":50,"promo":"","orgPrice":5.5},"NT":{"price":2.89,"discountRate":50,"promo":"","orgPrice":5.78}},"categoryIds":["c-pantry","c-drinks"],"similarProducts":[]},{"id":"lipton-real-iced-tea-black-tea-peach-apricot","name":"Real Iced Tea Black Tea Peach & Apricot","brand":"Lipton","imageUrls":["https://shop.coles.com.au/wcsstore/Coles-CAS/images/3/7/1/3712722.jpg"],"storeId":"coles","packageSize":"15 pack","cupPrice":"$0.18 per 1Ea","locations":{"VIC":{"price":2.75,"discountRate":50,"promo":"","orgPrice":5.5},"SA":{"price":2.75,"discountRate":50,"promo":"","orgPrice":5.5},"QLD":{"price":2.75,"discountRate":50,"promo":"","orgPrice":5.5},"NSW":{"price":2.75,"discountRate":50,"promo":"","orgPrice":5.5},"WA":{"price":2.75,"discountRate":50,"promo":"","orgPrice":5.5},"TAS":{"price":2.75,"discountRate":50,"promo":"","orgPrice":5.5},"ACT":{"price":2.75,"discountRate":50,"promo":"","orgPrice":5.5},"NT":{"price":2.89,"discountRate":50,"promo":"","orgPrice":5.78}},"categoryIds":["c-pantry","c-drinks"],"similarProducts":[]},{"id":"lipton-real-iced-tea-gren-tea-rose-eldflwer","name":"Real Iced Tea Green Tea Rose & Elderflower","brand":"Lipton","imageUrls":["https://shop.coles.com.au/wcsstore/Coles-CAS/images/3/7/1/3712347.jpg"],"storeId":"coles","packageSize":"15 pack","cupPrice":"$0.18 per 1Ea","locations":{"VIC":{"price":2.75,"discountRate":50,"promo":"","orgPrice":5.5},"SA":{"price":2.75,"discountRate":50,"promo":"","orgPrice":5.5},"QLD":{"price":2.75,"discountRate":50,"promo":"","orgPrice":5.5},"NSW":{"price":2.75,"discountRate":50,"promo":"","orgPrice":5.5},"WA":{"price":2.75,"discountRate":50,"promo":"","orgPrice":5.5},"TAS":{"price":2.75,"discountRate":50,"promo":"","orgPrice":5.5},"ACT":{"price":2.75,"discountRate":50,"promo":"","orgPrice":5.5},"NT":{"price":2.89,"discountRate":50,"promo":"","orgPrice":5.78}},"categoryIds":["c-pantry","c-drinks"],"similarProducts":[]},{"id":"lipton-real-iced-tea-black-tea-strawbry-rhubar","name":"Real Iced Tea Black Tea Strawberry Rhubarb","brand":"Lipton","imageUrls":["https://shop.coles.com.au/wcsstore/Coles-CAS/images/3/7/0/3709331.jpg"],"storeId":"coles","packageSize":"15 pack","cupPrice":"$0.18 per 1Ea","locations":{"VIC":{"price":2.75,"discountRate":50,"promo":"","orgPrice":5.5},"SA":{"price":2.75,"discountRate":50,"promo":"","orgPrice":5.5},"QLD":{"price":2.75,"discountRate":50,"promo":"","orgPrice":5.5},"NSW":{"price":2.75,"discountRate":50,"promo":"","orgPrice":5.5},"WA":{"price":2.75,"discountRate":50,"promo":"","orgPrice":5.5},"TAS":{"price":2.75,"discountRate":50,"promo":"","orgPrice":5.5},"ACT":{"price":2.75,"discountRate":50,"promo":"","orgPrice":5.5},"NT":{"price":2.89,"discountRate":50,"promo":"","orgPrice":5.78}},"categoryIds":["c-pantry","c-drinks"],"similarProducts":[]},{"id":"naturopathica-fat-blaster-max-tablets","name":"Fat Blaster Max Tablets","brand":"Naturopathica","imageUrls":["https://shop.coles.com.au/wcsstore/Coles-CAS/images/4/3/4/4341819.jpg"],"storeId":"coles","packageSize":"60 pack","cupPrice":"$33.33 per 100Ea","locations":{"VIC":{"price":20,"discountRate":50,"promo":"","orgPrice":40},"SA":{"price":20,"discountRate":50,"promo":"","orgPrice":40},"QLD":{"price":20,"discountRate":50,"promo":"","orgPrice":40},"NSW":{"price":20,"discountRate":50,"promo":"","orgPrice":40},"WA":{"price":20,"discountRate":50,"promo":"","orgPrice":40},"TAS":{"price":20,"discountRate":50,"promo":"","orgPrice":40},"ACT":{"price":20,"discountRate":50,"promo":"","orgPrice":40},"NT":{"price":21,"discountRate":50,"promo":"","orgPrice":42}},"categoryIds":["c-pantry","c-healthy-living"],"similarProducts":[]},{"id":"naturopathica-fat-blaster-garciniamax-supplement","name":"Fat Blaster Garcinia Max Supplement","brand":"Naturopathica","imageUrls":["https://shop.coles.com.au/wcsstore/Coles-CAS/images/2/0/1/2015723.jpg"],"storeId":"coles","packageSize":"60 pack","cupPrice":"$0.25 per 1Ea","locations":{"VIC":{"price":15,"discountRate":50,"promo":"","orgPrice":30},"SA":{"price":15,"discountRate":50,"promo":"","orgPrice":30},"QLD":{"price":15,"discountRate":50,"promo":"","orgPrice":30},"NSW":{"price":15,"discountRate":50,"promo":"","orgPrice":30},"WA":{"price":15,"discountRate":50,"promo":"","orgPrice":30},"TAS":{"price":15,"discountRate":50,"promo":"","orgPrice":30},"ACT":{"price":15,"discountRate":50,"promo":"","orgPrice":30},"NT":{"price":15.75,"discountRate":50,"promo":"","orgPrice":31.5}},"categoryIds":["c-pantry","c-healthy-living"],"similarProducts":[]},{"id":"naturopathica-fat-blaster-less-sugar-choc-shake","name":"Fat Blaster Less Sugar Chocolate Shake","brand":"Naturopathica","imageUrls":["https://shop.coles.com.au/wcsstore/Coles-CAS/images/3/1/3/3139186.jpg"],"storeId":"coles","packageSize":"430g","cupPrice":"$2.33 per 100G","locations":{"VIC":{"price":10,"discountRate":50,"promo":"","orgPrice":20},"SA":{"price":10,"discountRate":50,"promo":"","orgPrice":20},"QLD":{"price":10,"discountRate":50,"promo":"","orgPrice":20},"NSW":{"price":10,"discountRate":50,"promo":"","orgPrice":20},"WA":{"price":10,"discountRate":50,"promo":"","orgPrice":20},"TAS":{"price":10,"discountRate":50,"promo":"","orgPrice":20},"ACT":{"price":10,"discountRate":50,"promo":"","orgPrice":20},"NT":{"price":10.5,"discountRate":50,"promo":"","orgPrice":21}},"categoryIds":["c-pantry","c-healthy-living"],"similarProducts":[]},{"id":"naturopathica--fat-blaster-30-less-sugar-raspberry-ripple-shake","name":"Fat Blaster 30% Less Sugar Raspberry Ripple Shake","brand":"Naturopathica","imageUrls":["https://shop.coles.com.au/wcsstore/Coles-CAS/images/3/1/3/3139222.jpg"],"storeId":"coles","packageSize":"430g","cupPrice":"$2.33 per 100G","locations":{"VIC":{"price":10,"discountRate":50,"promo":"","orgPrice":20},"SA":{"price":10,"discountRate":50,"promo":"","orgPrice":20},"QLD":{"price":10,"discountRate":50,"promo":"","orgPrice":20},"NSW":{"price":10,"discountRate":50,"promo":"","orgPrice":20},"WA":{"price":10,"discountRate":50,"promo":"","orgPrice":20},"TAS":{"price":10,"discountRate":50,"promo":"","orgPrice":20},"ACT":{"price":10,"discountRate":50,"promo":"","orgPrice":20},"NT":{"price":10.5,"discountRate":50,"promo":"","orgPrice":21}},"categoryIds":["c-pantry","c-healthy-living"],"similarProducts":[]},{"id":"naturopathica-fat-blaster-30-less-sugar-mocha-shake","name":"Fat Blaster 30% Less Sugar Mocha Shake","brand":"Naturopathica","imageUrls":["https://shop.coles.com.au/wcsstore/Coles-CAS/images/3/1/3/3139211.jpg"],"storeId":"coles","packageSize":"430g","cupPrice":"$2.33 per 100G","locations":{"VIC":{"price":10,"discountRate":50,"promo":"","orgPrice":20},"SA":{"price":10,"discountRate":50,"promo":"","orgPrice":20},"QLD":{"price":10,"discountRate":50,"promo":"","orgPrice":20},"NSW":{"price":10,"discountRate":50,"promo":"","orgPrice":20},"WA":{"price":10,"discountRate":50,"promo":"","orgPrice":20},"TAS":{"price":10,"discountRate":50,"promo":"","orgPrice":20},"ACT":{"price":10,"discountRate":50,"promo":"","orgPrice":20},"NT":{"price":10.5,"discountRate":50,"promo":"","orgPrice":21}},"categoryIds":["c-pantry","c-healthy-living"],"similarProducts":[]},{"id":"naturopathica-fat-blaster-less-sugar-vanilla-shake","name":"Fat Blaster Less Sugar Vanilla Shake","brand":"Naturopathica","imageUrls":["https://shop.coles.com.au/wcsstore/Coles-CAS/images/3/1/3/3139200.jpg"],"storeId":"coles","packageSize":"430g","cupPrice":"$2.33 per 100G","locations":{"VIC":{"price":10,"discountRate":50,"promo":"","orgPrice":20},"SA":{"price":10,"discountRate":50,"promo":"","orgPrice":20},"QLD":{"price":10,"discountRate":50,"promo":"","orgPrice":20},"NSW":{"price":10,"discountRate":50,"promo":"","orgPrice":20},"WA":{"price":10,"discountRate":50,"promo":"","orgPrice":20},"TAS":{"price":10,"discountRate":50,"promo":"","orgPrice":20},"ACT":{"price":10,"discountRate":50,"promo":"","orgPrice":20},"NT":{"price":10.5,"discountRate":50,"promo":"","orgPrice":21}},"categoryIds":["c-pantry","c-healthy-living"],"similarProducts":[]},{"id":"naturopathica-fat-blaster-keto-fit-choc-shake","name":"Fat Blaster Chocolate Flavour Keto Fit Protein Shake Mix","brand":"Naturopathica","imageUrls":["https://shop.coles.com.au/wcsstore/Coles-CAS/images/3/4/7/3478046.jpg"],"storeId":"coles","packageSize":"300g","cupPrice":"$5.00 per 100G","locations":{"VIC":{"price":15,"discountRate":50,"promo":"","orgPrice":30},"SA":{"price":15,"discountRate":50,"promo":"","orgPrice":30},"QLD":{"price":15,"discountRate":50,"promo":"","orgPrice":30},"NSW":{"price":15,"discountRate":50,"promo":"","orgPrice":30},"WA":{"price":15,"discountRate":50,"promo":"","orgPrice":30},"TAS":{"price":15,"discountRate":50,"promo":"","orgPrice":30},"ACT":{"price":15,"discountRate":50,"promo":"","orgPrice":30},"NT":{"price":15.75,"discountRate":50,"promo":"","orgPrice":31.5}},"categoryIds":["c-pantry","c-healthy-living"],"similarProducts":[]},{"id":"peckish-puff-bites-rice-snacks-soy-chicken","name":"Gluten Free Puff Bites Rice Snacks Soy Chicken","brand":"Peckish","imageUrls":["https://shop.coles.com.au/wcsstore/Coles-CAS/images/3/4/6/3468585.jpg"],"storeId":"coles","packageSize":"80g","cupPrice":"$1.56 per 100G","locations":{"VIC":{"price":1.25,"discountRate":50,"promo":"","orgPrice":2.5},"SA":{"price":1.25,"discountRate":50,"promo":"","orgPrice":2.5},"QLD":{"price":1.25,"discountRate":50,"promo":"","orgPrice":2.5},"NSW":{"price":1.25,"discountRate":50,"promo":"","orgPrice":2.5},"WA":{"price":1.25,"discountRate":50,"promo":"","orgPrice":2.5},"TAS":{"price":1.25,"discountRate":50,"promo":"","orgPrice":2.5},"ACT":{"price":1.25,"discountRate":50,"promo":"","orgPrice":2.5},"NT":{"price":1.31,"discountRate":50,"promo":"","orgPrice":2.63}},"categoryIds":["c-pantry"],"similarProducts":[]},{"id":"peckish-fancies-rice-cracker-tomato-basil","name":"Gluten Free Fancies Vine Tomatoes & Basil Rice Crackers","brand":"Peckish","imageUrls":["https://shop.coles.com.au/wcsstore/Coles-CAS/images/3/4/6/3468519.jpg"],"storeId":"coles","packageSize":"90g","cupPrice":"$1.56 per 100G","locations":{"VIC":{"price":1.4,"discountRate":50,"promo":"","orgPrice":2.8},"SA":{"price":1.4,"discountRate":50,"promo":"","orgPrice":2.8},"QLD":{"price":1.4,"discountRate":50,"promo":"","orgPrice":2.8},"NSW":{"price":1.4,"discountRate":50,"promo":"","orgPrice":2.8},"WA":{"price":1.4,"discountRate":50,"promo":"","orgPrice":2.8},"ACT":{"price":1.4,"discountRate":50,"promo":"","orgPrice":2.8},"NT":{"price":1.47,"discountRate":50,"promo":"","orgPrice":2.94}},"categoryIds":["c-pantry"],"similarProducts":[]},{"id":"peckish-fancies-rice-cracker-parmesn-herb","name":"Fancies Parmesan & Herbs Rice Crackers","brand":"Peckish","imageUrls":["https://shop.coles.com.au/wcsstore/Coles-CAS/images/3/4/6/3468520.jpg"],"storeId":"coles","packageSize":"90g","cupPrice":"$1.56 per 100G","locations":{"VIC":{"price":1.4,"discountRate":50,"promo":"","orgPrice":2.8},"SA":{"price":1.4,"discountRate":50,"promo":"","orgPrice":2.8},"QLD":{"price":1.4,"discountRate":50,"promo":"","orgPrice":2.8},"NSW":{"price":1.4,"discountRate":50,"promo":"","orgPrice":2.8},"WA":{"price":1.4,"discountRate":50,"promo":"","orgPrice":2.8},"TAS":{"price":1.4,"discountRate":50,"promo":"","orgPrice":2.8},"ACT":{"price":1.4,"discountRate":50,"promo":"","orgPrice":2.8},"NT":{"price":1.47,"discountRate":50,"promo":"","orgPrice":2.94}},"categoryIds":["c-pantry"],"similarProducts":[]},{"id":"peckish-puff-bites-rice-snacks-salt-vinegar","name":"Puff Bites Rice Snacks Salt Vinegar","brand":"Peckish","imageUrls":["https://shop.coles.com.au/wcsstore/Coles-CAS/images/3/7/6/3763304.jpg"],"storeId":"coles","packageSize":"","cupPrice":"","locations":{"VIC":{"price":1.25,"discountRate":50,"promo":"","orgPrice":2.5},"SA":{"price":1.25,"discountRate":50,"promo":"","orgPrice":2.5},"QLD":{"price":1.25,"discountRate":50,"promo":"","orgPrice":2.5},"NSW":{"price":1.25,"discountRate":50,"promo":"","orgPrice":2.5},"WA":{"price":1.25,"discountRate":50,"promo":"","orgPrice":2.5},"TAS":{"price":1.25,"discountRate":50,"promo":"","orgPrice":2.5},"ACT":{"price":1.25,"discountRate":50,"promo":"","orgPrice":2.5},"NT":{"price":1.31,"discountRate":50,"promo":"","orgPrice":2.63}},"categoryIds":["c-pantry"],"similarProducts":[]},{"id":"peckish-fancies-rice-crackers-honey-soy","name":"Fancies Rice Crackers Honey & Soy","brand":"Peckish","imageUrls":["https://shop.coles.com.au/wcsstore/Coles-CAS/images/3/7/6/3763235.jpg"],"storeId":"coles","packageSize":"","cupPrice":"","locations":{"VIC":{"price":1.4,"discountRate":50,"promo":"","orgPrice":2.8},"SA":{"price":1.4,"discountRate":50,"promo":"","orgPrice":2.8},"QLD":{"price":1.4,"discountRate":50,"promo":"","orgPrice":2.8},"NSW":{"price":1.4,"discountRate":50,"promo":"","orgPrice":2.8},"WA":{"price":1.4,"discountRate":50,"promo":"","orgPrice":2.8},"TAS":{"price":1.4,"discountRate":50,"promo":"","orgPrice":2.8},"ACT":{"price":1.4,"discountRate":50,"promo":"","orgPrice":2.8},"NT":{"price":1.47,"discountRate":48,"promo":"","orgPrice":2.8}},"categoryIds":["c-pantry"],"similarProducts":[]},{"id":"peckish-fancies-rice-smokey-bbq-cracked-pepper","name":"Fancies Rice Smokey BBQ & Cracked Pepper","brand":"Peckish","imageUrls":["https://shop.coles.com.au/wcsstore/Coles-CAS/images/3/7/6/3763257.jpg"],"storeId":"coles","packageSize":"90g","cupPrice":"$1.56 per 100G","locations":{"VIC":{"price":1.4,"discountRate":50,"promo":"","orgPrice":2.8},"SA":{"price":1.4,"discountRate":50,"promo":"","orgPrice":2.8},"QLD":{"price":1.4,"discountRate":50,"promo":"","orgPrice":2.8},"NSW":{"price":1.4,"discountRate":50,"promo":"","orgPrice":2.8},"WA":{"price":1.4,"discountRate":50,"promo":"","orgPrice":2.8},"TAS":{"price":1.4,"discountRate":50,"promo":"","orgPrice":2.8},"ACT":{"price":1.4,"discountRate":50,"promo":"","orgPrice":2.8},"NT":{"price":1.47,"discountRate":48,"promo":"","orgPrice":2.8}},"categoryIds":["c-pantry"],"similarProducts":[]},{"id":"peckish-fancies-jalapeno-chilli-cheddar-rice-crackers","name":"Fancies Jalapeno Chilli & Cheddar Rice Crackers","brand":"Peckish","imageUrls":["https://shop.coles.com.au/wcsstore/Coles-CAS/images/3/7/6/3763246.jpg"],"storeId":"coles","packageSize":"90g","cupPrice":"$1.56 per 100G","locations":{"VIC":{"price":1.4,"discountRate":50,"promo":"","orgPrice":2.8},"SA":{"price":1.4,"discountRate":50,"promo":"","orgPrice":2.8},"QLD":{"price":1.4,"discountRate":50,"promo":"","orgPrice":2.8},"NSW":{"price":1.4,"discountRate":50,"promo":"","orgPrice":2.8},"WA":{"price":1.4,"discountRate":50,"promo":"","orgPrice":2.8},"TAS":{"price":1.4,"discountRate":50,"promo":"","orgPrice":2.8},"ACT":{"price":1.4,"discountRate":50,"promo":"","orgPrice":2.8},"NT":{"price":1.47,"discountRate":48,"promo":"","orgPrice":2.8}},"categoryIds":["c-pantry"],"similarProducts":[]},{"id":"red-rock-deli-tortilla-chips-tomato-relish","name":"Tomato Relish Tortilla Chips","brand":"Red Rock Deli","imageUrls":["https://shop.coles.com.au/wcsstore/Coles-CAS/images/3/7/9/3797361.jpg"],"storeId":"coles","packageSize":"165g","cupPrice":"$1.41 per 100G","locations":{"VIC":{"price":2.32,"discountRate":50,"promo":"","orgPrice":4.65},"SA":{"price":2.32,"discountRate":50,"promo":"","orgPrice":4.65},"QLD":{"price":2.32,"discountRate":50,"promo":"","orgPrice":4.65},"NSW":{"price":2.32,"discountRate":50,"promo":"","orgPrice":4.65},"WA":{"price":2.32,"discountRate":50,"promo":"","orgPrice":4.65},"TAS":{"price":2.32,"discountRate":50,"promo":"","orgPrice":4.65},"ACT":{"price":2.32,"discountRate":50,"promo":"","orgPrice":4.65},"NT":{"price":2.44,"discountRate":50,"promo":"","orgPrice":4.88}},"categoryIds":["c-pantry"],"similarProducts":[]},{"id":"simply-wize-gluten-free-mix-bread-crusty","name":"Gluten Free Crusty Bread","brand":"Simply Wize","imageUrls":["https://shop.coles.com.au/wcsstore/Coles-CAS/images/7/4/8/7482748.jpg"],"storeId":"coles","packageSize":"330g","cupPrice":"$0.91 per 100G","locations":{"VIC":{"price":3,"discountRate":50,"promo":"","orgPrice":6},"SA":{"price":3.5,"discountRate":51,"promo":"","orgPrice":7.1899999999999995},"QLD":{"price":3,"discountRate":50,"promo":"","orgPrice":6},"NSW":{"price":3,"discountRate":50,"promo":"","orgPrice":6},"TAS":{"price":3.6,"discountRate":50,"promo":"","orgPrice":7.2},"ACT":{"price":3,"discountRate":50,"promo":"","orgPrice":6},"NT":{"price":3.75,"discountRate":50,"promo":"","orgPrice":7.55}},"categoryIds":["c-pantry","c-healthy-living"],"similarProducts":[]},{"id":"smiths-crinkle-potato-chips-sth-fried-chicken","name":"Crinkle Cut Chips Southern Fried","brand":"Smith's","imageUrls":["https://shop.coles.com.au/wcsstore/Coles-CAS/images/3/5/6/3566846.jpg"],"storeId":"coles","packageSize":"150g","cupPrice":"$1.17 per 100G","locations":{"VIC":{"price":1.75,"discountRate":50,"promo":"","orgPrice":3.5},"SA":{"price":1.75,"discountRate":50,"promo":"","orgPrice":3.5},"QLD":{"price":1.75,"discountRate":50,"promo":"","orgPrice":3.5},"NSW":{"price":1.75,"discountRate":50,"promo":"","orgPrice":3.5},"WA":{"price":1.75,"discountRate":50,"promo":"","orgPrice":3.5},"TAS":{"price":1.75,"discountRate":50,"promo":"","orgPrice":3.5},"ACT":{"price":1.75,"discountRate":50,"promo":"","orgPrice":3.5},"NT":{"price":1.75,"discountRate":52,"promo":"","orgPrice":3.6799999999999997}},"categoryIds":["c-pantry"],"similarProducts":[]},{"id":"toblerone-milk-chocolate-5172284p","name":"Milk Chocolate Bar","brand":"Toblerone","imageUrls":["https://shop.coles.com.au/wcsstore/Coles-CAS/images/5/1/7/5172284.jpg"],"storeId":"coles","packageSize":"50g","cupPrice":"$1.70 per 100G","locations":{"VIC":{"price":0.85,"discountRate":58,"promo":"","orgPrice":2},"SA":{"price":0.85,"discountRate":58,"promo":"","orgPrice":2},"QLD":{"price":0.85,"discountRate":58,"promo":"","orgPrice":2},"NSW":{"price":0.85,"discountRate":58,"promo":"","orgPrice":2},"WA":{"price":0.85,"discountRate":58,"promo":"","orgPrice":2},"TAS":{"price":0.85,"discountRate":58,"promo":"","orgPrice":2},"ACT":{"price":0.85,"discountRate":58,"promo":"","orgPrice":2},"NT":{"price":0.85,"discountRate":60,"promo":"","orgPrice":2.1}},"categoryIds":["c-pantry"],"similarProducts":[]},{"id":"connoisseur-australian-pint-flav-bush-honey","name":"Bush Honey & Nougat Gourmet Ice Cream Tub","brand":"Connoisseur","imageUrls":["https://shop.coles.com.au/wcsstore/Coles-CAS/images/3/5/4/3544446.jpg"],"storeId":"coles","packageSize":"470mL","cupPrice":"$1.06 per 100mL","locations":{"VIC":{"price":5,"discountRate":50,"promo":"","orgPrice":10},"SA":{"price":5,"discountRate":50,"promo":"","orgPrice":10},"QLD":{"price":5,"discountRate":50,"promo":"","orgPrice":10},"NSW":{"price":5,"discountRate":50,"promo":"","orgPrice":10},"WA":{"price":5,"discountRate":50,"promo":"","orgPrice":10},"TAS":{"price":5,"discountRate":50,"promo":"","orgPrice":10},"ACT":{"price":5,"discountRate":50,"promo":"","orgPrice":10},"NT":{"price":5,"discountRate":54,"promo":"","orgPrice":10.8}},"categoryIds":["c-frozen"],"similarProducts":[]},{"id":"hong-kong-dim-sim-kitchen-bbq-pork-buns","name":"Frozen BBQ Pork Buns 6 Pieces","brand":"Hong Kong Dim Sim Kitchen","imageUrls":["https://shop.coles.com.au/wcsstore/Coles-CAS/images/2/3/5/2356688.jpg"],"storeId":"coles","packageSize":"200g","cupPrice":"$1.25 per 100G","locations":{"VIC":{"price":2.5,"discountRate":50,"promo":"","orgPrice":5},"SA":{"price":2.5,"discountRate":50,"promo":"","orgPrice":5},"QLD":{"price":2.5,"discountRate":50,"promo":"","orgPrice":5},"NSW":{"price":2.5,"discountRate":50,"promo":"","orgPrice":5},"WA":{"price":2.5,"discountRate":50,"promo":"","orgPrice":5},"TAS":{"price":2.5,"discountRate":50,"promo":"","orgPrice":5},"ACT":{"price":2.5,"discountRate":50,"promo":"","orgPrice":5},"NT":{"price":2.7,"discountRate":50,"promo":"","orgPrice":5.4}},"categoryIds":["c-frozen"],"similarProducts":[]},{"id":"hong-kong-dim-sim-kitchen-siu-my-bites","name":"Frozen Siu Mai 10 Pieces","brand":"Hong Kong Dim Sim Kitchen","imageUrls":["https://shop.coles.com.au/wcsstore/Coles-CAS/images/2/3/5/2356702.jpg"],"storeId":"coles","packageSize":"200g","cupPrice":"$1.25 per 100G","locations":{"VIC":{"price":2.5,"discountRate":50,"promo":"","orgPrice":5},"SA":{"price":2.5,"discountRate":50,"promo":"","orgPrice":5},"QLD":{"price":2.5,"discountRate":50,"promo":"","orgPrice":5},"NSW":{"price":2.5,"discountRate":50,"promo":"","orgPrice":5},"WA":{"price":2.5,"discountRate":50,"promo":"","orgPrice":5},"TAS":{"price":2.5,"discountRate":50,"promo":"","orgPrice":5},"ACT":{"price":2.5,"discountRate":50,"promo":"","orgPrice":5},"NT":{"price":2.7,"discountRate":50,"promo":"","orgPrice":5.4}},"categoryIds":["c-frozen"],"similarProducts":[]},{"id":"morningstar-farms-grillers-classic-mince","name":"Grillers Classic Mince","brand":"Morningstar Farms","imageUrls":["https://shop.coles.com.au/wcsstore/Coles-CAS/images/3/7/3/3734816.jpg"],"storeId":"coles","packageSize":"340g","cupPrice":"$1.18 per 100G","locations":{"VIC":{"price":4,"discountRate":50,"promo":"","orgPrice":8},"SA":{"price":4,"discountRate":50,"promo":"","orgPrice":8},"QLD":{"price":4,"discountRate":50,"promo":"","orgPrice":8},"NSW":{"price":4,"discountRate":50,"promo":"","orgPrice":8},"WA":{"price":4,"discountRate":50,"promo":"","orgPrice":8},"TAS":{"price":4,"discountRate":50,"promo":"","orgPrice":8},"ACT":{"price":4,"discountRate":50,"promo":"","orgPrice":8},"NT":{"price":4.32,"discountRate":50,"promo":"","orgPrice":8.64}},"categoryIds":["c-frozen"],"similarProducts":[]},{"id":"hersheys-reeses-peanut-butter-tub","name":"Peanut Butter Chocolate Ice Cream Tub","brand":"Reese's","imageUrls":["https://shop.coles.com.au/wcsstore/Coles-CAS/images/3/4/0/3407274.jpg"],"storeId":"coles","packageSize":"473mL","cupPrice":"$0.90 per 100mL","categoryIds":["c-frozen"],"similarProducts":[],"locations":{"ALL":{"price":4.25,"discountRate":50,"promo":"","orgPrice":8.5}}},{"id":"frantelle-sparkling-lime-lemon-water","name":"Lime & Lemon Essence Sparkling Water Cans 375mL","brand":"Frantelle","imageUrls":["https://shop.coles.com.au/wcsstore/Coles-CAS/images/3/2/7/3278841.jpg"],"storeId":"coles","packageSize":"10 pack","cupPrice":"$1.47 per 1L","locations":{"VIC":{"price":5.52,"discountRate":52,"promo":"","orgPrice":11.55},"SA":{"price":7,"discountRate":45,"promo":"","orgPrice":12.75},"NSW":{"price":7,"discountRate":45,"promo":"","orgPrice":12.75},"TAS":{"price":5.52,"discountRate":52,"promo":"","orgPrice":11.55},"ACT":{"price":7,"discountRate":45,"promo":"","orgPrice":12.75},"NT":{"price":7,"discountRate":48,"promo":"","orgPrice":13.39}},"categoryIds":["c-drinks"],"similarProducts":[]},{"id":"frantelle-sparkling-rasp-blackcurrant-water","name":"Raspberry &  Blackcurrant Essence Sparkling Water Cans 375mL","brand":"Frantelle","imageUrls":["https://shop.coles.com.au/wcsstore/Coles-CAS/images/3/2/7/3278863.jpg"],"storeId":"coles","packageSize":"10 pack","cupPrice":"$1.47 per 1L","locations":{"VIC":{"price":5.52,"discountRate":53,"promo":"","orgPrice":11.649999999999999},"QLD":{"price":7,"discountRate":46,"promo":"","orgPrice":13},"NSW":{"price":7,"discountRate":45,"promo":"","orgPrice":12.75},"TAS":{"price":5.52,"discountRate":53,"promo":"","orgPrice":11.649999999999999},"NT":{"price":7,"discountRate":48,"promo":"","orgPrice":13.39}},"categoryIds":["c-drinks"],"similarProducts":[]},{"id":"frantelle-sparkling-pineapple-orange-water","name":"Pineapple & Orange Essence Sparkling Water Cans 375mL","brand":"Frantelle","imageUrls":["https://shop.coles.com.au/wcsstore/Coles-CAS/images/3/2/7/3278852.jpg"],"storeId":"coles","packageSize":"10 pack","cupPrice":"$1.47 per 1L","locations":{"VIC":{"price":5.52,"discountRate":52,"promo":"","orgPrice":11.55},"SA":{"price":7,"discountRate":45,"promo":"","orgPrice":12.75},"QLD":{"price":7,"discountRate":46,"promo":"","orgPrice":13},"NSW":{"price":7,"discountRate":45,"promo":"","orgPrice":12.75},"WA":{"price":5.52,"discountRate":52,"promo":"","orgPrice":11.55},"TAS":{"price":5.52,"discountRate":52,"promo":"","orgPrice":11.55},"NT":{"price":7,"discountRate":48,"promo":"","orgPrice":13.39}},"categoryIds":["c-drinks"],"similarProducts":[]},{"id":"deep-spring-mineral-water-pine-grap","name":"Pineapple & Pink Grapefruit Sparkling Natural Mineral Water","brand":"Deep Spring","imageUrls":["https://shop.coles.com.au/wcsstore/Coles-CAS/images/3/5/9/3595120.jpg"],"storeId":"coles","packageSize":"1.25L","cupPrice":"$0.80 per 1L","locations":{"VIC":{"price":1,"discountRate":50,"promo":"","orgPrice":2},"SA":{"price":1.15,"discountRate":47,"promo":"","orgPrice":2.15},"QLD":{"price":1.15,"discountRate":47,"promo":"","orgPrice":2.15},"NSW":{"price":1.15,"discountRate":47,"promo":"","orgPrice":2.15},"WA":{"price":1,"discountRate":50,"promo":"","orgPrice":2},"TAS":{"price":1.1,"discountRate":45,"promo":"","orgPrice":2},"ACT":{"price":1.15,"discountRate":47,"promo":"","orgPrice":2.15},"NT":{"price":1.15,"discountRate":49,"promo":"","orgPrice":2.26}},"categoryIds":["c-drinks"],"similarProducts":[]},{"id":"sunkist-10x375ml-soft-drink-no-sugar","name":"Zero Sugar Soft Drink 375mL","brand":"Sunkist","imageUrls":["https://shop.coles.com.au/wcsstore/Coles-CAS/images/3/5/3/3531150.jpg"],"storeId":"coles","packageSize":"10 pack","cupPrice":"$1.47 per 1L","locations":{"VIC":{"price":5.52,"discountRate":50,"promo":"","orgPrice":11.05},"SA":{"price":7,"discountRate":43,"promo":"","orgPrice":12.3},"QLD":{"price":7,"discountRate":44,"promo":"","orgPrice":12.45},"NSW":{"price":7,"discountRate":44,"promo":"","orgPrice":12.4},"WA":{"price":5.52,"discountRate":50,"promo":"","orgPrice":11.05},"TAS":{"price":5.52,"discountRate":50,"promo":"","orgPrice":11.05},"ACT":{"price":7,"discountRate":44,"promo":"","orgPrice":12.4},"NT":{"price":7,"discountRate":46,"promo":"","orgPrice":12.92}},"categoryIds":["c-drinks"],"similarProducts":[]},{"id":"cocobella-water-coconut-pineapple","name":"Pineapple Flavour Pure Coconut Water","brand":"Cocobella","imageUrls":["https://shop.coles.com.au/wcsstore/Coles-CAS/images/7/8/8/7881200.jpg"],"storeId":"coles","packageSize":"250mL","cupPrice":"$4.00 per 1L","locations":{"VIC":{"price":1,"discountRate":50,"promo":"","orgPrice":2},"SA":{"price":1.12,"discountRate":50,"promo":"","orgPrice":2.25},"QLD":{"price":1.15,"discountRate":47,"promo":"","orgPrice":2.15},"NSW":{"price":1.15,"discountRate":47,"promo":"","orgPrice":2.15},"WA":{"price":1,"discountRate":50,"promo":"","orgPrice":2},"TAS":{"price":1,"discountRate":50,"promo":"","orgPrice":2},"ACT":{"price":1.15,"discountRate":47,"promo":"","orgPrice":2.15},"NT":{"price":1.18,"discountRate":50,"promo":"","orgPrice":2.36}},"categoryIds":["c-drinks"],"similarProducts":[]},{"id":"nexba-tonic-water-cans-lemon-lime","name":"Tonic Water Cans Classic 250mL","brand":"Nexba","imageUrls":["https://shop.coles.com.au/wcsstore/Coles-CAS/images/3/7/1/3714262.jpg"],"storeId":"coles","packageSize":"4 pack","cupPrice":"$2.70 per 1L","locations":{"VIC":{"price":2.7,"discountRate":50,"promo":"","orgPrice":5.4},"SA":{"price":2.97,"discountRate":50,"promo":"","orgPrice":5.95},"NSW":{"price":2.97,"discountRate":50,"promo":"","orgPrice":5.95},"WA":{"price":2.7,"discountRate":50,"promo":"","orgPrice":5.4},"TAS":{"price":2.7,"discountRate":50,"promo":"","orgPrice":5.4},"ACT":{"price":2.97,"discountRate":50,"promo":"","orgPrice":5.95},"NT":{"price":3.12,"discountRate":50,"promo":"","orgPrice":6.25}},"categoryIds":["c-drinks"],"similarProducts":[]},{"id":"pepsi-drink-max-raspberry","name":"Max Raspberry Soft Drink","brand":"Pepsi","imageUrls":["https://shop.coles.com.au/wcsstore/Coles-CAS/images/3/2/7/3271150.jpg"],"storeId":"coles","packageSize":"1.25L","cupPrice":"$0.88 per 1L","locations":{"VIC":{"price":1.1,"discountRate":50,"promo":"","orgPrice":2.2},"SA":{"price":1.25,"discountRate":46,"promo":"","orgPrice":2.3},"QLD":{"price":1.25,"discountRate":47,"promo":"","orgPrice":2.35},"WA":{"price":1.1,"discountRate":50,"promo":"","orgPrice":2.2},"TAS":{"price":1.1,"discountRate":50,"promo":"","orgPrice":2.2},"NT":{"price":1.25,"discountRate":49,"promo":"","orgPrice":2.4699999999999998}},"categoryIds":["c-drinks"],"similarProducts":[]},{"id":"pure-harvest-hazelnut-unsweetened-milk","name":"Organic Hazel Quench Hazelnut Coconut Milk","brand":"Pure Harvest","imageUrls":["https://shop.coles.com.au/wcsstore/Coles-CAS/images/1/9/4/1949094.jpg"],"storeId":"coles","packageSize":"1L","cupPrice":"$1.40 per 1L","locations":{"VIC":{"price":1.4,"discountRate":61,"promo":"","orgPrice":3.6},"SA":{"price":1.4,"discountRate":61,"promo":"","orgPrice":3.6},"NSW":{"price":1.4,"discountRate":61,"promo":"","orgPrice":3.6},"WA":{"price":1.4,"discountRate":61,"promo":"","orgPrice":3.6},"TAS":{"price":1.4,"discountRate":61,"promo":"","orgPrice":3.6},"ACT":{"price":1.4,"discountRate":61,"promo":"","orgPrice":3.6},"NT":{"price":1.4,"discountRate":63,"promo":"","orgPrice":3.78}},"categoryIds":["c-drinks","c-healthy-living"],"similarProducts":[]},{"id":"cocobella-water-coconut-pink-guava","name":"Pink Guava Flavour Pure Coconut Water","brand":"Cocobella","imageUrls":["https://shop.coles.com.au/wcsstore/Coles-CAS/images/7/8/8/7881244.jpg"],"storeId":"coles","packageSize":"250mL","cupPrice":"$4.00 per 1L","locations":{"VIC":{"price":1,"discountRate":50,"promo":"","orgPrice":2},"SA":{"price":1.12,"discountRate":50,"promo":"","orgPrice":2.25},"QLD":{"price":1.15,"discountRate":45,"promo":"","orgPrice":2.0999999999999996},"NSW":{"price":1.15,"discountRate":47,"promo":"","orgPrice":2.15},"WA":{"price":1,"discountRate":50,"promo":"","orgPrice":2},"TAS":{"price":1,"discountRate":50,"promo":"","orgPrice":2},"ACT":{"price":1.15,"discountRate":47,"promo":"","orgPrice":2.15},"NT":{"price":1.18,"discountRate":50,"promo":"","orgPrice":2.36}},"categoryIds":["c-drinks"],"similarProducts":[]},{"id":"deep-spring-mineral-water-lem-lime","name":"Lemon Lime Citrus Sparkling Natural Mineral Water","brand":"Deep Spring","imageUrls":["https://shop.coles.com.au/wcsstore/Coles-CAS/images/3/5/9/3595152.jpg"],"storeId":"coles","packageSize":"1.25L","cupPrice":"$0.80 per 1L","locations":{"VIC":{"price":1,"discountRate":50,"promo":"","orgPrice":2},"SA":{"price":1.15,"discountRate":47,"promo":"","orgPrice":2.15},"QLD":{"price":1.15,"discountRate":47,"promo":"","orgPrice":2.15},"NSW":{"price":1.15,"discountRate":47,"promo":"","orgPrice":2.15},"WA":{"price":1,"discountRate":50,"promo":"","orgPrice":2},"TAS":{"price":1.1,"discountRate":45,"promo":"","orgPrice":2},"ACT":{"price":1.15,"discountRate":47,"promo":"","orgPrice":2.15},"NT":{"price":1.15,"discountRate":49,"promo":"","orgPrice":2.26}},"categoryIds":["c-drinks"],"similarProducts":[]},{"id":"nexba-sparkling-infusion-sagar-free-lemon","name":"Naturally Sugar Free Lemon Sparkling Infusion","brand":"Nexba","imageUrls":["https://shop.coles.com.au/wcsstore/Coles-CAS/images/3/0/4/3049287.jpg"],"storeId":"coles","packageSize":"1L","cupPrice":"$1.25 per 1L","locations":{"VIC":{"price":1.25,"discountRate":50,"promo":"","orgPrice":2.5},"SA":{"price":1.32,"discountRate":50,"promo":"","orgPrice":2.6500000000000004},"QLD":{"price":1.3,"discountRate":50,"promo":"","orgPrice":2.6},"NSW":{"price":1.32,"discountRate":50,"promo":"","orgPrice":2.6500000000000004},"TAS":{"price":1.25,"discountRate":50,"promo":"","orgPrice":2.5},"ACT":{"price":1.32,"discountRate":50,"promo":"","orgPrice":2.6500000000000004},"NT":{"price":1.38,"discountRate":50,"promo":"","orgPrice":2.78}},"categoryIds":["c-drinks"],"similarProducts":[]},{"id":"nexba-tonic-water-cans-cranberry-hibiscus","name":"Tonic Water Cans Cranberry Hibiscus","brand":"Nexba","imageUrls":["https://shop.coles.com.au/wcsstore/Coles-CAS/images/3/7/1/3714284.jpg"],"storeId":"coles","packageSize":"4 pack","cupPrice":"$2.70 per 1L","locations":{"VIC":{"price":2.7,"discountRate":50,"promo":"","orgPrice":5.4},"SA":{"price":2.97,"discountRate":50,"promo":"","orgPrice":5.95},"NSW":{"price":2.97,"discountRate":50,"promo":"","orgPrice":5.95},"TAS":{"price":2.7,"discountRate":50,"promo":"","orgPrice":5.4},"ACT":{"price":2.97,"discountRate":50,"promo":"","orgPrice":5.95},"NT":{"price":3.12,"discountRate":50,"promo":"","orgPrice":6.25}},"categoryIds":["c-drinks"],"similarProducts":[]},{"id":"cocobella--coconut-water-straight-up","name":"Straight Up Pure Coconut Water","brand":"Cocobella","imageUrls":["https://shop.coles.com.au/wcsstore/Coles-CAS/images/8/4/9/8496307.jpg"],"storeId":"coles","packageSize":"250mL","cupPrice":"$4.00 per 1L","locations":{"VIC":{"price":1,"discountRate":50,"promo":"","orgPrice":2},"SA":{"price":1.12,"discountRate":50,"promo":"","orgPrice":2.25},"QLD":{"price":1.15,"discountRate":45,"promo":"","orgPrice":2.0999999999999996},"NSW":{"price":1.15,"discountRate":47,"promo":"","orgPrice":2.15},"WA":{"price":1,"discountRate":50,"promo":"","orgPrice":2},"TAS":{"price":1,"discountRate":50,"promo":"","orgPrice":2},"ACT":{"price":1.15,"discountRate":47,"promo":"","orgPrice":2.15},"NT":{"price":1.18,"discountRate":50,"promo":"","orgPrice":2.36}},"categoryIds":["c-drinks"],"similarProducts":[]},{"id":"frantelle-sparkling-water","name":"Sparkling Water","brand":"Frantelle","imageUrls":["https://shop.coles.com.au/wcsstore/Coles-CAS/images/3/7/7/3777885.jpg"],"storeId":"coles","packageSize":"","cupPrice":"","locations":{"VIC":{"price":5.52,"discountRate":53,"promo":"","orgPrice":11.649999999999999},"SA":{"price":7,"discountRate":47,"promo":"","orgPrice":13.15},"QLD":{"price":7,"discountRate":40,"promo":"","orgPrice":11.65},"NSW":{"price":7,"discountRate":47,"promo":"","orgPrice":13.15},"TAS":{"price":5.52,"discountRate":53,"promo":"","orgPrice":11.649999999999999},"ACT":{"price":7,"discountRate":47,"promo":"","orgPrice":13.15},"NT":{"price":7,"discountRate":47,"promo":"","orgPrice":13.15}},"categoryIds":["c-drinks"],"similarProducts":[]},{"id":"monster-energy-drink-absolute-zero","name":"Ultra Sunrise Energy Drink","brand":"Monster","imageUrls":["https://shop.coles.com.au/wcsstore/Coles-CAS/images/1/3/3/1337382.jpg"],"storeId":"coles","packageSize":"500mL","cupPrice":"$0.35 per 100mL","locations":{"VIC":{"price":1.75,"discountRate":50,"promo":"","orgPrice":3.5},"SA":{"price":1.85,"discountRate":48,"promo":"","orgPrice":3.55},"QLD":{"price":1.85,"discountRate":48,"promo":"","orgPrice":3.55},"NSW":{"price":1.85,"discountRate":49,"promo":"","orgPrice":3.6},"WA":{"price":1.75,"discountRate":49,"promo":"","orgPrice":3.45},"TAS":{"price":1.75,"discountRate":49,"promo":"","orgPrice":3.45},"ACT":{"price":1.85,"discountRate":49,"promo":"","orgPrice":3.6},"NT":{"price":1.85,"discountRate":52,"promo":"","orgPrice":3.83}},"categoryIds":["c-drinks"],"similarProducts":[]},{"id":"nexba-sparkling-infusion-sugar-free-raspberry","name":"Sparkling Raspberry Infusion Sugar Free Drink","brand":"Nexba","imageUrls":["https://shop.coles.com.au/wcsstore/Coles-CAS/images/3/0/4/3049301.jpg"],"storeId":"coles","packageSize":"1L","cupPrice":"$1.25 per 1L","locations":{"VIC":{"price":1.25,"discountRate":50,"promo":"","orgPrice":2.5},"SA":{"price":1.32,"discountRate":50,"promo":"","orgPrice":2.6500000000000004},"QLD":{"price":1.3,"discountRate":50,"promo":"","orgPrice":2.6},"NSW":{"price":1.32,"discountRate":50,"promo":"","orgPrice":2.6500000000000004},"WA":{"price":1.25,"discountRate":50,"promo":"","orgPrice":2.5},"TAS":{"price":1.25,"discountRate":50,"promo":"","orgPrice":2.5},"ACT":{"price":1.32,"discountRate":50,"promo":"","orgPrice":2.6500000000000004},"NT":{"price":1.38,"discountRate":50,"promo":"","orgPrice":2.78}},"categoryIds":["c-drinks"],"similarProducts":[]},{"id":"yaru-sparkling-spring-water","name":"Sparkling Mineral Water","brand":"Yaru","imageUrls":["https://shop.coles.com.au/wcsstore/Coles-CAS/images/1/8/2/1828409.jpg"],"storeId":"coles","packageSize":"1L","cupPrice":"$1.40 per 1L","locations":{"VIC":{"price":1.4,"discountRate":50,"promo":"","orgPrice":2.8},"SA":{"price":1.4,"discountRate":52,"promo":"","orgPrice":2.9},"QLD":{"price":1.5,"discountRate":49,"promo":"","orgPrice":2.95},"NSW":{"price":1.5,"discountRate":49,"promo":"","orgPrice":2.95},"TAS":{"price":1.4,"discountRate":50,"promo":"","orgPrice":2.8},"ACT":{"price":1.5,"discountRate":49,"promo":"","orgPrice":2.95},"NT":{"price":1.5,"discountRate":51,"promo":"","orgPrice":3.05}},"categoryIds":["c-drinks"],"similarProducts":[]},{"id":"yaru-still-spring-water","name":"Still Mineral Water","brand":"Yaru","imageUrls":["https://shop.coles.com.au/wcsstore/Coles-CAS/images/1/8/2/1828410.jpg"],"storeId":"coles","packageSize":"1L","cupPrice":"$1.40 per 1L","locations":{"VIC":{"price":1.4,"discountRate":50,"promo":"","orgPrice":2.8},"SA":{"price":1.4,"discountRate":52,"promo":"","orgPrice":2.9},"QLD":{"price":1.5,"discountRate":49,"promo":"","orgPrice":2.95},"NSW":{"price":1.5,"discountRate":49,"promo":"","orgPrice":2.95},"WA":{"price":1.4,"discountRate":50,"promo":"","orgPrice":2.8},"TAS":{"price":1.4,"discountRate":50,"promo":"","orgPrice":2.8},"ACT":{"price":1.5,"discountRate":49,"promo":"","orgPrice":2.95},"NT":{"price":1.5,"discountRate":51,"promo":"","orgPrice":3.05}},"categoryIds":["c-drinks"],"similarProducts":[]},{"id":"coles-indian-ready-to-eat-meal-channa-masala","name":"Indian Chana Masala","brand":"Coles","imageUrls":["https://shop.coles.com.au/wcsstore/Coles-CAS/images/3/2/6/3265250.jpg"],"storeId":"coles","packageSize":"300g","cupPrice":"$0.50 per 100G","categoryIds":["c-international-foods"],"similarProducts":[],"locations":{"ALL":{"price":1.5,"discountRate":50,"promo":"","orgPrice":3}}},{"id":"swisse-vitamins-ultiboost-tablets-magnesium","name":"Ultiboost Magnesium Tablets","brand":"Swisse","imageUrls":["https://shop.coles.com.au/wcsstore/Coles-CAS/images/9/1/3/9131391.jpg"],"storeId":"coles","packageSize":"120 pack","cupPrice":"$14.58 per 100Ea","locations":{"VIC":{"price":17.5,"discountRate":50,"promo":"","orgPrice":35},"SA":{"price":17,"discountRate":50,"promo":"","orgPrice":34},"QLD":{"price":17.5,"discountRate":50,"promo":"","orgPrice":35},"NSW":{"price":17.5,"discountRate":50,"promo":"","orgPrice":35},"WA":{"price":17.5,"discountRate":50,"promo":"","orgPrice":35},"TAS":{"price":17.5,"discountRate":50,"promo":"","orgPrice":35},"ACT":{"price":17.5,"discountRate":50,"promo":"","orgPrice":35},"NT":{"price":17.85,"discountRate":49,"promo":"","orgPrice":35}},"categoryIds":["c-healthy-living","c-health-beauty"],"similarProducts":[]},{"id":"caltrate-bone-muscle-50","name":"Bone & Muscle Calcium with Vitamin D3 100 Tablets","brand":"Caltrate","imageUrls":["https://shop.coles.com.au/wcsstore/Coles-CAS/images/3/4/6/3469464.jpg"],"storeId":"coles","packageSize":"1 pack","cupPrice":"$8.50 per 1Ea","locations":{"VIC":{"price":8.5,"discountRate":50,"promo":"","orgPrice":17},"SA":{"price":8.5,"discountRate":50,"promo":"","orgPrice":17},"QLD":{"price":8.5,"discountRate":50,"promo":"","orgPrice":17},"NSW":{"price":8.5,"discountRate":50,"promo":"","orgPrice":17},"WA":{"price":8.5,"discountRate":50,"promo":"","orgPrice":17},"TAS":{"price":8.5,"discountRate":50,"promo":"","orgPrice":17},"ACT":{"price":8.5,"discountRate":50,"promo":"","orgPrice":17},"NT":{"price":8.92,"discountRate":50,"promo":"","orgPrice":17.85}},"categoryIds":["c-healthy-living","c-health-beauty"],"similarProducts":[]},{"id":"swisse-vitamins-ultiboost-tablets-sleep","name":"Ultiboost Sleep Tablets","brand":"Swisse","imageUrls":["https://shop.coles.com.au/wcsstore/Coles-CAS/images/6/9/4/6940778.jpg"],"storeId":"coles","packageSize":"60 pack","cupPrice":"$18.33 per 100Ea","locations":{"VIC":{"price":11,"discountRate":50,"promo":"","orgPrice":22},"SA":{"price":10.25,"discountRate":50,"promo":"","orgPrice":20.5},"QLD":{"price":11,"discountRate":50,"promo":"","orgPrice":22},"NSW":{"price":11,"discountRate":50,"promo":"","orgPrice":22},"WA":{"price":11,"discountRate":50,"promo":"","orgPrice":22},"TAS":{"price":11,"discountRate":50,"promo":"","orgPrice":22},"ACT":{"price":11,"discountRate":50,"promo":"","orgPrice":22},"NT":{"price":10.76,"discountRate":50,"promo":"","orgPrice":21.53}},"categoryIds":["c-healthy-living","c-health-beauty"],"similarProducts":[]},{"id":"swisse--ultiboost-odorless-wild-fish-oil-capsules","name":"Odourless High Strength Wild Fish Oil Capsules","brand":"Swisse","imageUrls":["https://shop.coles.com.au/wcsstore/Coles-CAS/images/2/8/6/2869478.jpg"],"storeId":"coles","packageSize":"400 pack","cupPrice":"$0.04 per 1Ea","locations":{"VIC":{"price":17.5,"discountRate":50,"promo":"","orgPrice":35},"SA":{"price":17.5,"discountRate":50,"promo":"","orgPrice":35},"QLD":{"price":17.5,"discountRate":50,"promo":"","orgPrice":35},"NSW":{"price":17.5,"discountRate":50,"promo":"","orgPrice":35},"WA":{"price":17.5,"discountRate":50,"promo":"","orgPrice":35},"TAS":{"price":17.5,"discountRate":50,"promo":"","orgPrice":35},"ACT":{"price":17.5,"discountRate":50,"promo":"","orgPrice":35},"NT":{"price":18.37,"discountRate":48,"promo":"","orgPrice":35}},"categoryIds":["c-healthy-living","c-health-beauty"],"similarProducts":[]},{"id":"caltrate-plus-calcium-supplement-tablets","name":"Bone & Muscle Health Tablets","brand":"Caltrate","imageUrls":["https://shop.coles.com.au/wcsstore/Coles-CAS/images/9/3/1/9314620.jpg"],"storeId":"coles","packageSize":"100 pack","cupPrice":"$8.50 per 100Ea","locations":{"VIC":{"price":8.5,"discountRate":50,"promo":"","orgPrice":17},"SA":{"price":8.5,"discountRate":50,"promo":"","orgPrice":17},"QLD":{"price":8.5,"discountRate":50,"promo":"","orgPrice":17},"NSW":{"price":8.5,"discountRate":50,"promo":"","orgPrice":17},"WA":{"price":8.5,"discountRate":50,"promo":"","orgPrice":17},"TAS":{"price":8.5,"discountRate":50,"promo":"","orgPrice":17},"ACT":{"price":8.5,"discountRate":50,"promo":"","orgPrice":17},"NT":{"price":8.92,"discountRate":48,"promo":"","orgPrice":17}},"categoryIds":["c-healthy-living","c-health-beauty"],"similarProducts":[]},{"id":"centrum-advanced-multivitamin-selct-50plus","name":"Advance 50+ Multivitamin Tablets","brand":"Centrum","imageUrls":["https://shop.coles.com.au/wcsstore/Coles-CAS/images/8/5/9/8599966.jpg"],"storeId":"coles","packageSize":"60 pack","cupPrice":"$14.17 per 100Ea","locations":{"VIC":{"price":8.5,"discountRate":50,"promo":"","orgPrice":17},"SA":{"price":8.5,"discountRate":50,"promo":"","orgPrice":17},"QLD":{"price":8.5,"discountRate":50,"promo":"","orgPrice":17},"NSW":{"price":8.5,"discountRate":50,"promo":"","orgPrice":17},"WA":{"price":8.5,"discountRate":50,"promo":"","orgPrice":17},"TAS":{"price":8.5,"discountRate":50,"promo":"","orgPrice":17},"ACT":{"price":8.5,"discountRate":50,"promo":"","orgPrice":17},"NT":{"price":8.92,"discountRate":50,"promo":"","orgPrice":17.85}},"categoryIds":["c-healthy-living","c-health-beauty"],"similarProducts":[]},{"id":"centrum-advanced-tabs-multi-vitamin-mineral","name":"Advance Multivitamin Tablets","brand":"Centrum","imageUrls":["https://shop.coles.com.au/wcsstore/Coles-CAS/images/8/5/9/8599922.jpg"],"storeId":"coles","packageSize":"60 pack","cupPrice":"$14.17 per 100Ea","locations":{"VIC":{"price":8.5,"discountRate":50,"promo":"","orgPrice":17},"SA":{"price":8.5,"discountRate":50,"promo":"","orgPrice":17},"QLD":{"price":8.5,"discountRate":50,"promo":"","orgPrice":17},"NSW":{"price":8.5,"discountRate":50,"promo":"","orgPrice":17},"WA":{"price":8.5,"discountRate":50,"promo":"","orgPrice":17},"TAS":{"price":8.5,"discountRate":50,"promo":"","orgPrice":17},"ACT":{"price":8.5,"discountRate":50,"promo":"","orgPrice":17},"NT":{"price":8.92,"discountRate":48,"promo":"","orgPrice":17}},"categoryIds":["c-healthy-living","c-health-beauty"],"similarProducts":[]},{"id":"centrum-vitamin-multi-for-women","name":"Multivitamin And Mineral Supplement for Women 60 Tablets","brand":"Centrum","imageUrls":["https://shop.coles.com.au/wcsstore/Coles-CAS/images/1/2/8/1281696.jpg"],"storeId":"coles","packageSize":"1 Pack","cupPrice":"$10.00 per 1Ea","locations":{"VIC":{"price":10,"discountRate":50,"promo":"","orgPrice":20},"SA":{"price":10,"discountRate":50,"promo":"","orgPrice":20},"QLD":{"price":10,"discountRate":50,"promo":"","orgPrice":20},"NSW":{"price":10,"discountRate":50,"promo":"","orgPrice":20},"WA":{"price":10,"discountRate":50,"promo":"","orgPrice":20},"TAS":{"price":10,"discountRate":50,"promo":"","orgPrice":20},"ACT":{"price":10,"discountRate":50,"promo":"","orgPrice":20},"NT":{"price":10.5,"discountRate":50,"promo":"","orgPrice":21}},"categoryIds":["c-healthy-living","c-health-beauty"],"similarProducts":[]},{"id":"centrum-vitamin-multi-for-men","name":"Multivitamin Tablets For Men","brand":"Centrum","imageUrls":["https://shop.coles.com.au/wcsstore/Coles-CAS/images/1/2/8/1281685.jpg"],"storeId":"coles","packageSize":"","cupPrice":"$16.67 per 100Ea","locations":{"VIC":{"price":10,"discountRate":50,"promo":"","orgPrice":20},"SA":{"price":10,"discountRate":50,"promo":"","orgPrice":20},"QLD":{"price":10,"discountRate":50,"promo":"","orgPrice":20},"NSW":{"price":10,"discountRate":50,"promo":"","orgPrice":20},"WA":{"price":10,"discountRate":50,"promo":"","orgPrice":20},"TAS":{"price":10,"discountRate":50,"promo":"","orgPrice":20},"ACT":{"price":10,"discountRate":50,"promo":"","orgPrice":20},"NT":{"price":10.5,"discountRate":50,"promo":"","orgPrice":21}},"categoryIds":["c-healthy-living","c-health-beauty"],"similarProducts":[]},{"id":"swisse-vitamins-ultiboost-tablets-calcium-vitamin-d","name":"Ultiboost Calcium + Vitamin D Tabs","brand":"Swisse","imageUrls":["https://shop.coles.com.au/wcsstore/Coles-CAS/images/7/5/1/7514786.jpg"],"storeId":"coles","packageSize":"90 pack","cupPrice":"$0.09 per 1Ea","locations":{"VIC":{"price":8,"discountRate":50,"promo":"","orgPrice":16},"SA":{"price":8,"discountRate":50,"promo":"","orgPrice":16},"QLD":{"price":8,"discountRate":50,"promo":"","orgPrice":16},"NSW":{"price":8,"discountRate":50,"promo":"","orgPrice":16},"WA":{"price":7.5,"discountRate":50,"promo":"","orgPrice":15},"TAS":{"price":7.5,"discountRate":50,"promo":"","orgPrice":15},"ACT":{"price":8,"discountRate":50,"promo":"","orgPrice":16},"NT":{"price":8.4,"discountRate":50,"promo":"","orgPrice":16.8}},"categoryIds":["c-healthy-living","c-health-beauty"],"similarProducts":[{"productId":"w-711578-9311770589888","storeId":"woolworths"}]},{"id":"swisse-vitamins-ultiboost-vitamin-d","name":"Ultiboost Vitamin D Capsules","brand":"Swisse","imageUrls":["https://shop.coles.com.au/wcsstore/Coles-CAS/images/8/0/9/8098927.jpg"],"storeId":"coles","packageSize":"250 pack","cupPrice":"$5.20 per 100Ea","locations":{"VIC":{"price":13,"discountRate":50,"promo":"","orgPrice":26},"SA":{"price":13,"discountRate":50,"promo":"","orgPrice":26},"QLD":{"price":13,"discountRate":50,"promo":"","orgPrice":26},"NSW":{"price":13,"discountRate":50,"promo":"","orgPrice":26},"WA":{"price":13,"discountRate":50,"promo":"","orgPrice":26},"TAS":{"price":13,"discountRate":50,"promo":"","orgPrice":26},"ACT":{"price":13,"discountRate":50,"promo":"","orgPrice":26},"NT":{"price":13.65,"discountRate":50,"promo":"","orgPrice":27.3}},"categoryIds":["c-healthy-living","c-health-beauty"],"similarProducts":[]},{"id":"swisse-vitamins-ultiboost-tablets-liver-detox","name":"Ultiboost Liver Detox Tablets","brand":"Swisse","imageUrls":["https://shop.coles.com.au/wcsstore/Coles-CAS/images/7/5/1/7514979.jpg"],"storeId":"coles","packageSize":"60 pack","cupPrice":"$17.67 per 100Ea","locations":{"VIC":{"price":10.6,"discountRate":50,"promo":"","orgPrice":21.2},"SA":{"price":10.5,"discountRate":50,"promo":"","orgPrice":21},"QLD":{"price":10.5,"discountRate":50,"promo":"","orgPrice":21},"NSW":{"price":10.6,"discountRate":50,"promo":"","orgPrice":21.2},"WA":{"price":10.3,"discountRate":50,"promo":"","orgPrice":20.6},"TAS":{"price":9.9,"discountRate":50,"promo":"","orgPrice":19.8},"ACT":{"price":10.6,"discountRate":50,"promo":"","orgPrice":21.2},"NT":{"price":11.02,"discountRate":50,"promo":"","orgPrice":22.049999999999997}},"categoryIds":["c-healthy-living","c-health-beauty"],"similarProducts":[]},{"id":"swisse-vitamins-ultiboost-capsules-vitamin-d","name":"Ultiboost Vitamin D Capsules","brand":"Swisse","imageUrls":["https://shop.coles.com.au/wcsstore/Coles-CAS/images/7/5/1/7514866.jpg"],"storeId":"coles","packageSize":"60 pack","cupPrice":"$0.09 per 1Ea","locations":{"VIC":{"price":5.5,"discountRate":50,"promo":"","orgPrice":11},"SA":{"price":5.25,"discountRate":50,"promo":"","orgPrice":10.5},"QLD":{"price":5.5,"discountRate":50,"promo":"","orgPrice":11},"NSW":{"price":5.5,"discountRate":50,"promo":"","orgPrice":11},"WA":{"price":5.5,"discountRate":50,"promo":"","orgPrice":11},"TAS":{"price":5.5,"discountRate":50,"promo":"","orgPrice":11},"ACT":{"price":5.5,"discountRate":50,"promo":"","orgPrice":11},"NT":{"price":5.51,"discountRate":50,"promo":"","orgPrice":11.03}},"categoryIds":["c-healthy-living","c-health-beauty"],"similarProducts":[]},{"id":"swisse-vitamins-ultiboost-tablets-hair-skin-nails","name":"Ultiboost Hair Skin & Nails Tablets","brand":"Swisse","imageUrls":["https://shop.coles.com.au/wcsstore/Coles-CAS/images/7/1/0/7109303.jpg"],"storeId":"coles","packageSize":"60 pack","cupPrice":"$19.17 per 100Ea","locations":{"VIC":{"price":11.5,"discountRate":50,"promo":"","orgPrice":23},"SA":{"price":10.5,"discountRate":50,"promo":"","orgPrice":21},"QLD":{"price":11.5,"discountRate":50,"promo":"","orgPrice":23},"NSW":{"price":11.5,"discountRate":50,"promo":"","orgPrice":23},"WA":{"price":11.5,"discountRate":50,"promo":"","orgPrice":23},"TAS":{"price":11.5,"discountRate":50,"promo":"","orgPrice":23},"ACT":{"price":11.5,"discountRate":50,"promo":"","orgPrice":23},"NT":{"price":11.02,"discountRate":50,"promo":"","orgPrice":22.049999999999997}},"categoryIds":["c-healthy-living","c-health-beauty"],"similarProducts":[]},{"id":"swisse-vitamins-ultivite-tablets-50-plus-women","name":"Ultivite Women's 50+ Multi Vitamins","brand":"Swisse","imageUrls":["https://shop.coles.com.au/wcsstore/Coles-CAS/images/6/2/7/6279818.jpg"],"storeId":"coles","packageSize":"60 pack","cupPrice":"$30.00 per 100Ea","locations":{"VIC":{"price":18,"discountRate":50,"promo":"","orgPrice":36},"SA":{"price":17.5,"discountRate":50,"promo":"","orgPrice":35},"QLD":{"price":18,"discountRate":50,"promo":"","orgPrice":36},"NSW":{"price":18,"discountRate":50,"promo":"","orgPrice":36},"WA":{"price":17.5,"discountRate":50,"promo":"","orgPrice":35},"TAS":{"price":18,"discountRate":50,"promo":"","orgPrice":36},"ACT":{"price":18,"discountRate":50,"promo":"","orgPrice":36},"NT":{"price":18.37,"discountRate":50,"promo":"","orgPrice":36.75}},"categoryIds":["c-healthy-living","c-health-beauty"],"similarProducts":[]},{"id":"swisse-vitamins-ultivite-tablets-formula-1-multi-women","name":"Ultivite Women's Formula 1 Multi Vitamins","brand":"Swisse","imageUrls":["https://shop.coles.com.au/wcsstore/Coles-CAS/images/6/2/8/6280475.jpg"],"storeId":"coles","packageSize":"60 pack","cupPrice":"$24.17 per 100Ea","locations":{"VIC":{"price":14.5,"discountRate":50,"promo":"","orgPrice":29},"SA":{"price":14.5,"discountRate":50,"promo":"","orgPrice":29},"QLD":{"price":14.5,"discountRate":50,"promo":"","orgPrice":29},"NSW":{"price":14.5,"discountRate":50,"promo":"","orgPrice":29},"WA":{"price":14.5,"discountRate":50,"promo":"","orgPrice":29},"TAS":{"price":14.5,"discountRate":50,"promo":"","orgPrice":29},"ACT":{"price":14.5,"discountRate":50,"promo":"","orgPrice":29},"NT":{"price":15.22,"discountRate":50,"promo":"","orgPrice":30.450000000000003}},"categoryIds":["c-healthy-living","c-health-beauty"],"similarProducts":[]},{"id":"swisse-vitamins-ultivite-tablets-50-plus-men","name":"Men's Ultivite 50+ Multi Vitamin 60 Tablets","brand":"Swisse","imageUrls":["https://shop.coles.com.au/wcsstore/Coles-CAS/images/6/2/7/6279807.jpg"],"storeId":"coles","packageSize":"1 pack","cupPrice":"$18.00 per 1Ea","locations":{"VIC":{"price":18,"discountRate":50,"promo":"","orgPrice":36},"SA":{"price":17.5,"discountRate":50,"promo":"","orgPrice":35},"QLD":{"price":18,"discountRate":50,"promo":"","orgPrice":36},"NSW":{"price":18,"discountRate":50,"promo":"","orgPrice":36},"WA":{"price":17.5,"discountRate":50,"promo":"","orgPrice":35},"TAS":{"price":18,"discountRate":50,"promo":"","orgPrice":36},"ACT":{"price":18,"discountRate":50,"promo":"","orgPrice":36},"NT":{"price":18.37,"discountRate":50,"promo":"","orgPrice":36.75}},"categoryIds":["c-healthy-living","c-health-beauty"],"similarProducts":[]},{"id":"swisse-vitamins-ultivite-tablets-formula-1-multi-men","name":"Men's Ultivite Multi Vitamin Tablets","brand":"Swisse","imageUrls":["https://shop.coles.com.au/wcsstore/Coles-CAS/images/6/2/8/6280464.jpg"],"storeId":"coles","packageSize":"60 pack","cupPrice":"$24.17 per 100Ea","locations":{"VIC":{"price":14.5,"discountRate":50,"promo":"","orgPrice":29},"SA":{"price":14.5,"discountRate":50,"promo":"","orgPrice":29},"QLD":{"price":14.5,"discountRate":50,"promo":"","orgPrice":29},"NSW":{"price":14.5,"discountRate":50,"promo":"","orgPrice":29},"WA":{"price":14.5,"discountRate":50,"promo":"","orgPrice":29},"TAS":{"price":14.5,"discountRate":50,"promo":"","orgPrice":29},"ACT":{"price":14.5,"discountRate":50,"promo":"","orgPrice":29},"NT":{"price":15.22,"discountRate":50,"promo":"","orgPrice":30.450000000000003}},"categoryIds":["c-healthy-living","c-health-beauty"],"similarProducts":[]},{"id":"swisse-ultiboost-relax-sleep-tablets","name":"Ultiboost Relax & Sleep 60 Tablets","brand":"Swisse","imageUrls":["https://shop.coles.com.au/wcsstore/Coles-CAS/images/1/2/8/1281437.jpg"],"storeId":"coles","packageSize":"1 pack","cupPrice":"$16.00 per 1Ea","locations":{"VIC":{"price":16,"discountRate":50,"promo":"","orgPrice":32},"SA":{"price":16,"discountRate":50,"promo":"","orgPrice":32},"QLD":{"price":16,"discountRate":50,"promo":"","orgPrice":32},"NSW":{"price":16,"discountRate":50,"promo":"","orgPrice":32},"WA":{"price":16,"discountRate":50,"promo":"","orgPrice":32},"TAS":{"price":16,"discountRate":50,"promo":"","orgPrice":32},"ACT":{"price":16,"discountRate":50,"promo":"","orgPrice":32},"NT":{"price":16.8,"discountRate":50,"promo":"","orgPrice":33.6}},"categoryIds":["c-healthy-living","c-health-beauty"],"similarProducts":[]},{"id":"swisse--mens-power-ultivite-tablets","name":"Men's Power Ultivite Advanced Formula Tablets","brand":"Swisse","imageUrls":["https://shop.coles.com.au/wcsstore/Coles-CAS/images/1/7/8/1783741.jpg"],"storeId":"coles","packageSize":"40 pack","cupPrice":"$42.50 per 100Ea","locations":{"VIC":{"price":17,"discountRate":50,"promo":"","orgPrice":34},"SA":{"price":17,"discountRate":50,"promo":"","orgPrice":34},"QLD":{"price":17,"discountRate":50,"promo":"","orgPrice":34},"NSW":{"price":17,"discountRate":50,"promo":"","orgPrice":34},"WA":{"price":17,"discountRate":50,"promo":"","orgPrice":34},"TAS":{"price":17,"discountRate":50,"promo":"","orgPrice":34},"ACT":{"price":17,"discountRate":50,"promo":"","orgPrice":34},"NT":{"price":17.85,"discountRate":50,"promo":"","orgPrice":35.7}},"categoryIds":["c-healthy-living","c-health-beauty"],"similarProducts":[]},{"id":"swisse--ultiboost-glucosamine-sulfate-tablets","name":"Ultiboost Glucosamine Sulfate Tablets","brand":"Swisse","imageUrls":["https://shop.coles.com.au/wcsstore/Coles-CAS/images/2/8/6/2868817.jpg"],"storeId":"coles","packageSize":"180 pack","cupPrice":"$0.12 per 1Ea","locations":{"VIC":{"price":21,"discountRate":50,"promo":"","orgPrice":42},"SA":{"price":21,"discountRate":50,"promo":"","orgPrice":42},"QLD":{"price":21,"discountRate":50,"promo":"","orgPrice":42},"NSW":{"price":21,"discountRate":50,"promo":"","orgPrice":42},"WA":{"price":21,"discountRate":50,"promo":"","orgPrice":42},"TAS":{"price":21,"discountRate":50,"promo":"","orgPrice":42},"ACT":{"price":21,"discountRate":50,"promo":"","orgPrice":42},"NT":{"price":22.05,"discountRate":50,"promo":"","orgPrice":44.1}},"categoryIds":["c-healthy-living","c-health-beauty"],"similarProducts":[]},{"id":"swisse-ultiboost-odless-wld-fshoil-1000mg-400-pck","name":"Ultiboost Odourless Wild Fish Oil 1000mg Capsules","brand":"Swisse","imageUrls":["https://shop.coles.com.au/wcsstore/Coles-CAS/images/8/0/9/8099067.jpg"],"storeId":"coles","packageSize":"400 pack","cupPrice":"$3.50 per 100Ea","locations":{"VIC":{"price":14,"discountRate":50,"promo":"","orgPrice":28},"SA":{"price":14,"discountRate":50,"promo":"","orgPrice":28},"QLD":{"price":14,"discountRate":50,"promo":"","orgPrice":28},"NSW":{"price":14,"discountRate":50,"promo":"","orgPrice":28},"WA":{"price":14,"discountRate":50,"promo":"","orgPrice":28},"TAS":{"price":14,"discountRate":50,"promo":"","orgPrice":28},"ACT":{"price":14,"discountRate":50,"promo":"","orgPrice":28},"NT":{"price":14.7,"discountRate":50,"promo":"","orgPrice":29.4}},"categoryIds":["c-healthy-living","c-health-beauty"],"similarProducts":[]},{"id":"swisse-ultiboost-tabs-executive-focus","name":"Ultiboost Memory + Focus 50 Tablets","brand":"Swisse","imageUrls":["https://shop.coles.com.au/wcsstore/Coles-CAS/images/7/1/0/7109289.jpg"],"storeId":"coles","packageSize":"1 pack","cupPrice":"$14.50 per 1Ea","locations":{"VIC":{"price":14.5,"discountRate":50,"promo":"","orgPrice":29},"SA":{"price":14.5,"discountRate":50,"promo":"","orgPrice":29},"QLD":{"price":14.5,"discountRate":50,"promo":"","orgPrice":29},"NSW":{"price":14.5,"discountRate":50,"promo":"","orgPrice":29},"WA":{"price":14.5,"discountRate":50,"promo":"","orgPrice":29},"TAS":{"price":14.5,"discountRate":50,"promo":"","orgPrice":29},"ACT":{"price":14.5,"discountRate":50,"promo":"","orgPrice":29},"NT":{"price":15.22,"discountRate":50,"promo":"","orgPrice":30.450000000000003}},"categoryIds":["c-healthy-living","c-health-beauty"],"similarProducts":[{"productId":"cw-57049","storeId":"chemist-warehouse"}]},{"id":"swisse-ultiboost-mega-b--tablets","name":"Ultiboost Mega B + Tablets","brand":"Swisse","imageUrls":["https://shop.coles.com.au/wcsstore/Coles-CAS/images/2/9/1/2911745.jpg"],"storeId":"coles","packageSize":"60 pack","cupPrice":"$35.00 per 100Ea","locations":{"VIC":{"price":21,"discountRate":50,"promo":"","orgPrice":42},"SA":{"price":21,"discountRate":50,"promo":"","orgPrice":42},"QLD":{"price":21,"discountRate":50,"promo":"","orgPrice":42},"NSW":{"price":21,"discountRate":50,"promo":"","orgPrice":42},"WA":{"price":21,"discountRate":50,"promo":"","orgPrice":42},"TAS":{"price":21,"discountRate":50,"promo":"","orgPrice":42},"ACT":{"price":21,"discountRate":50,"promo":"","orgPrice":42},"NT":{"price":22.05,"discountRate":50,"promo":"","orgPrice":44.1}},"categoryIds":["c-healthy-living","c-health-beauty"],"similarProducts":[]},{"id":"swisse-high-strength-organic-spirulina-tablets","name":"High Strength Organic Spirulina Tablets","brand":"Swisse","imageUrls":["https://shop.coles.com.au/wcsstore/Coles-CAS/images/2/8/6/2869489.jpg"],"storeId":"coles","packageSize":"200 pack","cupPrice":"$12.00 per 100Ea","locations":{"VIC":{"price":24,"discountRate":50,"promo":"","orgPrice":48},"SA":{"price":24,"discountRate":50,"promo":"","orgPrice":48},"QLD":{"price":24,"discountRate":50,"promo":"","orgPrice":48},"NSW":{"price":24,"discountRate":50,"promo":"","orgPrice":48},"WA":{"price":24,"discountRate":50,"promo":"","orgPrice":48},"TAS":{"price":24,"discountRate":50,"promo":"","orgPrice":48},"ACT":{"price":24,"discountRate":50,"promo":"","orgPrice":48},"NT":{"price":36.72,"discountRate":50,"promo":"","orgPrice":73.44}},"categoryIds":["c-healthy-living","c-health-beauty"],"similarProducts":[]},{"id":"swisse-ultivite-womens-tablets","name":"Women's Ultivite Multivitamin 30 Tablets","brand":"Swisse","imageUrls":["https://shop.coles.com.au/wcsstore/Coles-CAS/images/3/2/8/3287456.jpg"],"storeId":"coles","packageSize":"1 Pack","cupPrice":"$10.00 per 1Ea","locations":{"VIC":{"price":10,"discountRate":50,"promo":"","orgPrice":20},"SA":{"price":10,"discountRate":50,"promo":"","orgPrice":20},"QLD":{"price":10,"discountRate":50,"promo":"","orgPrice":20},"NSW":{"price":10,"discountRate":50,"promo":"","orgPrice":20},"WA":{"price":10,"discountRate":50,"promo":"","orgPrice":20},"TAS":{"price":10,"discountRate":50,"promo":"","orgPrice":20},"ACT":{"price":10,"discountRate":50,"promo":"","orgPrice":20},"NT":{"price":10.5,"discountRate":50,"promo":"","orgPrice":21}},"categoryIds":["c-healthy-living","c-health-beauty"],"similarProducts":[{"productId":"cw-55511","storeId":"chemist-warehouse"},{"productId":"cw-52658","storeId":"chemist-warehouse"}]},{"id":"swisse-ultivite-mens-tablets","name":"Men's Ultivite Multivitamin","brand":"Swisse","imageUrls":["https://shop.coles.com.au/wcsstore/Coles-CAS/images/3/2/8/3287434.jpg"],"storeId":"coles","packageSize":"30 Pack","cupPrice":"$0.33 per 1Ea","locations":{"VIC":{"price":10,"discountRate":50,"promo":"","orgPrice":20},"SA":{"price":10,"discountRate":50,"promo":"","orgPrice":20},"QLD":{"price":10,"discountRate":50,"promo":"","orgPrice":20},"NSW":{"price":10,"discountRate":50,"promo":"","orgPrice":20},"WA":{"price":10,"discountRate":50,"promo":"","orgPrice":20},"TAS":{"price":10,"discountRate":50,"promo":"","orgPrice":20},"ACT":{"price":10,"discountRate":50,"promo":"","orgPrice":20},"NT":{"price":10.5,"discountRate":50,"promo":"","orgPrice":21}},"categoryIds":["c-healthy-living","c-health-beauty"],"similarProducts":[]},{"id":"swisse-ultiboost-magnesium-calcium-vit-d","name":"Ultiboost Magnesium Calcium + D3 120 Tablets","brand":"Swisse","imageUrls":["https://shop.coles.com.au/wcsstore/Coles-CAS/images/1/7/8/1783694.jpg"],"storeId":"coles","packageSize":"1 pack","cupPrice":"$12.50 per 1Ea","locations":{"VIC":{"price":12.5,"discountRate":50,"promo":"","orgPrice":25},"SA":{"price":12.5,"discountRate":50,"promo":"","orgPrice":25},"QLD":{"price":12.5,"discountRate":50,"promo":"","orgPrice":25},"NSW":{"price":12.5,"discountRate":50,"promo":"","orgPrice":25},"WA":{"price":12.5,"discountRate":50,"promo":"","orgPrice":25},"TAS":{"price":12.5,"discountRate":50,"promo":"","orgPrice":25},"ACT":{"price":12.5,"discountRate":50,"promo":"","orgPrice":25},"NT":{"price":13.12,"discountRate":50,"promo":"","orgPrice":26.25}},"categoryIds":["c-healthy-living","c-health-beauty"],"similarProducts":[]},{"id":"swisse-ultiboost-magnesium-3469351p","name":"Ultiboost Magnesium 150mg 200 Tablets","brand":"Swisse","imageUrls":["https://shop.coles.com.au/wcsstore/Coles-CAS/images/3/4/6/3469351.jpg"],"storeId":"coles","packageSize":"1 pack","cupPrice":"$19.50 per 1Ea","locations":{"VIC":{"price":19.5,"discountRate":50,"promo":"","orgPrice":39},"SA":{"price":19.5,"discountRate":50,"promo":"","orgPrice":39},"QLD":{"price":19.5,"discountRate":50,"promo":"","orgPrice":39},"NSW":{"price":19.5,"discountRate":50,"promo":"","orgPrice":39},"WA":{"price":19.5,"discountRate":50,"promo":"","orgPrice":39},"TAS":{"price":19.5,"discountRate":50,"promo":"","orgPrice":39},"ACT":{"price":19.5,"discountRate":50,"promo":"","orgPrice":39},"NT":{"price":20.47,"discountRate":50,"promo":"","orgPrice":40.95}},"categoryIds":["c-healthy-living","c-health-beauty"],"similarProducts":[]},{"id":"swisse-ultiboost-hs-coq10-300mg","name":"Ultiboost High Strength  Co-Enzyme Q10 300mg 90 Capsules","brand":"Swisse","imageUrls":["https://shop.coles.com.au/wcsstore/Coles-CAS/images/3/4/6/3469330.jpg"],"storeId":"coles","packageSize":"1 pack","cupPrice":"$19.50 per 1Ea","locations":{"VIC":{"price":19.5,"discountRate":50,"promo":"","orgPrice":39},"SA":{"price":19.5,"discountRate":50,"promo":"","orgPrice":39},"QLD":{"price":19.5,"discountRate":50,"promo":"","orgPrice":39},"NSW":{"price":19.5,"discountRate":50,"promo":"","orgPrice":39},"WA":{"price":19.5,"discountRate":50,"promo":"","orgPrice":39},"TAS":{"price":19.5,"discountRate":50,"promo":"","orgPrice":39},"ACT":{"price":19.5,"discountRate":50,"promo":"","orgPrice":39},"NT":{"price":20.47,"discountRate":50,"promo":"","orgPrice":40.95}},"categoryIds":["c-healthy-living","c-health-beauty"],"similarProducts":[]},{"id":"swisse-ultibiotic-daily-digestive-probiotic","name":"Ultibiotic Daily Digestive Probiotic 30 Capsules","brand":"Swisse","imageUrls":["https://shop.coles.com.au/wcsstore/Coles-CAS/images/3/4/6/3469260.jpg"],"storeId":"coles","packageSize":"1 pack","cupPrice":"$16.00 per 1Ea","locations":{"VIC":{"price":16,"discountRate":50,"promo":"","orgPrice":32},"SA":{"price":16,"discountRate":50,"promo":"","orgPrice":32},"QLD":{"price":16,"discountRate":50,"promo":"","orgPrice":32},"NSW":{"price":16,"discountRate":50,"promo":"","orgPrice":32},"WA":{"price":16,"discountRate":50,"promo":"","orgPrice":32},"TAS":{"price":16,"discountRate":50,"promo":"","orgPrice":32},"ACT":{"price":16,"discountRate":50,"promo":"","orgPrice":32},"NT":{"price":16.8,"discountRate":50,"promo":"","orgPrice":33.6}},"categoryIds":["c-healthy-living","c-health-beauty"],"similarProducts":[{"productId":"cw-89644","storeId":"chemist-warehouse"}]},{"id":"swisse-ultinatal-pre-conception-preg","name":"Ultinatal Pre-conception & Pregnancy Multivitamin 60 Capsules","brand":"Swisse","imageUrls":["https://shop.coles.com.au/wcsstore/Coles-CAS/images/3/4/6/3468869.jpg"],"storeId":"coles","packageSize":"1 pack","cupPrice":"$14.50 per 1Ea","locations":{"VIC":{"price":14.5,"discountRate":50,"promo":"","orgPrice":29},"SA":{"price":14.5,"discountRate":50,"promo":"","orgPrice":29},"QLD":{"price":14.5,"discountRate":50,"promo":"","orgPrice":29},"NSW":{"price":14.5,"discountRate":50,"promo":"","orgPrice":29},"WA":{"price":14.5,"discountRate":50,"promo":"","orgPrice":29},"TAS":{"price":14.5,"discountRate":50,"promo":"","orgPrice":29},"ACT":{"price":14.5,"discountRate":50,"promo":"","orgPrice":29},"NT":{"price":15.22,"discountRate":50,"promo":"","orgPrice":30.450000000000003}},"categoryIds":["c-healthy-living","c-health-beauty"],"similarProducts":[]},{"id":"swisse-ultibiotic-daily-ibs-probiotic","name":"Ultibiotic Daily IBS Probiotic Capsules","brand":"Swisse","imageUrls":["https://shop.coles.com.au/wcsstore/Coles-CAS/images/3/4/6/3469282.jpg"],"storeId":"coles","packageSize":"30 pack","cupPrice":"$53.34 per 100Ea","locations":{"VIC":{"price":16,"discountRate":50,"promo":"","orgPrice":32},"SA":{"price":16,"discountRate":50,"promo":"","orgPrice":32},"QLD":{"price":16,"discountRate":50,"promo":"","orgPrice":32},"NSW":{"price":16,"discountRate":50,"promo":"","orgPrice":32},"WA":{"price":16,"discountRate":50,"promo":"","orgPrice":32},"TAS":{"price":16,"discountRate":50,"promo":"","orgPrice":32},"ACT":{"price":16,"discountRate":50,"promo":"","orgPrice":32},"NT":{"price":16.8,"discountRate":50,"promo":"","orgPrice":33.6}},"categoryIds":["c-healthy-living","c-health-beauty"],"similarProducts":[]},{"id":"swisse-ultinatal-breastfeeding-support","name":"Ultinatal Breastfeeding Support Tablets","brand":"Swisse","imageUrls":["https://shop.coles.com.au/wcsstore/Coles-CAS/images/3/4/6/3468870.jpg"],"storeId":"coles","packageSize":"90 pack","cupPrice":"$0.16 per 1Ea","locations":{"VIC":{"price":14.5,"discountRate":50,"promo":"","orgPrice":29},"SA":{"price":14.5,"discountRate":50,"promo":"","orgPrice":29},"QLD":{"price":14.5,"discountRate":50,"promo":"","orgPrice":29},"NSW":{"price":14.5,"discountRate":50,"promo":"","orgPrice":29},"WA":{"price":14.5,"discountRate":50,"promo":"","orgPrice":29},"TAS":{"price":14.5,"discountRate":50,"promo":"","orgPrice":29},"ACT":{"price":14.5,"discountRate":50,"promo":"","orgPrice":29},"NT":{"price":15.22,"discountRate":50,"promo":"","orgPrice":30.450000000000003}},"categoryIds":["c-healthy-living","c-health-beauty"],"similarProducts":[]},{"id":"swisse-ultiboost-magnesium-sleep-powder","name":"Ultiboost Lemon & Honey Magnesium + Sleep Powder","brand":"Swisse","imageUrls":["https://shop.coles.com.au/wcsstore/Coles-CAS/images/3/4/7/3479570.jpg"],"storeId":"coles","packageSize":"180g","cupPrice":"$11.11 per 100G","locations":{"VIC":{"price":20,"discountRate":50,"promo":"","orgPrice":40},"SA":{"price":20,"discountRate":50,"promo":"","orgPrice":40},"QLD":{"price":20,"discountRate":50,"promo":"","orgPrice":40},"NSW":{"price":20,"discountRate":50,"promo":"","orgPrice":40},"WA":{"price":20,"discountRate":50,"promo":"","orgPrice":40},"TAS":{"price":20,"discountRate":50,"promo":"","orgPrice":40},"ACT":{"price":20,"discountRate":50,"promo":"","orgPrice":40},"NT":{"price":21,"discountRate":50,"promo":"","orgPrice":42}},"categoryIds":["c-healthy-living","c-health-beauty"],"similarProducts":[]},{"id":"swisse-ultivite-womens-everday-wellness-blend-3625050p","name":"Ultivite Women's Multivitamin + Superfood","brand":"Swisse","imageUrls":["https://shop.coles.com.au/wcsstore/Coles-CAS/images/3/6/2/3625050.jpg"],"storeId":"coles","packageSize":"7 pack","cupPrice":"$1.43 per 1Ea","locations":{"VIC":{"price":10,"discountRate":50,"promo":"","orgPrice":20},"SA":{"price":10,"discountRate":50,"promo":"","orgPrice":20},"QLD":{"price":10,"discountRate":50,"promo":"","orgPrice":20},"NSW":{"price":10,"discountRate":50,"promo":"","orgPrice":20},"WA":{"price":10,"discountRate":50,"promo":"","orgPrice":20},"TAS":{"price":10,"discountRate":50,"promo":"","orgPrice":20},"ACT":{"price":10,"discountRate":50,"promo":"","orgPrice":20},"NT":{"price":10.5,"discountRate":50,"promo":"","orgPrice":21}},"categoryIds":["c-healthy-living","c-health-beauty"],"similarProducts":[]},{"id":"swisse-beauty-collagen-renew-powder-3758359p","name":"Beauty Collagen Renew Powder","brand":"Swisse","imageUrls":["https://shop.coles.com.au/wcsstore/Coles-CAS/images/3/7/5/3758359.jpg"],"storeId":"coles","packageSize":"120g","cupPrice":"$12.08 per 100G","locations":{"VIC":{"price":14.5,"discountRate":52,"promo":"","orgPrice":30},"SA":{"price":14.5,"discountRate":52,"promo":"","orgPrice":30},"QLD":{"price":14.5,"discountRate":52,"promo":"","orgPrice":30},"NSW":{"price":14.5,"discountRate":52,"promo":"","orgPrice":30},"WA":{"price":14.5,"discountRate":52,"promo":"","orgPrice":30},"TAS":{"price":14.5,"discountRate":52,"promo":"","orgPrice":30},"ACT":{"price":14.5,"discountRate":52,"promo":"","orgPrice":30},"NT":{"price":15.22,"discountRate":52,"promo":"","orgPrice":31.5}},"categoryIds":["c-healthy-living","c-health-beauty"],"similarProducts":[]},{"id":"swisse-beauty-collagen-balance-powder-3765434p","name":"Beauty Collagen Balance Powder","brand":"Swisse","imageUrls":["https://shop.coles.com.au/wcsstore/Coles-CAS/images/3/7/6/3765434.jpg"],"storeId":"coles","packageSize":"120 GRAM","cupPrice":"","locations":{"VIC":{"price":14.5,"discountRate":52,"promo":"","orgPrice":30},"SA":{"price":14.5,"discountRate":52,"promo":"","orgPrice":30},"QLD":{"price":14.5,"discountRate":52,"promo":"","orgPrice":30},"NSW":{"price":14.5,"discountRate":52,"promo":"","orgPrice":30},"WA":{"price":14.5,"discountRate":52,"promo":"","orgPrice":30},"TAS":{"price":14.5,"discountRate":52,"promo":"","orgPrice":30},"ACT":{"price":14.5,"discountRate":52,"promo":"","orgPrice":30},"NT":{"price":15.22,"discountRate":52,"promo":"","orgPrice":31.5}},"categoryIds":["c-healthy-living","c-health-beauty"],"similarProducts":[]},{"id":"swisse-hs-australian-apple-cider-vinegar-3758304p","name":"High Strength Australian Apple Cider Vinegar","brand":"Swisse","imageUrls":["https://shop.coles.com.au/wcsstore/Coles-CAS/images/3/7/5/3758304.jpg"],"storeId":"coles","packageSize":"60 PACK","cupPrice":"","locations":{"VIC":{"price":8.5,"discountRate":50,"promo":"","orgPrice":17},"SA":{"price":8.5,"discountRate":50,"promo":"","orgPrice":17},"QLD":{"price":8.5,"discountRate":50,"promo":"","orgPrice":17},"NSW":{"price":8.5,"discountRate":50,"promo":"","orgPrice":17},"WA":{"price":8.5,"discountRate":50,"promo":"","orgPrice":17},"TAS":{"price":8.5,"discountRate":50,"promo":"","orgPrice":17},"ACT":{"price":8.5,"discountRate":50,"promo":"","orgPrice":17},"NT":{"price":8.92,"discountRate":50,"promo":"","orgPrice":17.85}},"categoryIds":["c-healthy-living","c-health-beauty"],"similarProducts":[]},{"id":"swisse-high-strength-magnesium-powder-berry","name":"High Strength Magnesium Powder Berry","brand":"Swisse","imageUrls":["https://shop.coles.com.au/wcsstore/Coles-CAS/images/3/7/5/3758268.jpg"],"storeId":"coles","packageSize":"180g","cupPrice":"$8.33 per 100G","locations":{"VIC":{"price":15,"discountRate":50,"promo":"","orgPrice":30},"SA":{"price":15,"discountRate":50,"promo":"","orgPrice":30},"QLD":{"price":15,"discountRate":50,"promo":"","orgPrice":30},"NSW":{"price":15,"discountRate":50,"promo":"","orgPrice":30},"WA":{"price":15,"discountRate":50,"promo":"","orgPrice":30},"TAS":{"price":15,"discountRate":50,"promo":"","orgPrice":30},"ACT":{"price":15,"discountRate":50,"promo":"","orgPrice":30},"NT":{"price":15.75,"discountRate":50,"promo":"","orgPrice":31.5}},"categoryIds":["c-healthy-living","c-health-beauty"],"similarProducts":[]},{"id":"swisse-pure-hemp-sed-oil","name":"Hemp Seed Oil Pure","brand":"Swisse","imageUrls":["https://shop.coles.com.au/wcsstore/Coles-CAS/images/3/7/5/3758360.jpg"],"storeId":"coles","packageSize":"60 PACK","cupPrice":"","locations":{"VIC":{"price":12.5,"discountRate":50,"promo":"","orgPrice":25},"SA":{"price":12.5,"discountRate":50,"promo":"","orgPrice":25},"QLD":{"price":12.5,"discountRate":50,"promo":"","orgPrice":25},"NSW":{"price":12.5,"discountRate":50,"promo":"","orgPrice":25},"WA":{"price":12.5,"discountRate":50,"promo":"","orgPrice":25},"TAS":{"price":12.5,"discountRate":50,"promo":"","orgPrice":25},"ACT":{"price":12.5,"discountRate":50,"promo":"","orgPrice":25},"NT":{"price":13.12,"discountRate":50,"promo":"","orgPrice":26.25}},"categoryIds":["c-healthy-living","c-health-beauty"],"similarProducts":[]},{"id":"swisse-ultibost-high-strength-organic-tumeric-3758290p","name":"Ultiboost High Strength Organic Tumeric","brand":"Swisse","imageUrls":["https://shop.coles.com.au/wcsstore/Coles-CAS/images/3/7/5/3758290.jpg"],"storeId":"coles","packageSize":"30 PACK","cupPrice":"","locations":{"VIC":{"price":12.5,"discountRate":50,"promo":"","orgPrice":25},"SA":{"price":12.5,"discountRate":50,"promo":"","orgPrice":25},"QLD":{"price":12.5,"discountRate":50,"promo":"","orgPrice":25},"NSW":{"price":12.5,"discountRate":50,"promo":"","orgPrice":25},"WA":{"price":12.5,"discountRate":50,"promo":"","orgPrice":25},"TAS":{"price":12.5,"discountRate":50,"promo":"","orgPrice":25},"ACT":{"price":12.5,"discountRate":50,"promo":"","orgPrice":25},"NT":{"price":13.12,"discountRate":50,"promo":"","orgPrice":26.25}},"categoryIds":["c-healthy-living","c-health-beauty"],"similarProducts":[]},{"id":"swisse-high-strength-magnesium-powder-orange","name":"High Strength Magnesium Powder Orange","brand":"Swisse","imageUrls":["https://shop.coles.com.au/wcsstore/Coles-CAS/images/3/7/5/3758257.jpg"],"storeId":"coles","packageSize":"180g","cupPrice":"$8.33 per 100G","locations":{"VIC":{"price":15,"discountRate":50,"promo":"","orgPrice":30},"SA":{"price":15,"discountRate":50,"promo":"","orgPrice":30},"QLD":{"price":15,"discountRate":50,"promo":"","orgPrice":30},"NSW":{"price":15,"discountRate":50,"promo":"","orgPrice":30},"WA":{"price":15,"discountRate":50,"promo":"","orgPrice":30},"TAS":{"price":15,"discountRate":50,"promo":"","orgPrice":30},"ACT":{"price":15,"discountRate":50,"promo":"","orgPrice":30},"NT":{"price":15.75,"discountRate":50,"promo":"","orgPrice":31.5}},"categoryIds":["c-healthy-living","c-health-beauty"],"similarProducts":[]},{"id":"vitaqik-liposomal-turmeric-spray","name":"Liposomal Turmeric Spray","brand":"Vitaqik","imageUrls":["https://shop.coles.com.au/wcsstore/Coles-CAS/images/3/7/5/3758177.jpg"],"storeId":"coles","packageSize":"50mL","cupPrice":"$20.00 per 100mL","locations":{"VIC":{"price":10,"discountRate":50,"promo":"","orgPrice":20},"SA":{"price":10,"discountRate":50,"promo":"","orgPrice":20},"QLD":{"price":10,"discountRate":50,"promo":"","orgPrice":20},"NSW":{"price":10,"discountRate":50,"promo":"","orgPrice":20},"WA":{"price":10,"discountRate":50,"promo":"","orgPrice":20},"TAS":{"price":10,"discountRate":50,"promo":"","orgPrice":20},"ACT":{"price":10,"discountRate":50,"promo":"","orgPrice":20},"NT":{"price":10.5,"discountRate":50,"promo":"","orgPrice":21}},"categoryIds":["c-healthy-living","c-health-beauty"],"similarProducts":[]},{"id":"vitaqik-liposomal-vitamin-c-spray","name":"Liposomal Vitamin C Spray","brand":"Vitaqik","imageUrls":["https://shop.coles.com.au/wcsstore/Coles-CAS/images/3/7/5/3758188.jpg"],"storeId":"coles","packageSize":"50mL","cupPrice":"$20.00 per 100mL","locations":{"VIC":{"price":10,"discountRate":50,"promo":"","orgPrice":20},"SA":{"price":10,"discountRate":50,"promo":"","orgPrice":20},"QLD":{"price":10,"discountRate":50,"promo":"","orgPrice":20},"NSW":{"price":10,"discountRate":50,"promo":"","orgPrice":20},"WA":{"price":10,"discountRate":50,"promo":"","orgPrice":20},"TAS":{"price":10,"discountRate":50,"promo":"","orgPrice":20},"ACT":{"price":10,"discountRate":50,"promo":"","orgPrice":20},"NT":{"price":10.5,"discountRate":50,"promo":"","orgPrice":21}},"categoryIds":["c-healthy-living","c-health-beauty"],"similarProducts":[]},{"id":"comfort-fabric-softener-pure","name":"Pure White Fabric Softener","brand":"Comfort","imageUrls":["https://shop.coles.com.au/wcsstore/Coles-CAS/images/8/2/1/8210936.jpg"],"storeId":"coles","packageSize":"800mL","cupPrice":"$4.38 per 1L","locations":{"VIC":{"price":3.5,"discountRate":50,"promo":"","orgPrice":7},"SA":{"price":3.5,"discountRate":50,"promo":"","orgPrice":7},"QLD":{"price":3.5,"discountRate":50,"promo":"","orgPrice":7},"NSW":{"price":3.5,"discountRate":50,"promo":"","orgPrice":7},"WA":{"price":3.5,"discountRate":50,"promo":"","orgPrice":7},"TAS":{"price":3.5,"discountRate":50,"promo":"","orgPrice":7},"ACT":{"price":3.5,"discountRate":50,"promo":"","orgPrice":7},"NT":{"price":3.67,"discountRate":50,"promo":"","orgPrice":7.35}},"categoryIds":["c-household"],"similarProducts":[]},{"id":"bref-blue-active-toilet-cleaner-eucalyptus","name":"Blue Active Toilet Cleaner Eucalyptus","brand":"Bref","imageUrls":["https://shop.coles.com.au/wcsstore/Coles-CAS/images/3/0/3/3032819.jpg"],"storeId":"coles","packageSize":"50g","cupPrice":"$6.00 per 100G","locations":{"VIC":{"price":3,"discountRate":50,"promo":"","orgPrice":6},"SA":{"price":3,"discountRate":50,"promo":"","orgPrice":6},"QLD":{"price":3,"discountRate":50,"promo":"","orgPrice":6},"NSW":{"price":3,"discountRate":50,"promo":"","orgPrice":6},"WA":{"price":3,"discountRate":50,"promo":"","orgPrice":6},"TAS":{"price":3,"discountRate":50,"promo":"","orgPrice":6},"ACT":{"price":3,"discountRate":50,"promo":"","orgPrice":6},"NT":{"price":3.15,"discountRate":50,"promo":"","orgPrice":6.3}},"categoryIds":["c-household"],"similarProducts":[]},{"id":"comfort--fabric-softener-sky-blue","name":"Sky Blue Fabric Softener","brand":"Comfort","imageUrls":["https://shop.coles.com.au/wcsstore/Coles-CAS/images/8/2/1/8211043.jpg"],"storeId":"coles","packageSize":"800mL","cupPrice":"$4.38 per 1L","locations":{"VIC":{"price":3.5,"discountRate":50,"promo":"","orgPrice":7},"SA":{"price":3.5,"discountRate":50,"promo":"","orgPrice":7},"QLD":{"price":3.5,"discountRate":50,"promo":"","orgPrice":7},"NSW":{"price":3.5,"discountRate":50,"promo":"","orgPrice":7},"WA":{"price":3.5,"discountRate":50,"promo":"","orgPrice":7},"TAS":{"price":3.5,"discountRate":50,"promo":"","orgPrice":7},"ACT":{"price":3.5,"discountRate":50,"promo":"","orgPrice":7},"NT":{"price":3.67,"discountRate":50,"promo":"","orgPrice":7.35}},"categoryIds":["c-household"],"similarProducts":[]},{"id":"handee-ultra-paper-towels-white","name":"Ultra White Paper Towels","brand":"Handee","imageUrls":["https://shop.coles.com.au/wcsstore/Coles-CAS/images/7/3/1/7316589.jpg"],"storeId":"coles","packageSize":"4 pack","cupPrice":"$1.15 per 100Ea","locations":{"VIC":{"price":2.75,"discountRate":50,"promo":"","orgPrice":5.5},"SA":{"price":2.75,"discountRate":50,"promo":"","orgPrice":5.5},"QLD":{"price":2.75,"discountRate":50,"promo":"","orgPrice":5.5},"NSW":{"price":2.75,"discountRate":50,"promo":"","orgPrice":5.5},"WA":{"price":2.75,"discountRate":50,"promo":"","orgPrice":5.5},"TAS":{"price":2.75,"discountRate":50,"promo":"","orgPrice":5.5},"ACT":{"price":2.75,"discountRate":50,"promo":"","orgPrice":5.5},"NT":{"price":2.89,"discountRate":50,"promo":"","orgPrice":5.78}},"categoryIds":["c-household"],"similarProducts":[]},{"id":"finish-0-dishwashing-tablets-3513318p","name":"Dishwasher Tablets","brand":"Finish","imageUrls":["https://shop.coles.com.au/wcsstore/Coles-CAS/images/3/5/1/3513318.jpg"],"storeId":"coles","packageSize":"42 pack","cupPrice":"$0.38 per 1Ea","locations":{"VIC":{"price":16,"discountRate":50,"promo":"","orgPrice":32},"SA":{"price":16,"discountRate":50,"promo":"","orgPrice":32},"QLD":{"price":16,"discountRate":50,"promo":"","orgPrice":32},"NSW":{"price":16,"discountRate":50,"promo":"","orgPrice":32},"WA":{"price":16,"discountRate":50,"promo":"","orgPrice":32},"TAS":{"price":16,"discountRate":50,"promo":"","orgPrice":32},"ACT":{"price":16,"discountRate":50,"promo":"","orgPrice":32},"NT":{"price":16.8,"discountRate":50,"promo":"","orgPrice":33.6}},"categoryIds":["c-household"],"similarProducts":[]},{"id":"finish-dishwasher-cleaner-lemon","name":"Lemon Dishwasher Cleaner","brand":"Finish","imageUrls":["https://shop.coles.com.au/wcsstore/Coles-CAS/images/7/5/5/7556017.jpg"],"storeId":"coles","packageSize":"250mL","cupPrice":"$3.20 per 100mL","locations":{"VIC":{"price":8,"discountRate":50,"promo":"Any 2 $8","orgPrice":8},"SA":{"price":8,"discountRate":50,"promo":"Any 2 $8","orgPrice":8},"QLD":{"price":8,"discountRate":50,"promo":"Any 2 $8","orgPrice":8},"NSW":{"price":8,"discountRate":50,"promo":"Any 2 $8","orgPrice":8},"WA":{"price":8,"discountRate":50,"promo":"Any 2 $8","orgPrice":8},"TAS":{"price":8,"discountRate":50,"promo":"Any 2 $8","orgPrice":8},"ACT":{"price":8,"discountRate":50,"promo":"Any 2 $8","orgPrice":8},"NT":{"price":8.4,"discountRate":52,"promo":"Any 2 $8","orgPrice":8.4}},"categoryIds":["c-household"],"similarProducts":[]},{"id":"morning-fresh-dishwashing-liquid-super-concentrate-original-fresh-9736075p","name":"Super Strength Original Dishwashing Liquid","brand":"Morning Fresh","imageUrls":["https://shop.coles.com.au/wcsstore/Coles-CAS/images/9/7/3/9736075.jpg"],"storeId":"coles","packageSize":"900mL","cupPrice":"$0.42 per 100mL","locations":{"VIC":{"price":3.75,"discountRate":50,"promo":"","orgPrice":7.5},"SA":{"price":3.75,"discountRate":50,"promo":"","orgPrice":7.5},"QLD":{"price":3.75,"discountRate":50,"promo":"","orgPrice":7.5},"NSW":{"price":3.75,"discountRate":50,"promo":"","orgPrice":7.5},"WA":{"price":3.75,"discountRate":50,"promo":"","orgPrice":7.5},"TAS":{"price":3.75,"discountRate":50,"promo":"","orgPrice":7.5},"ACT":{"price":3.75,"discountRate":50,"promo":"","orgPrice":7.5},"NT":{"price":3.94,"discountRate":47,"promo":"","orgPrice":7.5}},"categoryIds":["c-household"],"similarProducts":[]},{"id":"biozet-attack-front-top-loader-laundry-powder","name":"Attack Front & Top Loader Laundry Powder","brand":"Biozet","imageUrls":["https://shop.coles.com.au/wcsstore/Coles-CAS/images/2/5/9/2597877.jpg"],"storeId":"coles","packageSize":"2kg","cupPrice":"$5.00 per 1Kg","locations":{"VIC":{"price":10,"discountRate":50,"promo":"","orgPrice":20},"SA":{"price":10,"discountRate":50,"promo":"","orgPrice":20},"QLD":{"price":10,"discountRate":50,"promo":"","orgPrice":20},"NSW":{"price":10,"discountRate":50,"promo":"","orgPrice":20},"WA":{"price":10,"discountRate":50,"promo":"","orgPrice":20},"TAS":{"price":10,"discountRate":50,"promo":"","orgPrice":20},"ACT":{"price":10,"discountRate":50,"promo":"","orgPrice":20},"NT":{"price":10.5,"discountRate":50,"promo":"","orgPrice":21}},"categoryIds":["c-household"],"similarProducts":[{"productId":"w-431171-4901301511591","storeId":"woolworths"}]},{"id":"finish-dishwash-quantum-ultimate-pro-lemon-3679150p","name":"Quantum Ultimate Pro Lemon Dishwash Tablets","brand":"Finish","imageUrls":["https://shop.coles.com.au/wcsstore/Coles-CAS/images/3/6/7/3679150.jpg"],"storeId":"coles","packageSize":"32 pack","cupPrice":"$0.50 per 1Ea","locations":{"VIC":{"price":16,"discountRate":50,"promo":"","orgPrice":32},"SA":{"price":16,"discountRate":50,"promo":"","orgPrice":32},"QLD":{"price":16,"discountRate":50,"promo":"","orgPrice":32},"NSW":{"price":16,"discountRate":50,"promo":"","orgPrice":32},"WA":{"price":16,"discountRate":50,"promo":"","orgPrice":32},"TAS":{"price":16,"discountRate":50,"promo":"","orgPrice":32},"ACT":{"price":16,"discountRate":50,"promo":"","orgPrice":32},"NT":{"price":16.8,"discountRate":50,"promo":"","orgPrice":33.6}},"categoryIds":["c-household"],"similarProducts":[]},{"id":"biozet-attack-front-top-loader-liquid","name":"Attack Front & Top Loader Regular Laundry Liquid","brand":"Biozet","imageUrls":["https://shop.coles.com.au/wcsstore/Coles-CAS/images/2/6/8/2688214.jpg"],"storeId":"coles","packageSize":"2L","cupPrice":"$5.00 per 1L","locations":{"VIC":{"price":10,"discountRate":50,"promo":"","orgPrice":20},"SA":{"price":10,"discountRate":50,"promo":"","orgPrice":20},"QLD":{"price":10,"discountRate":50,"promo":"","orgPrice":20},"NSW":{"price":10,"discountRate":50,"promo":"","orgPrice":20},"WA":{"price":10,"discountRate":50,"promo":"","orgPrice":20},"TAS":{"price":10,"discountRate":50,"promo":"","orgPrice":20},"ACT":{"price":10,"discountRate":50,"promo":"","orgPrice":20},"NT":{"price":10.5,"discountRate":50,"promo":"","orgPrice":21}},"categoryIds":["c-household"],"similarProducts":[{"productId":"w-425288-4710363777698","storeId":"woolworths"}]},{"id":"finish-dishwasher-cleaner","name":"Original Dishwasher Cleaner","brand":"Finish","imageUrls":["https://shop.coles.com.au/wcsstore/Coles-CAS/images/6/5/7/6573123.jpg"],"storeId":"coles","packageSize":"250mL","cupPrice":"$3.20 per 100mL","locations":{"VIC":{"price":8,"discountRate":50,"promo":"Any 2 $8","orgPrice":8},"SA":{"price":8,"discountRate":50,"promo":"Any 2 $8","orgPrice":8},"QLD":{"price":8,"discountRate":50,"promo":"Any 2 $8","orgPrice":8},"NSW":{"price":8,"discountRate":50,"promo":"Any 2 $8","orgPrice":8},"WA":{"price":8,"discountRate":50,"promo":"Any 2 $8","orgPrice":8},"TAS":{"price":8,"discountRate":50,"promo":"Any 2 $8","orgPrice":8},"ACT":{"price":8,"discountRate":50,"promo":"Any 2 $8","orgPrice":8},"NT":{"price":8.4,"discountRate":52,"promo":"Any 2 $8","orgPrice":8.4}},"categoryIds":["c-household"],"similarProducts":[]},{"id":"finish-in-wash-dishwasher-cleaner","name":"Dishwasher Cleaner Tablets","brand":"Finish","imageUrls":["https://shop.coles.com.au/wcsstore/Coles-CAS/images/3/5/1/3514682.jpg"],"storeId":"coles","packageSize":"3 pack","cupPrice":"$1.67 per 1Ea","locations":{"VIC":{"price":5,"discountRate":50,"promo":"","orgPrice":10},"SA":{"price":5,"discountRate":50,"promo":"","orgPrice":10},"QLD":{"price":5,"discountRate":50,"promo":"","orgPrice":10},"NSW":{"price":5,"discountRate":50,"promo":"","orgPrice":10},"WA":{"price":5,"discountRate":50,"promo":"","orgPrice":10},"TAS":{"price":5,"discountRate":50,"promo":"","orgPrice":10},"ACT":{"price":5,"discountRate":50,"promo":"","orgPrice":10},"NT":{"price":5.25,"discountRate":50,"promo":"","orgPrice":10.5}},"categoryIds":["c-household"],"similarProducts":[]},{"id":"finish-quantum-ultimate-pro-baking-soda","name":"Quantum Ultimate Pro Baking Soda","brand":"Finish","imageUrls":["https://shop.coles.com.au/wcsstore/Coles-CAS/images/3/7/0/3701012.jpg"],"storeId":"coles","packageSize":"32 pack","cupPrice":"$0.50 per 1Ea","locations":{"VIC":{"price":16,"discountRate":50,"promo":"","orgPrice":32},"SA":{"price":16,"discountRate":50,"promo":"","orgPrice":32},"QLD":{"price":16,"discountRate":50,"promo":"","orgPrice":32},"NSW":{"price":16,"discountRate":50,"promo":"","orgPrice":32},"WA":{"price":16,"discountRate":50,"promo":"","orgPrice":32},"TAS":{"price":16,"discountRate":50,"promo":"","orgPrice":32},"ACT":{"price":16,"discountRate":50,"promo":"","orgPrice":32},"NT":{"price":16.8,"discountRate":50,"promo":"","orgPrice":33.6}},"categoryIds":["c-household"],"similarProducts":[]},{"id":"finish-dishwash-quantum-ultimate-pro-original","name":"Quantum Ultimate Pro Original Dishwash Tablets","brand":"Finish","imageUrls":["https://shop.coles.com.au/wcsstore/Coles-CAS/images/3/6/7/3679140.jpg"],"storeId":"coles","packageSize":"32 pack","cupPrice":"$0.50 per 1Ea","locations":{"VIC":{"price":16,"discountRate":50,"promo":"","orgPrice":32},"SA":{"price":16,"discountRate":50,"promo":"","orgPrice":32},"QLD":{"price":16,"discountRate":50,"promo":"","orgPrice":32},"NSW":{"price":16,"discountRate":50,"promo":"","orgPrice":32},"WA":{"price":16,"discountRate":50,"promo":"","orgPrice":32},"TAS":{"price":16,"discountRate":50,"promo":"","orgPrice":32},"ACT":{"price":16,"discountRate":50,"promo":"","orgPrice":32},"NT":{"price":16.8,"discountRate":50,"promo":"","orgPrice":33.6}},"categoryIds":["c-household"],"similarProducts":[]},{"id":"morning-fresh-dishwashing-liquid-super-concentrate-lime-fresh","name":"Super Strength Lime Fresh Dishwashing Liquid","brand":"Morning Fresh","imageUrls":["https://shop.coles.com.au/wcsstore/Coles-CAS/images/5/0/9/5091513.jpg"],"storeId":"coles","packageSize":"900mL","cupPrice":"$0.42 per 100mL","locations":{"VIC":{"price":3.75,"discountRate":50,"promo":"","orgPrice":7.5},"SA":{"price":3.75,"discountRate":50,"promo":"","orgPrice":7.5},"QLD":{"price":3.75,"discountRate":50,"promo":"","orgPrice":7.5},"NSW":{"price":3.75,"discountRate":50,"promo":"","orgPrice":7.5},"WA":{"price":3.75,"discountRate":50,"promo":"","orgPrice":7.5},"TAS":{"price":3.75,"discountRate":50,"promo":"","orgPrice":7.5},"ACT":{"price":3.75,"discountRate":50,"promo":"","orgPrice":7.5},"NT":{"price":3.94,"discountRate":49,"promo":"","orgPrice":7.779999999999999}},"categoryIds":["c-household"],"similarProducts":[]},{"id":"morning-fresh-dishwashing-liquid-super-concentrate-lemon-fresh","name":"Super Strength Lemon Dishwashing Liquid","brand":"Morning Fresh","imageUrls":["https://shop.coles.com.au/wcsstore/Coles-CAS/images/9/7/3/9735935.jpg"],"storeId":"coles","packageSize":"900mL","cupPrice":"$0.42 per 100mL","locations":{"VIC":{"price":3.75,"discountRate":50,"promo":"","orgPrice":7.5},"SA":{"price":3.75,"discountRate":50,"promo":"","orgPrice":7.5},"QLD":{"price":3.75,"discountRate":50,"promo":"","orgPrice":7.5},"NSW":{"price":3.75,"discountRate":50,"promo":"","orgPrice":7.5},"WA":{"price":3.75,"discountRate":50,"promo":"","orgPrice":7.5},"TAS":{"price":3.75,"discountRate":50,"promo":"","orgPrice":7.5},"ACT":{"price":3.75,"discountRate":50,"promo":"","orgPrice":7.5},"NT":{"price":3.94,"discountRate":47,"promo":"","orgPrice":7.5}},"categoryIds":["c-household"],"similarProducts":[]},{"id":"morning-fresh-dishwashing-liquid-raspberry-crisp-ap","name":"Raspberry & Crisp Apple Dishwashing Liquid","brand":"Morning Fresh","imageUrls":["https://shop.coles.com.au/wcsstore/Coles-CAS/images/3/2/0/3208890.jpg"],"storeId":"coles","packageSize":"900mL","cupPrice":"$0.42 per 100mL","locations":{"VIC":{"price":3.75,"discountRate":50,"promo":"","orgPrice":7.5},"SA":{"price":3.75,"discountRate":50,"promo":"","orgPrice":7.5},"QLD":{"price":3.75,"discountRate":50,"promo":"","orgPrice":7.5},"NSW":{"price":3.75,"discountRate":50,"promo":"","orgPrice":7.5},"WA":{"price":3.75,"discountRate":50,"promo":"","orgPrice":7.5},"TAS":{"price":3.75,"discountRate":50,"promo":"","orgPrice":7.5},"ACT":{"price":3.75,"discountRate":50,"promo":"","orgPrice":7.5},"NT":{"price":3.94,"discountRate":50,"promo":"","orgPrice":7.88}},"categoryIds":["c-household"],"similarProducts":[]},{"id":"sistema-ultra-container-13-litre","name":"Ultra Clear Tritan Container 1.3L","brand":"Sistema","imageUrls":["https://shop.coles.com.au/wcsstore/Coles-CAS/images/3/6/3/3633160.jpg"],"storeId":"coles","packageSize":"","cupPrice":"$6.00 per 1Ea","categoryIds":["c-household"],"similarProducts":[],"locations":{"ALL":{"price":6,"discountRate":50,"promo":"","orgPrice":12}}},{"id":"sistema-ultra-container-920ml","name":"Ultra Clear Tritan Container 920mL","brand":"Sistema","imageUrls":["https://shop.coles.com.au/wcsstore/Coles-CAS/images/3/6/3/3633149.jpg"],"storeId":"coles","packageSize":"","cupPrice":"$5.00 per 1Ea","categoryIds":["c-household"],"similarProducts":[],"locations":{"ALL":{"price":5,"discountRate":50,"promo":"","orgPrice":10}}},{"id":"comfort-fbrc-conditioner-exotic-oriental","name":"Exotic Oriental Fabric Conditioner","brand":"Comfort","imageUrls":["https://shop.coles.com.au/wcsstore/Coles-CAS/images/3/7/3/3735590.jpg"],"storeId":"coles","packageSize":"750mL","cupPrice":"$4.67 per 1L","locations":{"VIC":{"price":3.5,"discountRate":50,"promo":"","orgPrice":7},"SA":{"price":3.5,"discountRate":50,"promo":"","orgPrice":7},"QLD":{"price":3.5,"discountRate":50,"promo":"","orgPrice":7},"NSW":{"price":3.5,"discountRate":50,"promo":"","orgPrice":7},"TAS":{"price":3.5,"discountRate":50,"promo":"","orgPrice":7},"ACT":{"price":3.5,"discountRate":50,"promo":"","orgPrice":7},"NT":{"price":3.67,"discountRate":50,"promo":"","orgPrice":7.35}},"categoryIds":["c-household"],"similarProducts":[]},{"id":"biozet-attack-plus-softener","name":"Attack Plus Softener","brand":"Biozet","imageUrls":["https://shop.coles.com.au/wcsstore/Coles-CAS/images/3/1/9/3196430.jpg"],"storeId":"coles","packageSize":"2L","cupPrice":"$5.50 per 1L","locations":{"VIC":{"price":11,"discountRate":50,"promo":"","orgPrice":22},"SA":{"price":11,"discountRate":50,"promo":"","orgPrice":22},"QLD":{"price":11,"discountRate":50,"promo":"","orgPrice":22},"NSW":{"price":11,"discountRate":50,"promo":"","orgPrice":22},"WA":{"price":11,"discountRate":50,"promo":"","orgPrice":22},"TAS":{"price":11,"discountRate":50,"promo":"","orgPrice":22},"ACT":{"price":11,"discountRate":50,"promo":"","orgPrice":22},"NT":{"price":11.55,"discountRate":50,"promo":"","orgPrice":23.1}},"categoryIds":["c-household"],"similarProducts":[]},{"id":"biozet-attack-plus-eliminator-laundry-liq","name":"Attack Plus Eliminator Laundry Powder","brand":"Biozet","imageUrls":["https://shop.coles.com.au/wcsstore/Coles-CAS/images/3/7/8/3788000.jpg"],"storeId":"coles","packageSize":"2kg","cupPrice":"$5.50 per 1Kg","locations":{"VIC":{"price":11,"discountRate":50,"promo":"","orgPrice":22},"SA":{"price":11,"discountRate":50,"promo":"","orgPrice":22},"QLD":{"price":11,"discountRate":50,"promo":"","orgPrice":22},"NSW":{"price":11,"discountRate":50,"promo":"","orgPrice":22},"WA":{"price":11,"discountRate":50,"promo":"","orgPrice":22},"TAS":{"price":11,"discountRate":50,"promo":"","orgPrice":22},"ACT":{"price":11,"discountRate":50,"promo":"","orgPrice":22},"NT":{"price":11.55,"discountRate":50,"promo":"","orgPrice":23.1}},"categoryIds":["c-household"],"similarProducts":[]},{"id":"bref-purple-active-in-bowl-lavender","name":"Purple Active Lavender","brand":"Bref","imageUrls":["https://shop.coles.com.au/wcsstore/Coles-CAS/images/3/7/4/3744773.jpg"],"storeId":"coles","packageSize":"50g","cupPrice":"$6.00 per 100G","locations":{"VIC":{"price":3,"discountRate":50,"promo":"","orgPrice":6},"SA":{"price":3,"discountRate":50,"promo":"","orgPrice":6},"QLD":{"price":3,"discountRate":50,"promo":"","orgPrice":6},"NSW":{"price":3,"discountRate":50,"promo":"","orgPrice":6},"WA":{"price":3,"discountRate":50,"promo":"","orgPrice":6},"TAS":{"price":3,"discountRate":50,"promo":"","orgPrice":6},"ACT":{"price":3,"discountRate":50,"promo":"","orgPrice":6},"NT":{"price":3.15,"discountRate":50,"promo":"","orgPrice":6.3}},"categoryIds":["c-household"],"similarProducts":[]},{"id":"comfort-aromatherapy-fabric-soft-amber-rose","name":"Aromatherapy Amber And Rose Fabric Conditioner","brand":"Comfort","imageUrls":["https://shop.coles.com.au/wcsstore/Coles-CAS/images/2/9/1/2916319.jpg"],"storeId":"coles","packageSize":"750mL","cupPrice":"$4.67 per 1L","locations":{"VIC":{"price":3.5,"discountRate":50,"promo":"","orgPrice":7},"SA":{"price":3.5,"discountRate":50,"promo":"","orgPrice":7},"QLD":{"price":3.5,"discountRate":50,"promo":"","orgPrice":7},"NSW":{"price":3.5,"discountRate":50,"promo":"","orgPrice":7},"WA":{"price":3.5,"discountRate":50,"promo":"","orgPrice":7},"TAS":{"price":3.5,"discountRate":50,"promo":"","orgPrice":7},"ACT":{"price":3.5,"discountRate":50,"promo":"","orgPrice":7},"NT":{"price":3.67,"discountRate":50,"promo":"","orgPrice":7.35}},"categoryIds":["c-household"],"similarProducts":[]},{"id":"biozet-attack-plus-quick-wash-laundry-liquid","name":"Attack Plus Quick Wash Laundry Liquid","brand":"Biozet","imageUrls":["https://shop.coles.com.au/wcsstore/Coles-CAS/images/3/7/8/3788054.jpg"],"storeId":"coles","packageSize":"2L","cupPrice":"$5.50 per 1L","locations":{"VIC":{"price":11,"discountRate":50,"promo":"","orgPrice":22},"SA":{"price":11,"discountRate":50,"promo":"","orgPrice":22},"QLD":{"price":11,"discountRate":50,"promo":"","orgPrice":22},"TAS":{"price":11,"discountRate":50,"promo":"","orgPrice":22},"ACT":{"price":11,"discountRate":50,"promo":"","orgPrice":22}},"categoryIds":["c-household"],"similarProducts":[]},{"id":"biozet-attack-plus-eliminator-laundry-liquid","name":"Eliminator Laundry Liquid","brand":"Biozet Attack Plus","imageUrls":["https://shop.coles.com.au/wcsstore/Coles-CAS/images/3/4/6/3465157.jpg"],"storeId":"coles","packageSize":"2L","cupPrice":"$5.50 per 1L","locations":{"VIC":{"price":11,"discountRate":50,"promo":"","orgPrice":22},"SA":{"price":11,"discountRate":50,"promo":"","orgPrice":22},"QLD":{"price":11,"discountRate":50,"promo":"","orgPrice":22},"NSW":{"price":11,"discountRate":50,"promo":"","orgPrice":22},"WA":{"price":11,"discountRate":50,"promo":"","orgPrice":22},"TAS":{"price":11,"discountRate":50,"promo":"","orgPrice":22},"ACT":{"price":11,"discountRate":50,"promo":"","orgPrice":22},"NT":{"price":11.55,"discountRate":50,"promo":"","orgPrice":23.1}},"categoryIds":["c-household"],"similarProducts":[]},{"id":"bonds-mens-trunks-guy-front-large","name":"Mens Guyfront Trunks Large","brand":"Bonds","imageUrls":["https://shop.coles.com.au/wcsstore/Coles-CAS/images/5/2/1/5215343.jpg"],"storeId":"coles","packageSize":"1 pack","cupPrice":"","locations":{"VIC":{"price":11,"discountRate":50,"promo":"","orgPrice":22},"SA":{"price":11,"discountRate":50,"promo":"","orgPrice":22},"QLD":{"price":11,"discountRate":45,"promo":"","orgPrice":20},"NSW":{"price":11,"discountRate":45,"promo":"","orgPrice":20},"WA":{"price":11,"discountRate":50,"promo":"","orgPrice":22},"TAS":{"price":11,"discountRate":45,"promo":"","orgPrice":20},"ACT":{"price":11,"discountRate":45,"promo":"","orgPrice":20},"NT":{"price":11,"discountRate":45,"promo":"","orgPrice":20}},"categoryIds":["c-household"],"similarProducts":[]},{"id":"bonds-1089s-ladies-bikini-briefs-3629797p","name":"1089s Ladies Bikini Briefs Size 12","brand":"Bonds","imageUrls":["https://shop.coles.com.au/wcsstore/Coles-CAS/images/3/6/2/3629797.jpg"],"storeId":"coles","packageSize":"2 pack","cupPrice":"$4.50 per 1Ea","categoryIds":["c-household"],"similarProducts":[],"locations":{"ALL":{"price":9,"discountRate":50,"promo":"","orgPrice":18}}},{"id":"bonds-1089s-ladies-bikini-briefs-3629786p","name":"1089s Ladies Bikini Briefs Size 10","brand":"Bonds","imageUrls":["https://shop.coles.com.au/wcsstore/Coles-CAS/images/3/6/2/3629786.jpg"],"storeId":"coles","packageSize":"2 pack","cupPrice":"$4.50 per 1Ea","categoryIds":["c-household"],"similarProducts":[],"locations":{"ALL":{"price":9,"discountRate":50,"promo":"","orgPrice":18}}},{"id":"bref-scent-switch-toilet-cleaner-marine-citrus","name":"Scent Switch Marine Aromatic & Citrus Toilet Cleaner","brand":"Bref","imageUrls":["https://shop.coles.com.au/wcsstore/Coles-CAS/images/3/4/7/3475875.jpg"],"storeId":"coles","packageSize":"50g","cupPrice":"$6.00 per 100G","locations":{"VIC":{"price":3,"discountRate":50,"promo":"","orgPrice":6},"SA":{"price":3,"discountRate":50,"promo":"","orgPrice":6},"QLD":{"price":3,"discountRate":50,"promo":"","orgPrice":6},"NSW":{"price":3,"discountRate":50,"promo":"","orgPrice":6},"WA":{"price":3,"discountRate":50,"promo":"","orgPrice":6},"TAS":{"price":3,"discountRate":50,"promo":"","orgPrice":6},"ACT":{"price":3,"discountRate":50,"promo":"","orgPrice":6},"NT":{"price":3.15,"discountRate":50,"promo":"","orgPrice":6.3}},"categoryIds":["c-household"],"similarProducts":[]},{"id":"bref-scent-switch-toilet-cleaner-apple-lily","name":"Floral Apple & Water Lily Scent Switch Toilet Cleaner","brand":"Bref","imageUrls":["https://shop.coles.com.au/wcsstore/Coles-CAS/images/3/4/7/3475853.jpg"],"storeId":"coles","packageSize":"50g","cupPrice":"$6.00 per 100G","locations":{"VIC":{"price":3,"discountRate":50,"promo":"","orgPrice":6},"SA":{"price":3,"discountRate":50,"promo":"","orgPrice":6},"QLD":{"price":3,"discountRate":50,"promo":"","orgPrice":6},"NSW":{"price":3,"discountRate":50,"promo":"","orgPrice":6},"WA":{"price":3,"discountRate":50,"promo":"","orgPrice":6},"TAS":{"price":3,"discountRate":50,"promo":"","orgPrice":6},"ACT":{"price":3,"discountRate":50,"promo":"","orgPrice":6},"NT":{"price":3.15,"discountRate":50,"promo":"","orgPrice":6.3}},"categoryIds":["c-household"],"similarProducts":[]},{"id":"bref-scent-switch-toilet-cleaner-peach-apple","name":"Scent Switch Peach & Apple Toilet Cleaner","brand":"Bref","imageUrls":["https://shop.coles.com.au/wcsstore/Coles-CAS/images/3/4/7/3475864.jpg"],"storeId":"coles","packageSize":"50g","cupPrice":"$6.00 per 100G","locations":{"VIC":{"price":3,"discountRate":50,"promo":"","orgPrice":6},"SA":{"price":3,"discountRate":50,"promo":"","orgPrice":6},"QLD":{"price":3,"discountRate":50,"promo":"","orgPrice":6},"NSW":{"price":3,"discountRate":50,"promo":"","orgPrice":6},"WA":{"price":3,"discountRate":50,"promo":"","orgPrice":6},"TAS":{"price":3,"discountRate":50,"promo":"","orgPrice":6},"ACT":{"price":3,"discountRate":50,"promo":"","orgPrice":6},"NT":{"price":3.15,"discountRate":50,"promo":"","orgPrice":6.3}},"categoryIds":["c-household"],"similarProducts":[]},{"id":"bref-deluxe-in-bowl-cleaner-lovely-jasmine","name":"Deluxe In Bowl Cleaner Lovely Jasmine","brand":"Bref","imageUrls":["https://shop.coles.com.au/wcsstore/Coles-CAS/images/3/7/4/3744729.jpg"],"storeId":"coles","packageSize":"50 GRAM","cupPrice":"","locations":{"VIC":{"price":3,"discountRate":50,"promo":"","orgPrice":6},"SA":{"price":3,"discountRate":50,"promo":"","orgPrice":6},"QLD":{"price":3,"discountRate":50,"promo":"","orgPrice":6},"NSW":{"price":3,"discountRate":50,"promo":"","orgPrice":6},"WA":{"price":3,"discountRate":50,"promo":"","orgPrice":6},"TAS":{"price":3,"discountRate":50,"promo":"","orgPrice":6},"ACT":{"price":3,"discountRate":50,"promo":"","orgPrice":6},"NT":{"price":3.15,"discountRate":50,"promo":"","orgPrice":6.3}},"categoryIds":["c-household"],"similarProducts":[]},{"id":"bref-deluxe-in-bowl-cleaner-delicate-magnolia","name":"Deluxe In Bowl Cleaner Delicate Magnolia","brand":"Bref","imageUrls":["https://shop.coles.com.au/wcsstore/Coles-CAS/images/3/7/4/3744718.jpg"],"storeId":"coles","packageSize":"50 GRAM","cupPrice":"","locations":{"VIC":{"price":3,"discountRate":50,"promo":"","orgPrice":6},"SA":{"price":3,"discountRate":50,"promo":"","orgPrice":6},"QLD":{"price":3,"discountRate":50,"promo":"","orgPrice":6},"NSW":{"price":3,"discountRate":50,"promo":"","orgPrice":6},"WA":{"price":3,"discountRate":50,"promo":"","orgPrice":6},"TAS":{"price":3,"discountRate":50,"promo":"","orgPrice":6},"ACT":{"price":3,"discountRate":50,"promo":"","orgPrice":6},"NT":{"price":3.15,"discountRate":50,"promo":"","orgPrice":6.3}},"categoryIds":["c-household"],"similarProducts":[]},{"id":"bref-pro-nature-mint-eucalyptus-50g","name":"Pro Nature Mint & Eucalyptus","brand":"Bref","imageUrls":["https://shop.coles.com.au/wcsstore/Coles-CAS/images/3/7/9/3797838.jpg"],"storeId":"coles","packageSize":"50g","cupPrice":"$6.00 per 100G","locations":{"VIC":{"price":3,"discountRate":50,"promo":"","orgPrice":6},"SA":{"price":3,"discountRate":50,"promo":"","orgPrice":6},"QLD":{"price":3,"discountRate":50,"promo":"","orgPrice":6},"NSW":{"price":3,"discountRate":50,"promo":"","orgPrice":6},"WA":{"price":3,"discountRate":50,"promo":"","orgPrice":6},"TAS":{"price":3,"discountRate":50,"promo":"","orgPrice":6},"ACT":{"price":3,"discountRate":50,"promo":"","orgPrice":6},"NT":{"price":3.15,"discountRate":50,"promo":"","orgPrice":6.3}},"categoryIds":["c-household"],"similarProducts":[]},{"id":"bref-turquoise-active-in-bowl-active-ocean","name":"Turquoise Active Ocean","brand":"Bref","imageUrls":["https://shop.coles.com.au/wcsstore/Coles-CAS/images/3/7/4/3744784.jpg"],"storeId":"coles","packageSize":"50g","cupPrice":"$6.00 per 100G","locations":{"VIC":{"price":3,"discountRate":50,"promo":"","orgPrice":6},"SA":{"price":3,"discountRate":50,"promo":"","orgPrice":6},"QLD":{"price":3,"discountRate":50,"promo":"","orgPrice":6},"NSW":{"price":3,"discountRate":50,"promo":"","orgPrice":6},"WA":{"price":3,"discountRate":50,"promo":"","orgPrice":6},"TAS":{"price":3,"discountRate":50,"promo":"","orgPrice":6},"ACT":{"price":3,"discountRate":50,"promo":"","orgPrice":6},"NT":{"price":3.15,"discountRate":50,"promo":"","orgPrice":6.3}},"categoryIds":["c-household"],"similarProducts":[]},{"id":"bref-deluxe-in-bowl-cleaner-magic-monflower","name":"Deluxe In Bowl Cleaner Magic Moonflower","brand":"Bref","imageUrls":["https://shop.coles.com.au/wcsstore/Coles-CAS/images/3/7/4/3744730.jpg"],"storeId":"coles","packageSize":"50 GRAM","cupPrice":"","locations":{"VIC":{"price":3,"discountRate":50,"promo":"","orgPrice":6},"SA":{"price":3,"discountRate":50,"promo":"","orgPrice":6},"QLD":{"price":3,"discountRate":50,"promo":"","orgPrice":6},"NSW":{"price":3,"discountRate":50,"promo":"","orgPrice":6},"WA":{"price":3,"discountRate":50,"promo":"","orgPrice":6},"TAS":{"price":3,"discountRate":50,"promo":"","orgPrice":6},"ACT":{"price":3,"discountRate":50,"promo":"","orgPrice":6},"NT":{"price":3.15,"discountRate":50,"promo":"","orgPrice":6.3}},"categoryIds":["c-household"],"similarProducts":[]},{"id":"bref-pro-nature-grapefruit-50g","name":"Pro Nature Grapefruit","brand":"Bref","imageUrls":["https://shop.coles.com.au/wcsstore/Coles-CAS/images/3/7/9/3797860.jpg"],"storeId":"coles","packageSize":"50g","cupPrice":"$6.00 per 100G","locations":{"VIC":{"price":3,"discountRate":50,"promo":"","orgPrice":6},"SA":{"price":3,"discountRate":50,"promo":"","orgPrice":6},"QLD":{"price":3,"discountRate":50,"promo":"","orgPrice":6},"NSW":{"price":3,"discountRate":50,"promo":"","orgPrice":6},"WA":{"price":3,"discountRate":50,"promo":"","orgPrice":6},"TAS":{"price":3,"discountRate":50,"promo":"","orgPrice":6},"ACT":{"price":3,"discountRate":50,"promo":"","orgPrice":6},"NT":{"price":3.15,"discountRate":50,"promo":"","orgPrice":6.3}},"categoryIds":["c-household"],"similarProducts":[]},{"id":"bref-blue-active-in-bowl-flower-blossom","name":"Blue Active In Bowl Flower Blossom","brand":"Bref","imageUrls":["https://shop.coles.com.au/wcsstore/Coles-CAS/images/3/7/4/3744795.jpg"],"storeId":"coles","packageSize":"50 GRAM","cupPrice":"","locations":{"VIC":{"price":3,"discountRate":50,"promo":"","orgPrice":6},"SA":{"price":3,"discountRate":50,"promo":"","orgPrice":6},"QLD":{"price":3,"discountRate":50,"promo":"","orgPrice":6},"NSW":{"price":3,"discountRate":50,"promo":"","orgPrice":6},"WA":{"price":3,"discountRate":50,"promo":"","orgPrice":6},"TAS":{"price":3,"discountRate":50,"promo":"","orgPrice":6},"ACT":{"price":3,"discountRate":50,"promo":"","orgPrice":6},"NT":{"price":3.15,"discountRate":50,"promo":"","orgPrice":6.3}},"categoryIds":["c-household"],"similarProducts":[]},{"id":"cold-power-laundry-liquid-capsules","name":"Liquid Capsules","brand":"Cold Power","imageUrls":["https://shop.coles.com.au/wcsstore/Coles-CAS/images/2/8/2/2823739.jpg"],"storeId":"coles","packageSize":"18 pack","cupPrice":"$0.33 per 1Ea","locations":{"VIC":{"price":6,"discountRate":50,"promo":"","orgPrice":12},"SA":{"price":6,"discountRate":50,"promo":"","orgPrice":12},"QLD":{"price":6,"discountRate":50,"promo":"","orgPrice":12},"NSW":{"price":6,"discountRate":50,"promo":"","orgPrice":12},"WA":{"price":6,"discountRate":50,"promo":"","orgPrice":12},"TAS":{"price":6,"discountRate":50,"promo":"","orgPrice":12},"ACT":{"price":6,"discountRate":50,"promo":"","orgPrice":12},"NT":{"price":6.3,"discountRate":50,"promo":"","orgPrice":12.6}},"categoryIds":["c-household"],"similarProducts":[]},{"id":"comfort-fabric-softener-rosy-blush","name":"Rosy Blush Fabric Softener","brand":"Comfort","imageUrls":["https://shop.coles.com.au/wcsstore/Coles-CAS/images/8/2/1/8210969.jpg"],"storeId":"coles","packageSize":"800mL","cupPrice":"$4.38 per 1L","locations":{"VIC":{"price":3.5,"discountRate":50,"promo":"","orgPrice":7},"SA":{"price":3.5,"discountRate":50,"promo":"","orgPrice":7},"QLD":{"price":3.5,"discountRate":50,"promo":"","orgPrice":7},"NSW":{"price":3.5,"discountRate":50,"promo":"","orgPrice":7},"WA":{"price":3.5,"discountRate":50,"promo":"","orgPrice":7},"TAS":{"price":3.5,"discountRate":50,"promo":"","orgPrice":7},"ACT":{"price":3.5,"discountRate":50,"promo":"","orgPrice":7},"NT":{"price":3.67,"discountRate":50,"promo":"","orgPrice":7.35}},"categoryIds":["c-household"],"similarProducts":[]},{"id":"comfort-fabric-cndtnr-aroma-vanilla-orchid","name":"Aromatherapy Vanilla Orchid Fabric Conditioner","brand":"Comfort","imageUrls":["https://shop.coles.com.au/wcsstore/Coles-CAS/images/3/2/1/3214565.jpg"],"storeId":"coles","packageSize":"750mL","cupPrice":"$4.67 per 1L","locations":{"VIC":{"price":3.5,"discountRate":50,"promo":"","orgPrice":7},"SA":{"price":3.5,"discountRate":50,"promo":"","orgPrice":7},"QLD":{"price":3.5,"discountRate":50,"promo":"","orgPrice":7},"NSW":{"price":3.5,"discountRate":50,"promo":"","orgPrice":7},"WA":{"price":3.5,"discountRate":50,"promo":"","orgPrice":7},"TAS":{"price":3.5,"discountRate":50,"promo":"","orgPrice":7},"ACT":{"price":3.5,"discountRate":50,"promo":"","orgPrice":7},"NT":{"price":3.67,"discountRate":50,"promo":"","orgPrice":7.35}},"categoryIds":["c-household"],"similarProducts":[]},{"id":"dynamo-professional-capsules","name":"Professional Capsules","brand":"Dynamo","imageUrls":["https://shop.coles.com.au/wcsstore/Coles-CAS/images/3/1/9/3196168.jpg"],"storeId":"coles","packageSize":"16 pack","cupPrice":"$0.39 per 1Ea","locations":{"VIC":{"price":6.25,"discountRate":50,"promo":"","orgPrice":12.5},"SA":{"price":6.25,"discountRate":50,"promo":"","orgPrice":12.5},"QLD":{"price":6.25,"discountRate":50,"promo":"","orgPrice":12.5},"NSW":{"price":6.25,"discountRate":50,"promo":"","orgPrice":12.5},"WA":{"price":6.25,"discountRate":50,"promo":"","orgPrice":12.5},"TAS":{"price":6.25,"discountRate":50,"promo":"","orgPrice":12.5},"ACT":{"price":6.25,"discountRate":50,"promo":"","orgPrice":12.5},"NT":{"price":6.56,"discountRate":50,"promo":"","orgPrice":13.129999999999999}},"categoryIds":["c-household"],"similarProducts":[]},{"id":"dynamo-prof-l-liquid-oxi-plus","name":"Profession Oxi Plus Liquid","brand":"Dynamo","imageUrls":["https://shop.coles.com.au/wcsstore/Coles-CAS/images/3/7/7/3777921.jpg"],"storeId":"coles","packageSize":"900mL","cupPrice":"$6.67 per 1L","locations":{"VIC":{"price":6,"discountRate":50,"promo":"","orgPrice":12},"SA":{"price":6,"discountRate":50,"promo":"","orgPrice":12},"QLD":{"price":6,"discountRate":50,"promo":"","orgPrice":12},"NSW":{"price":6,"discountRate":50,"promo":"","orgPrice":12},"WA":{"price":6,"discountRate":50,"promo":"","orgPrice":12},"TAS":{"price":6,"discountRate":50,"promo":"","orgPrice":12},"ACT":{"price":6,"discountRate":50,"promo":"","orgPrice":12},"NT":{"price":6.3,"discountRate":50,"promo":"","orgPrice":12.6}},"categoryIds":["c-household"],"similarProducts":[]},{"id":"dynamo-prof-l-liquid-7-in-1","name":"Profession 7 In 1 Laundry Liquid","brand":"Dynamo","imageUrls":["https://shop.coles.com.au/wcsstore/Coles-CAS/images/3/7/7/3774264.jpg"],"storeId":"coles","packageSize":"900mL","cupPrice":"$6.67 per 1L","locations":{"VIC":{"price":6,"discountRate":50,"promo":"","orgPrice":12},"SA":{"price":6,"discountRate":50,"promo":"","orgPrice":12},"QLD":{"price":6,"discountRate":50,"promo":"","orgPrice":12},"NSW":{"price":6,"discountRate":50,"promo":"","orgPrice":12},"WA":{"price":6,"discountRate":50,"promo":"","orgPrice":12},"TAS":{"price":6,"discountRate":50,"promo":"","orgPrice":12},"ACT":{"price":6,"discountRate":50,"promo":"","orgPrice":12},"NT":{"price":6.3,"discountRate":50,"promo":"","orgPrice":12.6}},"categoryIds":["c-household"],"similarProducts":[]},{"id":"shower-power-bathrom-cleaner-gel","name":"Bathroom Cleaner Gel","brand":"Shower Power","imageUrls":["https://shop.coles.com.au/wcsstore/Coles-CAS/images/3/7/4/3740353.jpg"],"storeId":"coles","packageSize":"750mL","cupPrice":"$0.52 per 100mL","locations":{"VIC":{"price":3.9,"discountRate":50,"promo":"","orgPrice":7.8},"SA":{"price":3.9,"discountRate":50,"promo":"","orgPrice":7.8},"QLD":{"price":3.9,"discountRate":50,"promo":"","orgPrice":7.8},"NSW":{"price":3.9,"discountRate":50,"promo":"","orgPrice":7.8},"WA":{"price":3.9,"discountRate":50,"promo":"","orgPrice":7.8},"TAS":{"price":3.9,"discountRate":50,"promo":"","orgPrice":7.8},"ACT":{"price":3.9,"discountRate":50,"promo":"","orgPrice":7.8},"NT":{"price":4.09,"discountRate":50,"promo":"","orgPrice":8.19}},"categoryIds":["c-household"],"similarProducts":[]},{"id":"nivea-body-lotion-rich-nourishing","name":"Rich Nourishing Body Lotion Moisturiser + Caring Almond Oil","brand":"Nivea","imageUrls":["https://shop.coles.com.au/wcsstore/Coles-CAS/images/7/1/9/7198992.jpg"],"storeId":"coles","packageSize":"400mL","cupPrice":"$1.00 per 100mL","locations":{"VIC":{"price":4,"discountRate":50,"promo":"","orgPrice":8},"SA":{"price":4,"discountRate":50,"promo":"","orgPrice":8},"QLD":{"price":4,"discountRate":50,"promo":"","orgPrice":8},"NSW":{"price":4,"discountRate":50,"promo":"","orgPrice":8},"WA":{"price":4,"discountRate":50,"promo":"","orgPrice":8},"TAS":{"price":4,"discountRate":50,"promo":"","orgPrice":8},"ACT":{"price":4,"discountRate":50,"promo":"","orgPrice":8},"NT":{"price":4.2,"discountRate":50,"promo":"","orgPrice":8.4}},"categoryIds":["c-health-beauty"],"similarProducts":[]},{"id":"nivea-express-hydration-body-lotion","name":"Express Hydration Body Lotion Moisturiser","brand":"Nivea","imageUrls":["https://shop.coles.com.au/wcsstore/Coles-CAS/images/7/1/9/7199000.jpg"],"storeId":"coles","packageSize":"400mL","cupPrice":"$1.00 per 100mL","locations":{"VIC":{"price":4,"discountRate":50,"promo":"","orgPrice":8},"SA":{"price":4,"discountRate":50,"promo":"","orgPrice":8},"QLD":{"price":4,"discountRate":50,"promo":"","orgPrice":8},"NSW":{"price":4,"discountRate":50,"promo":"","orgPrice":8},"WA":{"price":4,"discountRate":50,"promo":"","orgPrice":8},"TAS":{"price":4,"discountRate":50,"promo":"","orgPrice":8},"ACT":{"price":4,"discountRate":50,"promo":"","orgPrice":8},"NT":{"price":4.2,"discountRate":50,"promo":"","orgPrice":8.4}},"categoryIds":["c-health-beauty"],"similarProducts":[]},{"id":"nivea-body-lotion-irresistibly-smooth","name":"Irresistibly Smooth Body Lotion Moisturiser + Shea Butter","brand":"Nivea","imageUrls":["https://shop.coles.com.au/wcsstore/Coles-CAS/images/8/8/9/8898774.jpg"],"storeId":"coles","packageSize":"400mL","cupPrice":"$1.00 per 100mL","locations":{"VIC":{"price":4,"discountRate":50,"promo":"","orgPrice":8},"SA":{"price":4,"discountRate":50,"promo":"","orgPrice":8},"QLD":{"price":4,"discountRate":50,"promo":"","orgPrice":8},"NSW":{"price":4,"discountRate":50,"promo":"","orgPrice":8},"WA":{"price":4,"discountRate":50,"promo":"","orgPrice":8},"TAS":{"price":4,"discountRate":50,"promo":"","orgPrice":8},"ACT":{"price":4,"discountRate":50,"promo":"","orgPrice":8},"NT":{"price":4.2,"discountRate":48,"promo":"","orgPrice":8}},"categoryIds":["c-health-beauty"],"similarProducts":[]},{"id":"nivea-shower-indulgent-moisture-coconut","name":"Coconut Indulgent Moisture Shower Gel and Body Wash","brand":"Nivea","imageUrls":["https://shop.coles.com.au/wcsstore/Coles-CAS/images/3/2/2/3227206.jpg"],"storeId":"coles","packageSize":"1L","cupPrice":"$0.69 per 100mL","locations":{"VIC":{"price":6.85,"discountRate":50,"promo":"","orgPrice":13.7},"SA":{"price":6.85,"discountRate":50,"promo":"","orgPrice":13.7},"QLD":{"price":6.85,"discountRate":50,"promo":"","orgPrice":13.7},"NSW":{"price":6.85,"discountRate":50,"promo":"","orgPrice":13.7},"WA":{"price":6.85,"discountRate":50,"promo":"","orgPrice":13.7},"TAS":{"price":6.85,"discountRate":50,"promo":"","orgPrice":13.7},"ACT":{"price":6.85,"discountRate":50,"promo":"","orgPrice":13.7},"NT":{"price":7.19,"discountRate":50,"promo":"","orgPrice":14.39}},"categoryIds":["c-health-beauty"],"similarProducts":[{"productId":"w-694039-4005900536679","storeId":"woolworths"}]},{"id":"redwin-sorbolene-moisturiser-with-vitamin-e","name":"Sorbolene Moisturiser with Vitamin E","brand":"Redwin","imageUrls":["https://shop.coles.com.au/wcsstore/Coles-CAS/images/5/4/9/5492398.jpg"],"storeId":"coles","packageSize":"1L","cupPrice":"$0.31 per 100mL","locations":{"VIC":{"price":3.12,"discountRate":50,"promo":"","orgPrice":6.25},"SA":{"price":3.12,"discountRate":50,"promo":"","orgPrice":6.25},"QLD":{"price":3.12,"discountRate":50,"promo":"","orgPrice":6.25},"NSW":{"price":3.12,"discountRate":50,"promo":"","orgPrice":6.25},"WA":{"price":3.12,"discountRate":50,"promo":"","orgPrice":6.25},"TAS":{"price":3.12,"discountRate":50,"promo":"","orgPrice":6.25},"ACT":{"price":3.12,"discountRate":50,"promo":"","orgPrice":6.25},"NT":{"price":3.27,"discountRate":50,"promo":"","orgPrice":6.5600000000000005}},"categoryIds":["c-health-beauty"],"similarProducts":[]},{"id":"redwin-body-wash-extra-sensitive","name":"Extra Sensitive Body Wash","brand":"Redwin","imageUrls":["https://shop.coles.com.au/wcsstore/Coles-CAS/images/9/8/1/9811272.jpg"],"storeId":"coles","packageSize":"1L","cupPrice":"$0.60 per 100mL","locations":{"VIC":{"price":6,"discountRate":50,"promo":"","orgPrice":12},"SA":{"price":6,"discountRate":50,"promo":"","orgPrice":12},"QLD":{"price":6,"discountRate":50,"promo":"","orgPrice":12},"NSW":{"price":6,"discountRate":50,"promo":"","orgPrice":12},"WA":{"price":6,"discountRate":50,"promo":"","orgPrice":12},"TAS":{"price":6,"discountRate":50,"promo":"","orgPrice":12},"ACT":{"price":6,"discountRate":50,"promo":"","orgPrice":12},"NT":{"price":6.13,"discountRate":49,"promo":"","orgPrice":12}},"categoryIds":["c-health-beauty"],"similarProducts":[]},{"id":"original-source-shower-gel-milk-raspberry","name":"Vanilla & Raspberry Shower Gel","brand":"Original Source","imageUrls":["https://shop.coles.com.au/wcsstore/Coles-CAS/images/1/3/0/1303289.jpg"],"storeId":"coles","packageSize":"250mL","cupPrice":"$0.80 per 100mL","locations":{"VIC":{"price":2,"discountRate":50,"promo":"","orgPrice":4},"SA":{"price":2,"discountRate":50,"promo":"","orgPrice":4},"QLD":{"price":2,"discountRate":50,"promo":"","orgPrice":4},"NSW":{"price":2,"discountRate":50,"promo":"","orgPrice":4},"WA":{"price":2,"discountRate":50,"promo":"","orgPrice":4},"TAS":{"price":2,"discountRate":50,"promo":"","orgPrice":4},"ACT":{"price":2,"discountRate":50,"promo":"","orgPrice":4},"NT":{"price":2.1,"discountRate":50,"promo":"","orgPrice":4.2}},"categoryIds":["c-health-beauty"],"similarProducts":[]},{"id":"batiste-dry-shampoo-medium","name":"Medium Brunette Dry Shampoo","brand":"Batiste","imageUrls":["https://shop.coles.com.au/wcsstore/Coles-CAS/images/1/2/5/1256826.jpg"],"storeId":"coles","packageSize":"200mL","cupPrice":"$3.25 per 100mL","locations":{"VIC":{"price":6.5,"discountRate":50,"promo":"","orgPrice":13},"SA":{"price":6.5,"discountRate":50,"promo":"","orgPrice":13},"QLD":{"price":6.5,"discountRate":50,"promo":"","orgPrice":13},"NSW":{"price":6.5,"discountRate":50,"promo":"","orgPrice":13},"WA":{"price":6.5,"discountRate":50,"promo":"","orgPrice":13},"TAS":{"price":6.5,"discountRate":50,"promo":"","orgPrice":13},"ACT":{"price":6.5,"discountRate":50,"promo":"","orgPrice":13},"NT":{"price":6.82,"discountRate":50,"promo":"","orgPrice":13.65}},"categoryIds":["c-health-beauty"],"similarProducts":[]},{"id":"loreal-elnett-hairspray-normal-strength","name":"Elnett Normal Strength Hair Spray","brand":"L'Oreal","imageUrls":["https://shop.coles.com.au/wcsstore/Coles-CAS/images/8/1/4/8143883.jpg"],"storeId":"coles","packageSize":"75mL","cupPrice":"$3.33 per 100mL","locations":{"VIC":{"price":2.5,"discountRate":50,"promo":"","orgPrice":5},"SA":{"price":2.5,"discountRate":50,"promo":"","orgPrice":5},"QLD":{"price":2.5,"discountRate":50,"promo":"","orgPrice":5},"NSW":{"price":2.5,"discountRate":50,"promo":"","orgPrice":5},"WA":{"price":2.5,"discountRate":50,"promo":"","orgPrice":5},"TAS":{"price":2.5,"discountRate":50,"promo":"","orgPrice":5},"ACT":{"price":2.5,"discountRate":50,"promo":"","orgPrice":5},"NT":{"price":2.62,"discountRate":50,"promo":"","orgPrice":5.25}},"categoryIds":["c-health-beauty"],"similarProducts":[]},{"id":"nivea-shower-indulgent-moisture-soft","name":"Rich Moisture Soft Shower Gel & Body Wash","brand":"Nivea","imageUrls":["https://shop.coles.com.au/wcsstore/Coles-CAS/images/3/2/2/3227217.jpg"],"storeId":"coles","packageSize":"1L","cupPrice":"$0.69 per 100mL","locations":{"VIC":{"price":6.85,"discountRate":50,"promo":"","orgPrice":13.7},"SA":{"price":6.85,"discountRate":50,"promo":"","orgPrice":13.7},"QLD":{"price":6.85,"discountRate":50,"promo":"","orgPrice":13.7},"NSW":{"price":6.85,"discountRate":50,"promo":"","orgPrice":13.7},"WA":{"price":6.85,"discountRate":50,"promo":"","orgPrice":13.7},"TAS":{"price":6.85,"discountRate":50,"promo":"","orgPrice":13.7},"ACT":{"price":6.85,"discountRate":50,"promo":"","orgPrice":13.7},"NT":{"price":7.19,"discountRate":50,"promo":"","orgPrice":14.39}},"categoryIds":["c-health-beauty"],"similarProducts":[{"productId":"w-694036-4005900536662","storeId":"woolworths"}]},{"id":"nivea-body-lotion-cocnut-monoi-oil","name":"Oil in Lotion Coconut & Monoi Oil Scented Body Moisturiser","brand":"Nivea","imageUrls":["https://shop.coles.com.au/wcsstore/Coles-CAS/images/3/7/2/3727151.jpg"],"storeId":"coles","packageSize":"400mL","cupPrice":"$1.25 per 100mL","locations":{"VIC":{"price":5,"discountRate":50,"promo":"","orgPrice":10},"SA":{"price":5,"discountRate":50,"promo":"","orgPrice":10},"QLD":{"price":5,"discountRate":50,"promo":"","orgPrice":10},"NSW":{"price":5,"discountRate":50,"promo":"","orgPrice":10},"WA":{"price":5,"discountRate":50,"promo":"","orgPrice":10},"TAS":{"price":5,"discountRate":50,"promo":"","orgPrice":10},"ACT":{"price":5,"discountRate":50,"promo":"","orgPrice":10},"NT":{"price":5.25,"discountRate":50,"promo":"","orgPrice":10.5}},"categoryIds":["c-health-beauty"],"similarProducts":[]},{"id":"original-source-shower-gel-pink-grapefruit","name":"Coconut & Shea Butter Shower Gel","brand":"Original Source","imageUrls":["https://shop.coles.com.au/wcsstore/Coles-CAS/images/2/2/7/2274550.jpg"],"storeId":"coles","packageSize":"250mL","cupPrice":"$0.80 per 100mL","locations":{"VIC":{"price":2,"discountRate":50,"promo":"","orgPrice":4},"SA":{"price":2,"discountRate":50,"promo":"","orgPrice":4},"QLD":{"price":2,"discountRate":50,"promo":"","orgPrice":4},"NSW":{"price":2,"discountRate":50,"promo":"","orgPrice":4},"WA":{"price":2,"discountRate":50,"promo":"","orgPrice":4},"TAS":{"price":2,"discountRate":50,"promo":"","orgPrice":4},"ACT":{"price":2,"discountRate":50,"promo":"","orgPrice":4},"NT":{"price":2.1,"discountRate":50,"promo":"","orgPrice":4.2}},"categoryIds":["c-health-beauty"],"similarProducts":[]},{"id":"batiste-dry-shampoo-volume","name":"Dry Shampoo & Volume With Plumping Collagen","brand":"Batiste","imageUrls":["https://shop.coles.com.au/wcsstore/Coles-CAS/images/3/5/3/3535026.jpg"],"storeId":"coles","packageSize":"200mL","cupPrice":"$3.25 per 100mL","locations":{"VIC":{"price":6.5,"discountRate":50,"promo":"","orgPrice":13},"SA":{"price":6.5,"discountRate":50,"promo":"","orgPrice":13},"QLD":{"price":6.5,"discountRate":50,"promo":"","orgPrice":13},"NSW":{"price":6.5,"discountRate":50,"promo":"","orgPrice":13},"WA":{"price":6.5,"discountRate":50,"promo":"","orgPrice":13},"TAS":{"price":6.5,"discountRate":50,"promo":"","orgPrice":13},"ACT":{"price":6.5,"discountRate":50,"promo":"","orgPrice":13},"NT":{"price":6.82,"discountRate":50,"promo":"","orgPrice":13.65}},"categoryIds":["c-health-beauty"],"similarProducts":[]},{"id":"nivea-body-lotion-q10-firming","name":"Firming Body Lotion Moisturiser + Q10 & Vitamin C","brand":"Nivea","imageUrls":["https://shop.coles.com.au/wcsstore/Coles-CAS/images/7/2/0/7200019.jpg"],"storeId":"coles","packageSize":"400mL","cupPrice":"$1.31 per 100mL","locations":{"VIC":{"price":5.25,"discountRate":50,"promo":"","orgPrice":10.5},"SA":{"price":5.25,"discountRate":50,"promo":"","orgPrice":10.5},"QLD":{"price":5.25,"discountRate":50,"promo":"","orgPrice":10.5},"NSW":{"price":5.25,"discountRate":50,"promo":"","orgPrice":10.5},"WA":{"price":5.25,"discountRate":50,"promo":"","orgPrice":10.5},"TAS":{"price":5.25,"discountRate":50,"promo":"","orgPrice":10.5},"ACT":{"price":5.25,"discountRate":50,"promo":"","orgPrice":10.5},"NT":{"price":5.51,"discountRate":50,"promo":"","orgPrice":11.03}},"categoryIds":["c-health-beauty"],"similarProducts":[]},{"id":"nivea-indulge-body-lotion-cocoa","name":"Cocoa & Indulging  Body Lotion Moisturiser + Vitamin E","brand":"Nivea","imageUrls":["https://shop.coles.com.au/wcsstore/Coles-CAS/images/3/2/4/3240543.jpg"],"storeId":"coles","packageSize":"400mL","cupPrice":"$1.00 per 100mL","locations":{"VIC":{"price":4,"discountRate":50,"promo":"","orgPrice":8},"SA":{"price":4,"discountRate":50,"promo":"","orgPrice":8},"QLD":{"price":4,"discountRate":50,"promo":"","orgPrice":8},"NSW":{"price":4,"discountRate":50,"promo":"","orgPrice":8},"WA":{"price":4,"discountRate":50,"promo":"","orgPrice":8},"TAS":{"price":4,"discountRate":50,"promo":"","orgPrice":8},"ACT":{"price":4,"discountRate":50,"promo":"","orgPrice":8},"NT":{"price":4.19,"discountRate":50,"promo":"","orgPrice":8.39}},"categoryIds":["c-health-beauty"],"similarProducts":[]},{"id":"nivea-rich-moisture-shower-gel","name":"Aloe Vera Moisture Fresh Shower Gel & Body Wash","brand":"Nivea","imageUrls":["https://shop.coles.com.au/wcsstore/Coles-CAS/images/3/5/1/3517374.jpg"],"storeId":"coles","packageSize":"1L","cupPrice":"$0.69 per 100mL","locations":{"VIC":{"price":6.85,"discountRate":50,"promo":"","orgPrice":13.7},"SA":{"price":6.85,"discountRate":50,"promo":"","orgPrice":13.7},"QLD":{"price":6.85,"discountRate":50,"promo":"","orgPrice":13.7},"NSW":{"price":6.85,"discountRate":50,"promo":"","orgPrice":13.7},"WA":{"price":6.85,"discountRate":50,"promo":"","orgPrice":13.7},"TAS":{"price":6.85,"discountRate":50,"promo":"","orgPrice":13.7},"ACT":{"price":6.85,"discountRate":50,"promo":"","orgPrice":13.7},"NT":{"price":7.19,"discountRate":50,"promo":"","orgPrice":14.39}},"categoryIds":["c-health-beauty"],"similarProducts":[{"productId":"w-51646-4005900662446","storeId":"woolworths"}]},{"id":"nivea-body-lotion-aloe-vera","name":"Hydrating Body Lotion Moisturiser + Aloe Vera","brand":"Nivea","imageUrls":["https://shop.coles.com.au/wcsstore/Coles-CAS/images/3/7/2/3727140.jpg"],"storeId":"coles","packageSize":"400mL","cupPrice":"$1.00 per 100mL","locations":{"VIC":{"price":4,"discountRate":50,"promo":"","orgPrice":8},"SA":{"price":4,"discountRate":50,"promo":"","orgPrice":8},"QLD":{"price":4,"discountRate":50,"promo":"","orgPrice":8},"NSW":{"price":4,"discountRate":50,"promo":"","orgPrice":8},"WA":{"price":4,"discountRate":50,"promo":"","orgPrice":8},"TAS":{"price":4,"discountRate":50,"promo":"","orgPrice":8},"ACT":{"price":4,"discountRate":50,"promo":"","orgPrice":8},"NT":{"price":4.2,"discountRate":50,"promo":"","orgPrice":8.4}},"categoryIds":["c-health-beauty"],"similarProducts":[]},{"id":"original-source-shower-gel-lime","name":"Lime Shower Gel","brand":"Original Source","imageUrls":["https://shop.coles.com.au/wcsstore/Coles-CAS/images/7/6/7/7678761.jpg"],"storeId":"coles","packageSize":"250mL","cupPrice":"$0.80 per 100mL","locations":{"VIC":{"price":2,"discountRate":50,"promo":"","orgPrice":4},"SA":{"price":2,"discountRate":50,"promo":"","orgPrice":4},"QLD":{"price":2,"discountRate":50,"promo":"","orgPrice":4},"NSW":{"price":2,"discountRate":50,"promo":"","orgPrice":4},"WA":{"price":2,"discountRate":50,"promo":"","orgPrice":4},"TAS":{"price":2,"discountRate":50,"promo":"","orgPrice":4},"ACT":{"price":2,"discountRate":50,"promo":"","orgPrice":4},"NT":{"price":2.1,"discountRate":50,"promo":"","orgPrice":4.2}},"categoryIds":["c-health-beauty"],"similarProducts":[]},{"id":"original-source-shower-gel-mint-tea-tree","name":"Tingly Mint & Tea Tree Shower Gel","brand":"Original Source","imageUrls":["https://shop.coles.com.au/wcsstore/Coles-CAS/images/7/6/7/7678728.jpg"],"storeId":"coles","packageSize":"250mL","cupPrice":"$0.80 per 100mL","locations":{"VIC":{"price":2,"discountRate":50,"promo":"","orgPrice":4},"SA":{"price":2,"discountRate":50,"promo":"","orgPrice":4},"QLD":{"price":2,"discountRate":50,"promo":"","orgPrice":4},"NSW":{"price":2,"discountRate":50,"promo":"","orgPrice":4},"WA":{"price":2,"discountRate":50,"promo":"","orgPrice":4},"TAS":{"price":2,"discountRate":50,"promo":"","orgPrice":4},"ACT":{"price":2,"discountRate":50,"promo":"","orgPrice":4},"NT":{"price":2.1,"discountRate":50,"promo":"","orgPrice":4.2}},"categoryIds":["c-health-beauty"],"similarProducts":[]},{"id":"revlon-super-lustrous-matte-lipstick-shameless","name":"Super Lustrous Matte Lipstick Shameless","brand":"Revlon","imageUrls":["https://shop.coles.com.au/wcsstore/Coles-CAS/images/3/8/1/3813661.jpg"],"storeId":"coles","packageSize":"4.2g","cupPrice":"$29.76 per 10G","locations":{"VIC":{"price":12.5,"discountRate":50,"promo":"","orgPrice":25},"SA":{"price":12.5,"discountRate":50,"promo":"","orgPrice":25},"QLD":{"price":12.5,"discountRate":50,"promo":"","orgPrice":25},"NSW":{"price":12.5,"discountRate":50,"promo":"","orgPrice":25},"ACT":{"price":12.5,"discountRate":50,"promo":"","orgPrice":25}},"categoryIds":["c-health-beauty"],"similarProducts":[]},{"id":"revlon-super-lustrous-matte-lipstick-show-off","name":"Super Lustrous Matte Lipstick Show Off","brand":"Revlon","imageUrls":["https://shop.coles.com.au/wcsstore/Coles-CAS/images/3/8/1/3813752.jpg"],"storeId":"coles","packageSize":"4.2g","cupPrice":"$29.76 per 10G","locations":{"VIC":{"price":12.5,"discountRate":50,"promo":"","orgPrice":25},"SA":{"price":12.5,"discountRate":50,"promo":"","orgPrice":25},"QLD":{"price":12.5,"discountRate":50,"promo":"","orgPrice":25},"NSW":{"price":12.5,"discountRate":50,"promo":"","orgPrice":25},"WA":{"price":12.5,"discountRate":50,"promo":"","orgPrice":25},"TAS":{"price":12.5,"discountRate":50,"promo":"","orgPrice":25},"ACT":{"price":12.5,"discountRate":50,"promo":"","orgPrice":25},"NT":{"price":13.12,"discountRate":50,"promo":"","orgPrice":26.25}},"categoryIds":["c-health-beauty"],"similarProducts":[]},{"id":"revlon-super-lustrous-matte-lipstick-on-fire","name":"Super Lustrous Matte Lipstick On Fire","brand":"Revlon","imageUrls":["https://shop.coles.com.au/wcsstore/Coles-CAS/images/3/8/1/3813694.jpg"],"storeId":"coles","packageSize":"4.2g","cupPrice":"$29.76 per 10G","locations":{"VIC":{"price":12.5,"discountRate":50,"promo":"","orgPrice":25},"SA":{"price":12.5,"discountRate":50,"promo":"","orgPrice":25},"QLD":{"price":12.5,"discountRate":50,"promo":"","orgPrice":25},"NSW":{"price":12.5,"discountRate":50,"promo":"","orgPrice":25},"ACT":{"price":12.5,"discountRate":50,"promo":"","orgPrice":25}},"categoryIds":["c-health-beauty"],"similarProducts":[]},{"id":"revlon-super-lustrous-matte-lipstick-pick-me-up","name":"Super Lustrous Matte Lipstick Pick Me Up","brand":"Revlon","imageUrls":["https://shop.coles.com.au/wcsstore/Coles-CAS/images/3/8/1/3813640.jpg"],"storeId":"coles","packageSize":"4.2g","cupPrice":"$29.76 per 10G","locations":{"VIC":{"price":12.5,"discountRate":50,"promo":"","orgPrice":25},"SA":{"price":12.5,"discountRate":50,"promo":"","orgPrice":25},"QLD":{"price":12.5,"discountRate":50,"promo":"","orgPrice":25},"NSW":{"price":12.5,"discountRate":50,"promo":"","orgPrice":25},"WA":{"price":12.5,"discountRate":50,"promo":"","orgPrice":25},"TAS":{"price":12.5,"discountRate":50,"promo":"","orgPrice":25},"ACT":{"price":12.5,"discountRate":50,"promo":"","orgPrice":25},"NT":{"price":13.12,"discountRate":50,"promo":"","orgPrice":26.25}},"categoryIds":["c-health-beauty"],"similarProducts":[]},{"id":"schick-intuition-razor-kit-aloe","name":"Intuition Pure Nourishment Coconut Milk Razor Kit","brand":"Schick","imageUrls":["https://shop.coles.com.au/wcsstore/Coles-CAS/images/7/6/7/7679152.jpg"],"storeId":"coles","packageSize":"1 pack","cupPrice":"$6.40 per 1Ea","locations":{"VIC":{"price":6.4,"discountRate":50,"promo":"","orgPrice":12.8},"SA":{"price":6.4,"discountRate":50,"promo":"","orgPrice":12.8},"QLD":{"price":6.4,"discountRate":50,"promo":"","orgPrice":12.8},"NSW":{"price":6.4,"discountRate":50,"promo":"","orgPrice":12.8},"WA":{"price":6.4,"discountRate":50,"promo":"","orgPrice":12.8},"TAS":{"price":6.4,"discountRate":50,"promo":"","orgPrice":12.8},"ACT":{"price":6.4,"discountRate":50,"promo":"","orgPrice":12.8},"NT":{"price":6.72,"discountRate":50,"promo":"","orgPrice":13.44}},"categoryIds":["c-health-beauty"],"similarProducts":[]},{"id":"schick-hydro-silk-razor-blade-kit","name":"Hydro Silk Razor & Blade Kit","brand":"Schick","imageUrls":["https://shop.coles.com.au/wcsstore/Coles-CAS/images/9/8/4/9849763.jpg"],"storeId":"coles","packageSize":"1 pack","cupPrice":"$7.30 per 1Ea","locations":{"VIC":{"price":7.3,"discountRate":50,"promo":"","orgPrice":14.6},"SA":{"price":7.3,"discountRate":50,"promo":"","orgPrice":14.6},"QLD":{"price":7.3,"discountRate":50,"promo":"","orgPrice":14.6},"NSW":{"price":7.3,"discountRate":50,"promo":"","orgPrice":14.6},"WA":{"price":7.3,"discountRate":50,"promo":"","orgPrice":14.6},"TAS":{"price":7.3,"discountRate":50,"promo":"","orgPrice":14.6},"ACT":{"price":7.3,"discountRate":50,"promo":"","orgPrice":14.6},"NT":{"price":7.66,"discountRate":50,"promo":"","orgPrice":15.33}},"categoryIds":["c-health-beauty"],"similarProducts":[]},{"id":"schick--hydro-5-razor","name":"Hydro 5 Razor Kit","brand":"Schick","imageUrls":["https://shop.coles.com.au/wcsstore/Coles-CAS/images/2/6/2/2629690.jpg"],"storeId":"coles","packageSize":"1 pack","cupPrice":"$6.50 per 1Ea","locations":{"VIC":{"price":6.5,"discountRate":50,"promo":"","orgPrice":13},"SA":{"price":6.5,"discountRate":50,"promo":"","orgPrice":13},"QLD":{"price":6.5,"discountRate":50,"promo":"","orgPrice":13},"NSW":{"price":6.5,"discountRate":50,"promo":"","orgPrice":13},"WA":{"price":6.5,"discountRate":50,"promo":"","orgPrice":13},"TAS":{"price":6.5,"discountRate":50,"promo":"","orgPrice":13},"ACT":{"price":6.5,"discountRate":50,"promo":"","orgPrice":13},"NT":{"price":6.82,"discountRate":50,"promo":"","orgPrice":13.65}},"categoryIds":["c-health-beauty"],"similarProducts":[]},{"id":"schick-hydro-5-sense-comfort-kit","name":"Sense Hydro 5 Sensitive Kit","brand":"Schick","imageUrls":["https://shop.coles.com.au/wcsstore/Coles-CAS/images/3/1/4/3140855.jpg"],"storeId":"coles","packageSize":"1 pack","cupPrice":"$8.00 per 1Ea","locations":{"VIC":{"price":8,"discountRate":50,"promo":"","orgPrice":16},"SA":{"price":8,"discountRate":50,"promo":"","orgPrice":16},"QLD":{"price":8,"discountRate":50,"promo":"","orgPrice":16},"NSW":{"price":8,"discountRate":50,"promo":"","orgPrice":16},"WA":{"price":8,"discountRate":50,"promo":"","orgPrice":16},"TAS":{"price":8,"discountRate":50,"promo":"","orgPrice":16},"ACT":{"price":8,"discountRate":50,"promo":"","orgPrice":16},"NT":{"price":8.4,"discountRate":50,"promo":"","orgPrice":16.8}},"categoryIds":["c-health-beauty"],"similarProducts":[]},{"id":"schick-hydro-silk-trimstyle-kit-5refills","name":"Hydro Silk Trimstyle Kit + 5 Refills","brand":"Schick","imageUrls":["https://shop.coles.com.au/wcsstore/Coles-CAS/images/3/3/6/3365764.jpg"],"storeId":"coles","packageSize":"1 kit","cupPrice":"$20.00 per 1Ea","locations":{"VIC":{"price":20,"discountRate":50,"promo":"","orgPrice":40},"SA":{"price":20,"discountRate":50,"promo":"","orgPrice":40},"QLD":{"price":20,"discountRate":50,"promo":"","orgPrice":40},"NSW":{"price":20,"discountRate":50,"promo":"","orgPrice":40},"WA":{"price":20,"discountRate":50,"promo":"","orgPrice":40},"TAS":{"price":20,"discountRate":50,"promo":"","orgPrice":40},"ACT":{"price":20,"discountRate":50,"promo":"","orgPrice":40},"NT":{"price":21,"discountRate":50,"promo":"","orgPrice":42}},"categoryIds":["c-health-beauty"],"similarProducts":[]},{"id":"sunsilk-shampoo-addictive-brilliant-shine","name":"Addictive Brilliant Shine Shampoo","brand":"Sunsilk","imageUrls":["https://shop.coles.com.au/wcsstore/Coles-CAS/images/7/5/4/7549576.jpg"],"storeId":"coles","packageSize":"700mL","cupPrice":"$0.71 per 100mL","locations":{"VIC":{"price":5,"discountRate":50,"promo":"","orgPrice":10},"SA":{"price":5,"discountRate":50,"promo":"","orgPrice":10},"QLD":{"price":5,"discountRate":50,"promo":"","orgPrice":10},"NSW":{"price":5,"discountRate":50,"promo":"","orgPrice":10},"WA":{"price":5,"discountRate":50,"promo":"","orgPrice":10},"TAS":{"price":5,"discountRate":50,"promo":"","orgPrice":10},"ACT":{"price":5,"discountRate":50,"promo":"","orgPrice":10},"NT":{"price":5.25,"discountRate":50,"promo":"","orgPrice":10.5}},"categoryIds":["c-health-beauty"],"similarProducts":[]},{"id":"sunsilk-shampoo-addictive-brilliant-shine-7547898p","name":"Addictive Brilliant Shine Shampoo","brand":"Sunsilk","imageUrls":["https://shop.coles.com.au/wcsstore/Coles-CAS/images/7/5/4/7547898.jpg"],"storeId":"coles","packageSize":"350mL","cupPrice":"$0.79 per 100mL","locations":{"VIC":{"price":2.75,"discountRate":50,"promo":"","orgPrice":5.5},"SA":{"price":2.75,"discountRate":50,"promo":"","orgPrice":5.5},"QLD":{"price":2.75,"discountRate":50,"promo":"","orgPrice":5.5},"NSW":{"price":2.75,"discountRate":50,"promo":"","orgPrice":5.5},"WA":{"price":2.75,"discountRate":50,"promo":"","orgPrice":5.5},"TAS":{"price":2.75,"discountRate":50,"promo":"","orgPrice":5.5},"ACT":{"price":2.75,"discountRate":50,"promo":"","orgPrice":5.5},"NT":{"price":2.89,"discountRate":50,"promo":"","orgPrice":5.78}},"categoryIds":["c-health-beauty"],"similarProducts":[]},{"id":"sunsilk-conditioner-adictive-brilliant-shine","name":"Addictive Brilliant Shine Conditioner","brand":"Sunsilk","imageUrls":["https://shop.coles.com.au/wcsstore/Coles-CAS/images/7/5/4/7548959.jpg"],"storeId":"coles","packageSize":"350mL","cupPrice":"$0.79 per 100mL","locations":{"VIC":{"price":2.75,"discountRate":50,"promo":"","orgPrice":5.5},"SA":{"price":2.75,"discountRate":50,"promo":"","orgPrice":5.5},"QLD":{"price":2.75,"discountRate":50,"promo":"","orgPrice":5.5},"NSW":{"price":2.75,"discountRate":50,"promo":"","orgPrice":5.5},"WA":{"price":2.75,"discountRate":50,"promo":"","orgPrice":5.5},"TAS":{"price":2.75,"discountRate":50,"promo":"","orgPrice":5.5},"ACT":{"price":2.75,"discountRate":50,"promo":"","orgPrice":5.5},"NT":{"price":2.89,"discountRate":50,"promo":"","orgPrice":5.78}},"categoryIds":["c-health-beauty"],"similarProducts":[]},{"id":"sunsilk-conditioner-addictive-brilliant-shine","name":"Addictive Brilliant Shine Conditioner","brand":"Sunsilk","imageUrls":["https://shop.coles.com.au/wcsstore/Coles-CAS/images/7/5/4/7549951.jpg"],"storeId":"coles","packageSize":"700mL","cupPrice":"$0.71 per 100mL","locations":{"VIC":{"price":5,"discountRate":50,"promo":"","orgPrice":10},"SA":{"price":5,"discountRate":50,"promo":"","orgPrice":10},"QLD":{"price":5,"discountRate":50,"promo":"","orgPrice":10},"NSW":{"price":5,"discountRate":50,"promo":"","orgPrice":10},"WA":{"price":5,"discountRate":50,"promo":"","orgPrice":10},"TAS":{"price":5,"discountRate":50,"promo":"","orgPrice":10},"ACT":{"price":5,"discountRate":50,"promo":"","orgPrice":10},"NT":{"price":5.25,"discountRate":50,"promo":"","orgPrice":10.5}},"categoryIds":["c-health-beauty"],"similarProducts":[]},{"id":"sunsilk-conditioner-longer-stronger","name":"Longer & Stronger Conditioner","brand":"Sunsilk","imageUrls":["https://shop.coles.com.au/wcsstore/Coles-CAS/images/9/9/7/9971870.jpg"],"storeId":"coles","packageSize":"700mL","cupPrice":"$0.71 per 100mL","locations":{"VIC":{"price":5,"discountRate":50,"promo":"","orgPrice":10},"SA":{"price":5,"discountRate":50,"promo":"","orgPrice":10},"QLD":{"price":5,"discountRate":50,"promo":"","orgPrice":10},"NSW":{"price":5,"discountRate":50,"promo":"","orgPrice":10},"WA":{"price":5,"discountRate":50,"promo":"","orgPrice":10},"TAS":{"price":5,"discountRate":50,"promo":"","orgPrice":10},"ACT":{"price":5,"discountRate":50,"promo":"","orgPrice":10},"NT":{"price":5.25,"discountRate":48,"promo":"","orgPrice":10}},"categoryIds":["c-health-beauty"],"similarProducts":[]},{"id":"sunsilk-shampoo-longer-stronger-9972045p","name":"Longer & Stronger Shampoo","brand":"Sunsilk","imageUrls":["https://shop.coles.com.au/wcsstore/Coles-CAS/images/9/9/7/9972045.jpg"],"storeId":"coles","packageSize":"700mL","cupPrice":"$0.71 per 100mL","locations":{"VIC":{"price":5,"discountRate":50,"promo":"","orgPrice":10},"SA":{"price":5,"discountRate":50,"promo":"","orgPrice":10},"QLD":{"price":5,"discountRate":50,"promo":"","orgPrice":10},"NSW":{"price":5,"discountRate":50,"promo":"","orgPrice":10},"WA":{"price":5,"discountRate":50,"promo":"","orgPrice":10},"TAS":{"price":5,"discountRate":50,"promo":"","orgPrice":10},"ACT":{"price":5,"discountRate":50,"promo":"","orgPrice":10},"NT":{"price":5.25,"discountRate":48,"promo":"","orgPrice":10}},"categoryIds":["c-health-beauty"],"similarProducts":[]},{"id":"sunsilk-soft-smooth-shampoo","name":"Soft & Smooth Shampoo","brand":"Sunsilk","imageUrls":["https://shop.coles.com.au/wcsstore/Coles-CAS/images/2/6/7/2672190.jpg"],"storeId":"coles","packageSize":"350mL","cupPrice":"$0.79 per 100mL","locations":{"VIC":{"price":2.75,"discountRate":50,"promo":"","orgPrice":5.5},"SA":{"price":2.75,"discountRate":50,"promo":"","orgPrice":5.5},"QLD":{"price":2.75,"discountRate":50,"promo":"","orgPrice":5.5},"NSW":{"price":2.75,"discountRate":50,"promo":"","orgPrice":5.5},"WA":{"price":2.75,"discountRate":50,"promo":"","orgPrice":5.5},"TAS":{"price":2.75,"discountRate":50,"promo":"","orgPrice":5.5},"ACT":{"price":2.75,"discountRate":50,"promo":"","orgPrice":5.5},"NT":{"price":2.89,"discountRate":50,"promo":"","orgPrice":5.78}},"categoryIds":["c-health-beauty"],"similarProducts":[]},{"id":"sunsilk-conditioner-soft-smooth-conditioner","name":"Soft & Smooth Conditioner","brand":"Sunsilk","imageUrls":["https://shop.coles.com.au/wcsstore/Coles-CAS/images/2/6/7/2671867.jpg"],"storeId":"coles","packageSize":"350mL","cupPrice":"$0.79 per 100mL","locations":{"VIC":{"price":2.75,"discountRate":50,"promo":"","orgPrice":5.5},"SA":{"price":2.75,"discountRate":50,"promo":"","orgPrice":5.5},"QLD":{"price":2.75,"discountRate":50,"promo":"","orgPrice":5.5},"NSW":{"price":2.75,"discountRate":50,"promo":"","orgPrice":5.5},"WA":{"price":2.75,"discountRate":50,"promo":"","orgPrice":5.5},"TAS":{"price":2.75,"discountRate":50,"promo":"","orgPrice":5.5},"ACT":{"price":2.75,"discountRate":50,"promo":"","orgPrice":5.5},"NT":{"price":2.89,"discountRate":50,"promo":"","orgPrice":5.78}},"categoryIds":["c-health-beauty"],"similarProducts":[]},{"id":"smash-layla-lunch-bag","name":"Layla Lunch Bag","brand":"Smash","imageUrls":["https://shop.coles.com.au/wcsstore/Coles-CAS/images/2/0/3/2033328.jpg"],"storeId":"coles","packageSize":"","cupPrice":"$7.50 per 1Ea","locations":{"SA":{"price":7.5,"discountRate":50,"promo":"","orgPrice":15},"QLD":{"price":7.5,"discountRate":50,"promo":"","orgPrice":15},"NSW":{"price":7.5,"discountRate":50,"promo":"","orgPrice":15},"TAS":{"price":7.5,"discountRate":50,"promo":"","orgPrice":15},"ACT":{"price":7.5,"discountRate":50,"promo":"","orgPrice":15}},"categoryIds":["c-back-to-school","c-household"],"similarProducts":[]},{"id":"smash-light-lunch-bag-smash-light-lunch-bag","name":"Nude Food Movers Lunch Bag","brand":"Smash","imageUrls":["https://shop.coles.com.au/wcsstore/Coles-CAS/images/3/3/8/3380780.jpg"],"storeId":"coles","packageSize":"","cupPrice":"$7.00 per 1Ea","locations":{"SA":{"price":7,"discountRate":50,"promo":"","orgPrice":14},"QLD":{"price":7,"discountRate":50,"promo":"","orgPrice":14},"NSW":{"price":7,"discountRate":50,"promo":"","orgPrice":14},"TAS":{"price":7,"discountRate":50,"promo":"","orgPrice":14},"ACT":{"price":7,"discountRate":50,"promo":"","orgPrice":14}},"categoryIds":["c-back-to-school","c-household"],"similarProducts":[]},{"id":"don-sliced-mild-hungarian-salami","name":"Thinly Sliced Hungarian Salami Mild","brand":"Don","imageUrls":["https://shop.coles.com.au/wcsstore/Coles-CAS/images/3/5/7/3576056.jpg"],"storeId":"coles","packageSize":"180g","cupPrice":"$17.78 per 1Kg","locations":{"SA":{"price":3.2,"discountRate":50,"promo":"","orgPrice":6.4},"QLD":{"price":3.2,"discountRate":50,"promo":"","orgPrice":6.4},"NSW":{"price":3.2,"discountRate":50,"promo":"","orgPrice":6.4},"WA":{"price":3.2,"discountRate":50,"promo":"","orgPrice":6.4},"ACT":{"price":3.2,"discountRate":50,"promo":"","orgPrice":6.4},"NT":{"price":3.2,"discountRate":50,"promo":"","orgPrice":6.4}},"categoryIds":["c-entertaining-at-home","c-meat-seafood-deli","c-dairy-eggs-meals"],"similarProducts":[]},{"id":"don-salami-hungarin-hot-sliced","name":"Thinly Sliced Hungarian Salami Hot","brand":"Don","imageUrls":["https://shop.coles.com.au/wcsstore/Coles-CAS/images/3/5/7/3576012.jpg"],"storeId":"coles","packageSize":"180g","cupPrice":"$17.78 per 1Kg","locations":{"SA":{"price":3.2,"discountRate":50,"promo":"","orgPrice":6.4},"QLD":{"price":3.2,"discountRate":50,"promo":"","orgPrice":6.4},"NSW":{"price":3.2,"discountRate":50,"promo":"","orgPrice":6.4},"WA":{"price":3.2,"discountRate":50,"promo":"","orgPrice":6.4},"TAS":{"price":3.2,"discountRate":50,"promo":"","orgPrice":6.4},"ACT":{"price":3.2,"discountRate":50,"promo":"","orgPrice":6.4},"NT":{"price":3.2,"discountRate":50,"promo":"","orgPrice":6.4}},"categoryIds":["c-entertaining-at-home","c-meat-seafood-deli","c-dairy-eggs-meals"],"similarProducts":[]},{"id":"cadbury-chocolate-mini-roll-10pk","name":"Milk Chocolate Mini Rolls 10 Pack","brand":"Cadbury","imageUrls":["https://shop.coles.com.au/wcsstore/Coles-CAS/images/3/4/7/3475569.jpg"],"storeId":"coles","packageSize":"230g","cupPrice":"$1.09 per 100G","locations":{"SA":{"price":2.5,"discountRate":55,"promo":"","orgPrice":5.5},"QLD":{"price":2.5,"discountRate":55,"promo":"","orgPrice":5.5},"WA":{"price":2.5,"discountRate":55,"promo":"","orgPrice":5.5},"TAS":{"price":2.5,"discountRate":55,"promo":"","orgPrice":5.5},"ACT":{"price":2.5,"discountRate":55,"promo":"","orgPrice":5.5},"NT":{"price":2.5,"discountRate":55,"promo":"","orgPrice":5.5}},"categoryIds":["c-bread-bakery"],"similarProducts":[]},{"id":"chobani-choc-mint-yoghurt","name":"Flip Mint Chocolate Chip Yoghurt","brand":"Chobani","imageUrls":["https://shop.coles.com.au/wcsstore/Coles-CAS/images/2/9/7/2974971.jpg"],"storeId":"coles","packageSize":"140g","cupPrice":"$1.07 per 100G","locations":{"SA":{"price":1.5,"discountRate":50,"promo":"","orgPrice":3},"QLD":{"price":1.5,"discountRate":50,"promo":"","orgPrice":3},"NSW":{"price":1.5,"discountRate":50,"promo":"","orgPrice":3},"WA":{"price":1.5,"discountRate":50,"promo":"","orgPrice":3},"TAS":{"price":1.5,"discountRate":50,"promo":"","orgPrice":3},"ACT":{"price":1.5,"discountRate":50,"promo":"","orgPrice":3},"NT":{"price":1.5,"discountRate":54,"promo":"","orgPrice":3.24}},"categoryIds":["c-dairy-eggs-meals"],"similarProducts":[]},{"id":"chobani--flip-key-lime-crumble-yoghurt","name":"Flip Key Lime Crumble Yoghurt","brand":"Chobani","imageUrls":["https://shop.coles.com.au/wcsstore/Coles-CAS/images/2/9/7/2974949.jpg"],"storeId":"coles","packageSize":"140g","cupPrice":"$1.07 per 100G","locations":{"SA":{"price":1.5,"discountRate":50,"promo":"","orgPrice":3},"QLD":{"price":1.5,"discountRate":50,"promo":"","orgPrice":3},"NSW":{"price":1.5,"discountRate":50,"promo":"","orgPrice":3},"TAS":{"price":1.5,"discountRate":50,"promo":"","orgPrice":3},"ACT":{"price":1.5,"discountRate":50,"promo":"","orgPrice":3},"NT":{"price":1.5,"discountRate":54,"promo":"","orgPrice":3.24}},"categoryIds":["c-dairy-eggs-meals"],"similarProducts":[]},{"id":"arnotts-tim-tam-crafted-biscuits-honey-cream","name":"Tim Tam Manuka Honey & Cream Crafted Biscuits","brand":"Arnott's","imageUrls":["https://shop.coles.com.au/wcsstore/Coles-CAS/images/3/7/2/3720185.jpg"],"storeId":"coles","packageSize":"160g","cupPrice":"$1.14 per 100G","locations":{"SA":{"price":1.82,"discountRate":50,"promo":"","orgPrice":3.6500000000000004},"TAS":{"price":1.82,"discountRate":50,"promo":"","orgPrice":3.6500000000000004},"NT":{"price":1.91,"discountRate":50,"promo":"","orgPrice":3.83}},"categoryIds":["c-pantry"],"similarProducts":[]},{"id":"arnotts-tim-tam-crafted-biscuits-strawberry-cream","name":"Tim Tam Sunshine Coast Strawberry & Cream Crafted Biscuits","brand":"Arnott's","imageUrls":["https://shop.coles.com.au/wcsstore/Coles-CAS/images/3/7/2/3720163.jpg"],"storeId":"coles","packageSize":"160g","cupPrice":"$1.14 per 100G","locations":{"SA":{"price":1.82,"discountRate":50,"promo":"","orgPrice":3.6500000000000004},"QLD":{"price":1.82,"discountRate":50,"promo":"","orgPrice":3.6500000000000004},"NSW":{"price":1.82,"discountRate":50,"promo":"","orgPrice":3.6500000000000004},"WA":{"price":1.82,"discountRate":50,"promo":"","orgPrice":3.6500000000000004},"TAS":{"price":1.82,"discountRate":50,"promo":"","orgPrice":3.6500000000000004},"ACT":{"price":1.82,"discountRate":50,"promo":"","orgPrice":3.6500000000000004},"NT":{"price":1.91,"discountRate":50,"promo":"","orgPrice":3.83}},"categoryIds":["c-pantry"],"similarProducts":[]},{"id":"arnotts-tim-tam-crafted-biscuits-orange-dark-choc","name":"Tim Tam Orange & Dark Choc Crafted Biscuits","brand":"Arnott's","imageUrls":["https://shop.coles.com.au/wcsstore/Coles-CAS/images/3/7/2/3720174.jpg"],"storeId":"coles","packageSize":"160g","cupPrice":"$1.14 per 100G","locations":{"SA":{"price":1.82,"discountRate":50,"promo":"","orgPrice":3.6500000000000004},"QLD":{"price":1.82,"discountRate":50,"promo":"","orgPrice":3.6500000000000004},"NSW":{"price":1.82,"discountRate":50,"promo":"","orgPrice":3.6500000000000004},"WA":{"price":1.82,"discountRate":50,"promo":"","orgPrice":3.6500000000000004},"TAS":{"price":1.82,"discountRate":50,"promo":"","orgPrice":3.6500000000000004},"ACT":{"price":1.82,"discountRate":50,"promo":"","orgPrice":3.6500000000000004},"NT":{"price":1.91,"discountRate":50,"promo":"","orgPrice":3.83}},"categoryIds":["c-pantry"],"similarProducts":[]},{"id":"arnotts-tim-tam-crafted-biscuits-salted-caramel","name":"Tim Tam Murray River Salted Caramel Crafted Biscuits","brand":"Arnott's","imageUrls":["https://shop.coles.com.au/wcsstore/Coles-CAS/images/3/7/2/3720152.jpg"],"storeId":"coles","packageSize":"175g","cupPrice":"$1.04 per 100G","locations":{"SA":{"price":1.82,"discountRate":50,"promo":"","orgPrice":3.6500000000000004},"QLD":{"price":1.82,"discountRate":50,"promo":"","orgPrice":3.6500000000000004},"NSW":{"price":1.82,"discountRate":50,"promo":"","orgPrice":3.6500000000000004},"WA":{"price":1.82,"discountRate":50,"promo":"","orgPrice":3.6500000000000004},"TAS":{"price":1.82,"discountRate":50,"promo":"","orgPrice":3.6500000000000004},"ACT":{"price":1.82,"discountRate":50,"promo":"","orgPrice":3.6500000000000004},"NT":{"price":1.91,"discountRate":50,"promo":"","orgPrice":3.83}},"categoryIds":["c-pantry"],"similarProducts":[]},{"id":"fantastic-noodles-chicken-chow-mein-5565888p","name":"Chicken Chow Mein Noodles","brand":"Fantastic","imageUrls":["https://shop.coles.com.au/wcsstore/Coles-CAS/images/5/5/6/5565888.jpg"],"storeId":"coles","packageSize":"70g","cupPrice":"$1.14 per 100G","locations":{"SA":{"price":0.8,"discountRate":50,"promo":"","orgPrice":1.6},"QLD":{"price":0.8,"discountRate":50,"promo":"","orgPrice":1.6},"NSW":{"price":0.8,"discountRate":50,"promo":"","orgPrice":1.6},"WA":{"price":0.8,"discountRate":50,"promo":"","orgPrice":1.6},"TAS":{"price":0.8,"discountRate":50,"promo":"","orgPrice":1.6},"ACT":{"price":0.8,"discountRate":50,"promo":"","orgPrice":1.6},"NT":{"price":0.8,"discountRate":50,"promo":"","orgPrice":1.6}},"categoryIds":["c-pantry"],"similarProducts":[]},{"id":"carmans-protein-bars-salted-caramel-nut-butter","name":"Salted Caramel Nut Butter Gourmet Protein Bars 5 pack","brand":"Carman's","imageUrls":["https://shop.coles.com.au/wcsstore/Coles-CAS/images/3/3/8/3387869.jpg"],"storeId":"coles","packageSize":"200g","cupPrice":"$1.58 per 100G","locations":{"SA":{"price":3.15,"discountRate":50,"promo":"","orgPrice":6.3},"QLD":{"price":3.15,"discountRate":50,"promo":"","orgPrice":6.3},"NSW":{"price":3.15,"discountRate":50,"promo":"","orgPrice":6.3},"WA":{"price":3.15,"discountRate":50,"promo":"","orgPrice":6.3},"TAS":{"price":3.15,"discountRate":50,"promo":"","orgPrice":6.3},"ACT":{"price":3.15,"discountRate":50,"promo":"","orgPrice":6.3},"NT":{"price":3.31,"discountRate":50,"promo":"","orgPrice":6.62}},"categoryIds":["c-pantry"],"similarProducts":[]},{"id":"carmans-dark-choc-cherry-coconut-bars","name":"Dark Choc Cherry & Coconut Bars 6 pack","brand":"Carman's","imageUrls":["https://shop.coles.com.au/wcsstore/Coles-CAS/images/2/9/1/2913751.jpg"],"storeId":"coles","packageSize":"210g","cupPrice":"$1.43 per 100G","locations":{"SA":{"price":3,"discountRate":50,"promo":"","orgPrice":6},"QLD":{"price":3,"discountRate":50,"promo":"","orgPrice":6},"NSW":{"price":3,"discountRate":50,"promo":"","orgPrice":6},"WA":{"price":3,"discountRate":50,"promo":"","orgPrice":6},"TAS":{"price":3,"discountRate":50,"promo":"","orgPrice":6},"ACT":{"price":3,"discountRate":50,"promo":"","orgPrice":6},"NT":{"price":3.15,"discountRate":50,"promo":"","orgPrice":6.3}},"categoryIds":["c-pantry"],"similarProducts":[]},{"id":"uncle-tobys-french-onion-le-snak","name":"Le Snak French Onion","brand":"Uncle Tobys","imageUrls":["https://shop.coles.com.au/wcsstore/Coles-CAS/images/3/0/2/3022371.jpg"],"storeId":"coles","packageSize":"132g","cupPrice":"$1.78 per 100G","locations":{"SA":{"price":2.35,"discountRate":50,"promo":"","orgPrice":4.7},"QLD":{"price":2.35,"discountRate":50,"promo":"","orgPrice":4.7},"NSW":{"price":2.35,"discountRate":50,"promo":"","orgPrice":4.7},"WA":{"price":2.35,"discountRate":50,"promo":"","orgPrice":4.7},"TAS":{"price":2.35,"discountRate":50,"promo":"","orgPrice":4.7},"ACT":{"price":2.35,"discountRate":50,"promo":"","orgPrice":4.7},"NT":{"price":2.47,"discountRate":50,"promo":"","orgPrice":4.94}},"categoryIds":["c-pantry"],"similarProducts":[]},{"id":"uncle-tobys-le-snak-nacho-cheese","name":"Le Snak Nacho Cheese","brand":"Uncle Tobys","imageUrls":["https://shop.coles.com.au/wcsstore/Coles-CAS/images/4/9/5/4952889.jpg"],"storeId":"coles","packageSize":"132g","cupPrice":"$1.78 per 100G","locations":{"SA":{"price":2.35,"discountRate":50,"promo":"","orgPrice":4.7},"QLD":{"price":2.35,"discountRate":50,"promo":"","orgPrice":4.7},"NSW":{"price":2.35,"discountRate":50,"promo":"","orgPrice":4.7},"WA":{"price":2.35,"discountRate":50,"promo":"","orgPrice":4.7},"TAS":{"price":2.35,"discountRate":50,"promo":"","orgPrice":4.7},"ACT":{"price":2.35,"discountRate":50,"promo":"","orgPrice":4.7},"NT":{"price":2.47,"discountRate":50,"promo":"","orgPrice":4.94}},"categoryIds":["c-pantry"],"similarProducts":[]},{"id":"carmans-muesli-bars-dark-chocolate-cranberry-almond","name":"Dark Choc Cranberry & Almond Bars 6 pack","brand":"Carman's","imageUrls":["https://shop.coles.com.au/wcsstore/Coles-CAS/images/7/6/7/7677328.jpg"],"storeId":"coles","packageSize":"210g","cupPrice":"$1.43 per 100G","locations":{"SA":{"price":3,"discountRate":50,"promo":"","orgPrice":6},"QLD":{"price":3,"discountRate":50,"promo":"","orgPrice":6},"NSW":{"price":3,"discountRate":50,"promo":"","orgPrice":6},"WA":{"price":3,"discountRate":50,"promo":"","orgPrice":6},"TAS":{"price":3,"discountRate":50,"promo":"","orgPrice":6},"ACT":{"price":3,"discountRate":50,"promo":"","orgPrice":6},"NT":{"price":3.15,"discountRate":50,"promo":"","orgPrice":6.3}},"categoryIds":["c-pantry"],"similarProducts":[]},{"id":"kelloggs-lcms-poppers-chocolatey","name":"LCMs Chocolatey Poppers Puffed Rice Snack Bites","brand":"Kellogg's","imageUrls":["https://shop.coles.com.au/wcsstore/Coles-CAS/images/3/5/8/3583153.jpg"],"storeId":"coles","packageSize":"100g","cupPrice":"$2.00 per 100G","locations":{"SA":{"price":2,"discountRate":50,"promo":"","orgPrice":4},"QLD":{"price":2,"discountRate":50,"promo":"","orgPrice":4},"NSW":{"price":2,"discountRate":50,"promo":"","orgPrice":4},"WA":{"price":2,"discountRate":50,"promo":"","orgPrice":4},"TAS":{"price":2,"discountRate":50,"promo":"","orgPrice":4},"ACT":{"price":2,"discountRate":50,"promo":"","orgPrice":4},"NT":{"price":2.1,"discountRate":50,"promo":"","orgPrice":4.2}},"categoryIds":["c-pantry"],"similarProducts":[]},{"id":"cadbury-coconut-rough","name":"Dairy Milk Coconut Rough Chocolate Bar","brand":"Cadbury","imageUrls":["https://shop.coles.com.au/wcsstore/Coles-CAS/images/3/2/3/3230561.jpg"],"storeId":"coles","packageSize":"45g","cupPrice":"$1.89 per 100G","locations":{"SA":{"price":0.85,"discountRate":58,"promo":"","orgPrice":2},"QLD":{"price":0.85,"discountRate":58,"promo":"","orgPrice":2},"NSW":{"price":0.85,"discountRate":58,"promo":"","orgPrice":2},"WA":{"price":0.85,"discountRate":58,"promo":"","orgPrice":2},"TAS":{"price":0.85,"discountRate":58,"promo":"","orgPrice":2},"ACT":{"price":0.85,"discountRate":58,"promo":"","orgPrice":2},"NT":{"price":0.85,"discountRate":60,"promo":"","orgPrice":2.1}},"categoryIds":["c-pantry"],"similarProducts":[]},{"id":"twinings-infuse-pssnfrt-mng-bld-org-infsn","name":"Passionfruit, Mango & Blood Orange Cold Water Infusion 3 pack","brand":"Twinings","imageUrls":["https://shop.coles.com.au/wcsstore/Coles-CAS/images/3/2/4/3247178.jpg"],"storeId":"coles","packageSize":"7.5g","cupPrice":"$0.33 per 1Ea","locations":{"SA":{"price":1,"discountRate":50,"promo":"","orgPrice":2},"QLD":{"price":1,"discountRate":50,"promo":"","orgPrice":2},"NT":{"price":1,"discountRate":52,"promo":"","orgPrice":2.1}},"categoryIds":["c-pantry","c-drinks"],"similarProducts":[]},{"id":"dole-tropical-fruit-chunks-in-juice","name":"Tropical Fruit Chunks in Juice Pouch","brand":"Dole","imageUrls":["https://shop.coles.com.au/wcsstore/Coles-CAS/images/3/2/1/3215025.jpg"],"storeId":"coles","packageSize":"400g","cupPrice":"$3.75 per 1Kg","locations":{"SA":{"price":1.5,"discountRate":50,"promo":"","orgPrice":3},"QLD":{"price":1.5,"discountRate":50,"promo":"","orgPrice":3},"NSW":{"price":1.5,"discountRate":50,"promo":"","orgPrice":3},"WA":{"price":1.5,"discountRate":50,"promo":"","orgPrice":3},"TAS":{"price":1.5,"discountRate":50,"promo":"","orgPrice":3},"ACT":{"price":1.5,"discountRate":50,"promo":"","orgPrice":3},"NT":{"price":1.5,"discountRate":52,"promo":"","orgPrice":3.15}},"categoryIds":["c-pantry"],"similarProducts":[]},{"id":"guylian-chocolate-belgian-sea-shells","name":"Chocolate Sea Shells","brand":"Guylian","imageUrls":["https://shop.coles.com.au/wcsstore/Coles-CAS/images/9/8/2/9825685.jpg"],"storeId":"coles","packageSize":"250g","cupPrice":"$3.20 per 100G","locations":{"SA":{"price":8,"discountRate":50,"promo":"","orgPrice":16},"NSW":{"price":8,"discountRate":50,"promo":"","orgPrice":16},"WA":{"price":8,"discountRate":50,"promo":"","orgPrice":16},"TAS":{"price":8,"discountRate":50,"promo":"","orgPrice":16},"ACT":{"price":8,"discountRate":50,"promo":"","orgPrice":16},"NT":{"price":8,"discountRate":50,"promo":"","orgPrice":16}},"categoryIds":["c-pantry"],"similarProducts":[]},{"id":"cadbury-sharepack-really-nutty-fruity","name":"Really Nutty & Fruity Share Pack","brand":"Cadbury","imageUrls":["https://shop.coles.com.au/wcsstore/Coles-CAS/images/3/7/3/3739252.jpg"],"storeId":"coles","packageSize":"150g","cupPrice":"$4.00 per 100G","locations":{"SA":{"price":6,"discountRate":50,"promo":"Any 2 $6","orgPrice":6},"QLD":{"price":6,"discountRate":50,"promo":"Any 2 $6","orgPrice":6},"NSW":{"price":6,"discountRate":50,"promo":"Any 2 $6","orgPrice":6},"WA":{"price":6,"discountRate":50,"promo":"Any 2 $6","orgPrice":6},"TAS":{"price":6,"discountRate":50,"promo":"Any 2 $6","orgPrice":6},"ACT":{"price":6,"discountRate":50,"promo":"Any 2 $6","orgPrice":6},"NT":{"price":6.3,"discountRate":52,"promo":"Any 2 $6","orgPrice":6.3}},"categoryIds":["c-pantry"],"similarProducts":[]},{"id":"cadbury-smoshed-share-pack-orange-hazelnut","name":"Smooshed Orange & Hazelnut Share Pack","brand":"Cadbury","imageUrls":["https://shop.coles.com.au/wcsstore/Coles-CAS/images/3/7/3/3739004.jpg"],"storeId":"coles","packageSize":"150g","cupPrice":"$4.00 per 100G","locations":{"SA":{"price":6,"discountRate":50,"promo":"Any 2 $6","orgPrice":6},"QLD":{"price":6,"discountRate":50,"promo":"Any 2 $6","orgPrice":6},"NSW":{"price":6,"discountRate":50,"promo":"Any 2 $6","orgPrice":6},"WA":{"price":6,"discountRate":50,"promo":"Any 2 $6","orgPrice":6},"TAS":{"price":6,"discountRate":50,"promo":"Any 2 $6","orgPrice":6},"ACT":{"price":6,"discountRate":50,"promo":"Any 2 $6","orgPrice":6},"NT":{"price":6.3,"discountRate":52,"promo":"Any 2 $6","orgPrice":6.3}},"categoryIds":["c-pantry"],"similarProducts":[]},{"id":"fulfil-protein-bar-cookie-dough","name":"Vitamin And Protein Bar Chocolete Caramel & Cookie Dough Flavour","brand":"Fulfil","imageUrls":["https://shop.coles.com.au/wcsstore/Coles-CAS/images/3/1/2/3129251.jpg"],"storeId":"coles","packageSize":"55g","cupPrice":"$3.64 per 100G","locations":{"SA":{"price":2,"discountRate":50,"promo":"","orgPrice":4},"QLD":{"price":2,"discountRate":50,"promo":"","orgPrice":4},"NSW":{"price":2,"discountRate":50,"promo":"","orgPrice":4},"TAS":{"price":2,"discountRate":50,"promo":"","orgPrice":4},"ACT":{"price":2,"discountRate":50,"promo":"","orgPrice":4},"NT":{"price":2.1,"discountRate":50,"promo":"","orgPrice":4.2}},"categoryIds":["c-pantry","c-healthy-living"],"similarProducts":[]},{"id":"kelloggs-lcms-poppers-yoghurty","name":"LCMs Yoghurty Poppers Puffed Rice Snack Bites","brand":"Kellogg's","imageUrls":["https://shop.coles.com.au/wcsstore/Coles-CAS/images/3/5/8/3583142.jpg"],"storeId":"coles","packageSize":"100g","cupPrice":"$2.00 per 100G","locations":{"SA":{"price":2,"discountRate":50,"promo":"","orgPrice":4},"QLD":{"price":2,"discountRate":50,"promo":"","orgPrice":4},"NSW":{"price":2,"discountRate":50,"promo":"","orgPrice":4},"WA":{"price":2,"discountRate":50,"promo":"","orgPrice":4},"TAS":{"price":2,"discountRate":50,"promo":"","orgPrice":4},"ACT":{"price":2,"discountRate":50,"promo":"","orgPrice":4},"NT":{"price":2.1,"discountRate":50,"promo":"","orgPrice":4.2}},"categoryIds":["c-pantry"],"similarProducts":[]},{"id":"mars-honeycomb-chocolate-block","name":"Maltesers Honeycomb Chocolate Block","brand":"Mars","imageUrls":["https://shop.coles.com.au/wcsstore/Coles-CAS/images/3/7/6/3761284.jpg"],"storeId":"coles","packageSize":"146g","cupPrice":"$1.64 per 100G","locations":{"SA":{"price":2.4,"discountRate":50,"promo":"","orgPrice":4.8},"QLD":{"price":2.4,"discountRate":50,"promo":"","orgPrice":4.8},"NSW":{"price":2.4,"discountRate":50,"promo":"","orgPrice":4.8},"WA":{"price":2.4,"discountRate":50,"promo":"","orgPrice":4.8},"TAS":{"price":2.4,"discountRate":50,"promo":"","orgPrice":4.8},"ACT":{"price":2.4,"discountRate":50,"promo":"","orgPrice":4.8},"NT":{"price":2.52,"discountRate":48,"promo":"","orgPrice":4.8}},"categoryIds":["c-pantry"],"similarProducts":[]},{"id":"naturopathica-fatblaster-keto-fit-vanilla-shake","name":"Fat Blaster Vanilla Flavour Keto Fit Protein Shake Mix","brand":"Naturopathica","imageUrls":["https://shop.coles.com.au/wcsstore/Coles-CAS/images/3/4/7/3478079.jpg"],"storeId":"coles","packageSize":"300g","cupPrice":"$5.00 per 100G","locations":{"SA":{"price":15,"discountRate":50,"promo":"","orgPrice":30},"QLD":{"price":15,"discountRate":50,"promo":"","orgPrice":30},"NSW":{"price":15,"discountRate":50,"promo":"","orgPrice":30},"TAS":{"price":15,"discountRate":50,"promo":"","orgPrice":30},"ACT":{"price":15,"discountRate":50,"promo":"","orgPrice":30},"NT":{"price":15.75,"discountRate":50,"promo":"","orgPrice":31.5}},"categoryIds":["c-pantry","c-healthy-living"],"similarProducts":[]},{"id":"toblerone-gift-box","name":"Gift Box","brand":"Toblerone","imageUrls":["https://shop.coles.com.au/wcsstore/Coles-CAS/images/3/7/1/3716086.jpg"],"storeId":"coles","packageSize":"240g","cupPrice":"$2.08 per 100G","locations":{"SA":{"price":5,"discountRate":64,"promo":"","orgPrice":14},"QLD":{"price":5,"discountRate":64,"promo":"","orgPrice":14},"NSW":{"price":5,"discountRate":64,"promo":"","orgPrice":14},"WA":{"price":5,"discountRate":64,"promo":"","orgPrice":14},"TAS":{"price":5,"discountRate":64,"promo":"","orgPrice":14},"ACT":{"price":5,"discountRate":64,"promo":"","orgPrice":14},"NT":{"price":5,"discountRate":64,"promo":"","orgPrice":14}},"categoryIds":["c-pantry"],"similarProducts":[]},{"id":"twinings-infuse-blbry-blkcrnt-apl-infsn","name":"Blueberry Apple & Blackcurrant Cold Water Infusion 3 pack","brand":"Twinings","imageUrls":["https://shop.coles.com.au/wcsstore/Coles-CAS/images/3/2/4/3247203.jpg"],"storeId":"coles","packageSize":"7.5g","cupPrice":"$0.33 per 1Ea","locations":{"SA":{"price":1,"discountRate":50,"promo":"","orgPrice":2},"QLD":{"price":1,"discountRate":50,"promo":"","orgPrice":2},"NT":{"price":1,"discountRate":52,"promo":"","orgPrice":2.1}},"categoryIds":["c-pantry","c-drinks"],"similarProducts":[]},{"id":"twinings-infuse-rose-lemonade-infusions","name":"Rose Lemonade Cold Water Infusion 3 pack","brand":"Twinings","imageUrls":["https://shop.coles.com.au/wcsstore/Coles-CAS/images/3/2/4/3247190.jpg"],"storeId":"coles","packageSize":"7.5g","cupPrice":"$0.33 per 1Ea","locations":{"SA":{"price":1,"discountRate":50,"promo":"","orgPrice":2},"QLD":{"price":1,"discountRate":50,"promo":"","orgPrice":2},"NT":{"price":1,"discountRate":52,"promo":"","orgPrice":2.1}},"categoryIds":["c-pantry","c-drinks"],"similarProducts":[]},{"id":"twinings-infuse-lmn-orng-gngr-infsn","name":"Lemon, Orange & Ginger Cold Water Infusion 3 pack","brand":"Twinings","imageUrls":["https://shop.coles.com.au/wcsstore/Coles-CAS/images/3/2/4/3247167.jpg"],"storeId":"coles","packageSize":"7.5g","cupPrice":"$0.33 per 1Ea","locations":{"SA":{"price":1,"discountRate":50,"promo":"","orgPrice":2},"NT":{"price":1,"discountRate":52,"promo":"","orgPrice":2.1}},"categoryIds":["c-pantry","c-drinks"],"similarProducts":[]},{"id":"nestle-kitkat-stick","name":"Kitkat Ice Cream Stick 4 pack","brand":"Nestle","imageUrls":["https://shop.coles.com.au/wcsstore/Coles-CAS/images/3/5/0/3505728.jpg"],"storeId":"coles","packageSize":"360mL","cupPrice":"$1.18 per 100mL","locations":{"SA":{"price":4.25,"discountRate":50,"promo":"","orgPrice":8.5},"QLD":{"price":4.25,"discountRate":50,"promo":"","orgPrice":8.5},"WA":{"price":4.25,"discountRate":50,"promo":"","orgPrice":8.5},"TAS":{"price":4.25,"discountRate":50,"promo":"","orgPrice":8.5},"ACT":{"price":4.25,"discountRate":50,"promo":"","orgPrice":8.5},"NT":{"price":4.59,"discountRate":50,"promo":"","orgPrice":9.18}},"categoryIds":["c-frozen"],"similarProducts":[]},{"id":"morningstar-farms-grillers-prime-burgers","name":"Grillers Prime Burgers","brand":"Morningstar Farms","imageUrls":["https://shop.coles.com.au/wcsstore/Coles-CAS/images/3/7/3/3734805.jpg"],"storeId":"coles","packageSize":"284g","cupPrice":"$1.23 per 100G","locations":{"SA":{"price":3.5,"discountRate":50,"promo":"","orgPrice":7},"QLD":{"price":3.5,"discountRate":50,"promo":"","orgPrice":7},"NSW":{"price":3.5,"discountRate":50,"promo":"","orgPrice":7},"WA":{"price":3.5,"discountRate":50,"promo":"","orgPrice":7},"TAS":{"price":3.5,"discountRate":50,"promo":"","orgPrice":7},"ACT":{"price":3.5,"discountRate":50,"promo":"","orgPrice":7},"NT":{"price":3.78,"discountRate":50,"promo":"","orgPrice":7.56}},"categoryIds":["c-frozen"],"similarProducts":[]},{"id":"morningsstar-farms-garden-veggie-burgers","name":"Garden Veggie Burgers","brand":"Morningstar Farms","imageUrls":["https://shop.coles.com.au/wcsstore/Coles-CAS/images/3/7/3/3734791.jpg"],"storeId":"coles","packageSize":"268g","cupPrice":"$1.31 per 100G","locations":{"SA":{"price":3.5,"discountRate":50,"promo":"","orgPrice":7},"QLD":{"price":3.5,"discountRate":50,"promo":"","orgPrice":7},"NSW":{"price":3.5,"discountRate":50,"promo":"","orgPrice":7},"WA":{"price":3.5,"discountRate":50,"promo":"","orgPrice":7},"TAS":{"price":3.5,"discountRate":50,"promo":"","orgPrice":7},"ACT":{"price":3.5,"discountRate":50,"promo":"","orgPrice":7},"NT":{"price":3.78,"discountRate":50,"promo":"","orgPrice":7.56}},"categoryIds":["c-frozen"],"similarProducts":[]},{"id":"bulla-cc-sandwich-choc-caramel-peanut","name":"Creamy Classics Choc Caramel Peanut Ice Cream Sandwich 4 pack","brand":"Bulla","imageUrls":["https://shop.coles.com.au/wcsstore/Coles-CAS/images/3/5/4/3545165.jpg"],"storeId":"coles","packageSize":"600mL","cupPrice":"$0.71 per 100mL","locations":{"SA":{"price":4.25,"discountRate":50,"promo":"","orgPrice":8.5},"WA":{"price":4.25,"discountRate":50,"promo":"","orgPrice":8.5}},"categoryIds":["c-frozen"],"similarProducts":[]},{"id":"connoisseur-australian-pint-flav-macadamia-lime","name":"Macadamia & Spiced Lime With Lemon Myrtle Gourmet Ice Cream Tub","brand":"Connoisseur","imageUrls":["https://shop.coles.com.au/wcsstore/Coles-CAS/images/3/5/4/3544468.jpg"],"storeId":"coles","packageSize":"470mL","cupPrice":"$1.06 per 100mL","locations":{"SA":{"price":5,"discountRate":50,"promo":"","orgPrice":10},"QLD":{"price":5,"discountRate":50,"promo":"","orgPrice":10},"NSW":{"price":5,"discountRate":50,"promo":"","orgPrice":10},"WA":{"price":5,"discountRate":50,"promo":"","orgPrice":10},"TAS":{"price":5,"discountRate":50,"promo":"","orgPrice":10},"ACT":{"price":5,"discountRate":50,"promo":"","orgPrice":10},"NT":{"price":5,"discountRate":54,"promo":"","orgPrice":10.8}},"categoryIds":["c-frozen"],"similarProducts":[]},{"id":"connoisseur-australian-pint-flav-davidson-plum","name":"Davidson Plum & Cocoa With Caramelised Pear Gourmet Ice Cream Tub","brand":"Connoisseur","imageUrls":["https://shop.coles.com.au/wcsstore/Coles-CAS/images/3/5/4/3544479.jpg"],"storeId":"coles","packageSize":"470mL","cupPrice":"$1.06 per 100mL","locations":{"SA":{"price":5,"discountRate":50,"promo":"","orgPrice":10},"QLD":{"price":5,"discountRate":50,"promo":"","orgPrice":10},"WA":{"price":5,"discountRate":50,"promo":"","orgPrice":10},"TAS":{"price":5,"discountRate":50,"promo":"","orgPrice":10},"ACT":{"price":5,"discountRate":50,"promo":"","orgPrice":10},"NT":{"price":5,"discountRate":54,"promo":"","orgPrice":10.8}},"categoryIds":["c-frozen"],"similarProducts":[]},{"id":"sanpellegrino-sparkling-organice-ice-tea-peach","name":"Sparkling Organic Peach Ice Tea Cans 250mL","brand":"Sanpellegrino","imageUrls":["https://shop.coles.com.au/wcsstore/Coles-CAS/images/3/2/9/3290891.jpg"],"storeId":"coles","packageSize":"6 pack","cupPrice":"$1.41 per 1L","locations":{"SA":{"price":2.12,"discountRate":75,"promo":"","orgPrice":8.5},"ACT":{"price":2.35,"discountRate":75,"promo":"","orgPrice":9.4}},"categoryIds":["c-drinks"],"similarProducts":[]},{"id":"sanpellegrino-sparkling-organice-ice-tea-lemon","name":"Sparkling Organic Lemon Ice Tea Cans 250mL","brand":"Sanpellegrino","imageUrls":["https://shop.coles.com.au/wcsstore/Coles-CAS/images/3/2/9/3290880.jpg"],"storeId":"coles","packageSize":"6 pack","cupPrice":"$1.41 per 1L","locations":{"SA":{"price":2.12,"discountRate":75,"promo":"","orgPrice":8.5},"ACT":{"price":2.35,"discountRate":75,"promo":"","orgPrice":9.4}},"categoryIds":["c-drinks"],"similarProducts":[]},{"id":"queens-diamond-dates","name":"Pitted Dates","brand":"Queen's Diamond","imageUrls":["https://shop.coles.com.au/wcsstore/Coles-CAS/images/2/7/9/2797683.jpg"],"storeId":"coles","packageSize":"250g","cupPrice":"$0.44 per 100G","locations":{"SA":{"price":1.1,"discountRate":50,"promo":"","orgPrice":2.2},"QLD":{"price":1.1,"discountRate":50,"promo":"","orgPrice":2.2},"NSW":{"price":1.1,"discountRate":50,"promo":"","orgPrice":2.2},"NT":{"price":1.1,"discountRate":52,"promo":"","orgPrice":2.31}},"categoryIds":["c-international-foods"],"similarProducts":[]},{"id":"baci-assorted-bijou","name":"Assorted Chocolate Truffle With Hazelnuts","brand":"Baci","imageUrls":["https://shop.coles.com.au/wcsstore/Coles-CAS/images/3/6/6/3665994.jpg"],"storeId":"coles","packageSize":"175g","cupPrice":"$2.66 per 100G","locations":{"SA":{"price":4.65,"discountRate":50,"promo":"","orgPrice":9.3},"NSW":{"price":4.65,"discountRate":50,"promo":"","orgPrice":9.3},"TAS":{"price":4.65,"discountRate":50,"promo":"","orgPrice":9.3},"NT":{"price":4.88,"discountRate":50,"promo":"","orgPrice":9.77}},"categoryIds":["c-international-foods"],"similarProducts":[]},{"id":"loacker-wafers-hazelnut","name":"Napolitaner Hazelnut Cream Wafers","brand":"Loacker","imageUrls":["https://shop.coles.com.au/wcsstore/Coles-CAS/images/5/0/1/5019731.jpg"],"storeId":"coles","packageSize":"175g","cupPrice":"$0.63 per 100G","locations":{"SA":{"price":1.1,"discountRate":59,"promo":"","orgPrice":2.7},"NT":{"price":1.1,"discountRate":61,"promo":"","orgPrice":2.84}},"categoryIds":["c-international-foods"],"similarProducts":[]},{"id":"swisse-kids-rest-restore-60-tablets","name":"Kids Rest & Restore Chewable Tablets","brand":"Swisse","imageUrls":["https://shop.coles.com.au/wcsstore/Coles-CAS/images/3/6/2/3626336.jpg"],"storeId":"coles","packageSize":"60 pack","cupPrice":"$0.21 per 1Ea","locations":{"SA":{"price":12.5,"discountRate":50,"promo":"","orgPrice":25},"QLD":{"price":12.5,"discountRate":50,"promo":"","orgPrice":25},"NSW":{"price":12.5,"discountRate":50,"promo":"","orgPrice":25},"WA":{"price":12.5,"discountRate":50,"promo":"","orgPrice":25},"TAS":{"price":12.5,"discountRate":50,"promo":"","orgPrice":25},"ACT":{"price":12.5,"discountRate":50,"promo":"","orgPrice":25},"NT":{"price":13.12,"discountRate":50,"promo":"","orgPrice":26.25}},"categoryIds":["c-healthy-living","c-health-beauty"],"similarProducts":[]},{"id":"centrum-multivitamin-womens-50-60-pack","name":"Multivitamin & Minerals Dietary Supplement For Women 50+  60 Tablets","brand":"Centrum","imageUrls":["https://shop.coles.com.au/wcsstore/Coles-CAS/images/1/7/7/1770660.jpg"],"storeId":"coles","packageSize":"1 Pack","cupPrice":"$16.67 per 100Ea","locations":{"SA":{"price":10,"discountRate":50,"promo":"","orgPrice":20},"QLD":{"price":10,"discountRate":50,"promo":"","orgPrice":20},"NSW":{"price":10,"discountRate":50,"promo":"","orgPrice":20},"WA":{"price":10,"discountRate":50,"promo":"","orgPrice":20},"TAS":{"price":10,"discountRate":50,"promo":"","orgPrice":20},"ACT":{"price":10,"discountRate":50,"promo":"","orgPrice":20},"NT":{"price":10.5,"discountRate":50,"promo":"","orgPrice":21}},"categoryIds":["c-healthy-living","c-health-beauty"],"similarProducts":[]},{"id":"swisse-kids-multi-60-tablets","name":"Natural Strawberry Flavour Kids Multi Chewable Tablets","brand":"Swisse","imageUrls":["https://shop.coles.com.au/wcsstore/Coles-CAS/images/3/6/2/3626303.jpg"],"storeId":"coles","packageSize":"60 pack","cupPrice":"$0.21 per 1Ea","locations":{"SA":{"price":12.5,"discountRate":50,"promo":"","orgPrice":25},"QLD":{"price":12.5,"discountRate":50,"promo":"","orgPrice":25},"NSW":{"price":12.5,"discountRate":50,"promo":"","orgPrice":25},"WA":{"price":12.5,"discountRate":50,"promo":"","orgPrice":25},"TAS":{"price":12.5,"discountRate":50,"promo":"","orgPrice":25},"ACT":{"price":12.5,"discountRate":50,"promo":"","orgPrice":25},"NT":{"price":13.12,"discountRate":50,"promo":"","orgPrice":26.25}},"categoryIds":["c-healthy-living","c-health-beauty"],"similarProducts":[]},{"id":"swisse-ulv-mens-multivitamin-superfod","name":"Ultivite Natural Berry Flavour Men's Multivitamin + Superfood Blend","brand":"Swisse","imageUrls":["https://shop.coles.com.au/wcsstore/Coles-CAS/images/3/6/2/3626278.jpg"],"storeId":"coles","packageSize":"7 pack","cupPrice":"$1.43 per 1Ea","locations":{"SA":{"price":10,"discountRate":50,"promo":"","orgPrice":20},"QLD":{"price":10,"discountRate":50,"promo":"","orgPrice":20},"NSW":{"price":10,"discountRate":50,"promo":"","orgPrice":20},"WA":{"price":10,"discountRate":50,"promo":"","orgPrice":20},"TAS":{"price":10,"discountRate":50,"promo":"","orgPrice":20},"ACT":{"price":10,"discountRate":50,"promo":"","orgPrice":20},"NT":{"price":10.5,"discountRate":50,"promo":"","orgPrice":21}},"categoryIds":["c-healthy-living","c-health-beauty"],"similarProducts":[]},{"id":"caltrate-vitamin-d-1000iu-liqud-capsules","name":"1000IU Vitamin D3 180 Liquid Capsules","brand":"Caltrate","imageUrls":["https://shop.coles.com.au/wcsstore/Coles-CAS/images/2/8/9/2898895.jpg"],"storeId":"coles","packageSize":"1 Pack","cupPrice":"$4.44 per 100Ea","locations":{"SA":{"price":8,"discountRate":50,"promo":"","orgPrice":16},"QLD":{"price":8,"discountRate":50,"promo":"","orgPrice":16},"NSW":{"price":8,"discountRate":50,"promo":"","orgPrice":16},"WA":{"price":8,"discountRate":50,"promo":"","orgPrice":16},"TAS":{"price":8,"discountRate":50,"promo":"","orgPrice":16},"ACT":{"price":8,"discountRate":50,"promo":"","orgPrice":16},"NT":{"price":8.4,"discountRate":50,"promo":"","orgPrice":16.8}},"categoryIds":["c-healthy-living","c-health-beauty"],"similarProducts":[]},{"id":"centrum-multivitiamin-50-60-pack","name":"Multivitamin Tablets For Men 50+","brand":"Centrum","imageUrls":["https://shop.coles.com.au/wcsstore/Coles-CAS/images/1/7/7/1770626.jpg"],"storeId":"coles","packageSize":"","cupPrice":"$16.67 per 100Ea","locations":{"SA":{"price":10,"discountRate":50,"promo":"","orgPrice":20},"QLD":{"price":10,"discountRate":50,"promo":"","orgPrice":20},"NSW":{"price":10,"discountRate":50,"promo":"","orgPrice":20},"WA":{"price":10,"discountRate":50,"promo":"","orgPrice":20},"TAS":{"price":10,"discountRate":50,"promo":"","orgPrice":20},"ACT":{"price":10,"discountRate":50,"promo":"","orgPrice":20},"NT":{"price":10.5,"discountRate":50,"promo":"","orgPrice":21}},"categoryIds":["c-healthy-living","c-health-beauty"],"similarProducts":[]},{"id":"swisse-beauty-collagen-glow-peptides-grapeseed","name":"Beauty Collagen Glow With Collagen Peptides Tablets","brand":"Swisse","imageUrls":["https://shop.coles.com.au/wcsstore/Coles-CAS/images/3/6/2/3626290.jpg"],"storeId":"coles","packageSize":"60 Pack","cupPrice":"$0.29 per 1Ea","locations":{"SA":{"price":17.5,"discountRate":50,"promo":"","orgPrice":35},"QLD":{"price":17.5,"discountRate":50,"promo":"","orgPrice":35},"NSW":{"price":17.5,"discountRate":50,"promo":"","orgPrice":35},"WA":{"price":17.5,"discountRate":50,"promo":"","orgPrice":35},"TAS":{"price":17.5,"discountRate":50,"promo":"","orgPrice":35},"ACT":{"price":17.5,"discountRate":50,"promo":"","orgPrice":35},"NT":{"price":18.37,"discountRate":50,"promo":"","orgPrice":36.75}},"categoryIds":["c-healthy-living","c-health-beauty"],"similarProducts":[]},{"id":"swisse-hemp-sed-oil-tumeric-capsules","name":"Hemp Seed Oil + Tumeric","brand":"Swisse","imageUrls":["https://shop.coles.com.au/wcsstore/Coles-CAS/images/3/7/5/3758370.jpg"],"storeId":"coles","packageSize":"60 PACK","cupPrice":"","locations":{"SA":{"price":12.5,"discountRate":50,"promo":"","orgPrice":25},"QLD":{"price":12.5,"discountRate":50,"promo":"","orgPrice":25},"NSW":{"price":12.5,"discountRate":50,"promo":"","orgPrice":25},"WA":{"price":12.5,"discountRate":50,"promo":"","orgPrice":25},"TAS":{"price":12.5,"discountRate":50,"promo":"","orgPrice":25},"ACT":{"price":12.5,"discountRate":50,"promo":"","orgPrice":25},"NT":{"price":13.12,"discountRate":50,"promo":"","orgPrice":26.25}},"categoryIds":["c-healthy-living","c-health-beauty"],"similarProducts":[]},{"id":"swisse-hemp-sed-oil-gren-tea-capsules","name":"Hemp Seed Oil Capsules","brand":"Swisse","imageUrls":["https://shop.coles.com.au/wcsstore/Coles-CAS/images/3/7/5/3758392.jpg"],"storeId":"coles","packageSize":"60 PACK","cupPrice":"","locations":{"SA":{"price":12.5,"discountRate":50,"promo":"","orgPrice":25},"QLD":{"price":12.5,"discountRate":50,"promo":"","orgPrice":25},"NSW":{"price":12.5,"discountRate":50,"promo":"","orgPrice":25},"WA":{"price":12.5,"discountRate":50,"promo":"","orgPrice":25},"TAS":{"price":12.5,"discountRate":50,"promo":"","orgPrice":25},"ACT":{"price":12.5,"discountRate":50,"promo":"","orgPrice":25},"NT":{"price":13.12,"discountRate":50,"promo":"","orgPrice":26.25}},"categoryIds":["c-healthy-living","c-health-beauty"],"similarProducts":[]},{"id":"swisse-hemp-sed-oil-mct-capsules","name":"Hemp Seed Oil + Mct Capsules","brand":"Swisse","imageUrls":["https://shop.coles.com.au/wcsstore/Coles-CAS/images/3/7/5/3758381.jpg"],"storeId":"coles","packageSize":"60 PACK","cupPrice":"","locations":{"SA":{"price":12.5,"discountRate":50,"promo":"","orgPrice":25},"QLD":{"price":12.5,"discountRate":50,"promo":"","orgPrice":25},"NSW":{"price":12.5,"discountRate":50,"promo":"","orgPrice":25},"WA":{"price":12.5,"discountRate":50,"promo":"","orgPrice":25},"TAS":{"price":12.5,"discountRate":50,"promo":"","orgPrice":25},"ACT":{"price":12.5,"discountRate":50,"promo":"","orgPrice":25},"NT":{"price":13.12,"discountRate":50,"promo":"","orgPrice":26.25}},"categoryIds":["c-healthy-living","c-health-beauty"],"similarProducts":[]},{"id":"sistema-ultra-container-700ml","name":"Ultra Clear Tritan Container 700mL","brand":"Sistema","imageUrls":["https://shop.coles.com.au/wcsstore/Coles-CAS/images/3/6/3/3633138.jpg"],"storeId":"coles","packageSize":"","cupPrice":"$4.00 per 1Ea","locations":{"SA":{"price":4,"discountRate":50,"promo":"","orgPrice":8},"QLD":{"price":4,"discountRate":50,"promo":"","orgPrice":8},"NSW":{"price":4,"discountRate":50,"promo":"","orgPrice":8},"TAS":{"price":4,"discountRate":50,"promo":"","orgPrice":8},"ACT":{"price":4,"discountRate":50,"promo":"","orgPrice":8},"NT":{"price":4,"discountRate":50,"promo":"","orgPrice":8}},"categoryIds":["c-household"],"similarProducts":[]},{"id":"sistema-ultra-container-460ml","name":"Ultra Clear Tritan Container 460mL","brand":"Sistema","imageUrls":["https://shop.coles.com.au/wcsstore/Coles-CAS/images/3/6/3/3633105.jpg"],"storeId":"coles","packageSize":"","cupPrice":"$3.00 per 1Ea","locations":{"SA":{"price":3,"discountRate":50,"promo":"","orgPrice":6},"QLD":{"price":3,"discountRate":50,"promo":"","orgPrice":6},"NSW":{"price":3,"discountRate":50,"promo":"","orgPrice":6},"TAS":{"price":3,"discountRate":50,"promo":"","orgPrice":6},"ACT":{"price":3,"discountRate":50,"promo":"","orgPrice":6},"NT":{"price":3,"discountRate":50,"promo":"","orgPrice":6}},"categoryIds":["c-household"],"similarProducts":[]},{"id":"biozet--attack-front-top-loader-softener-laundry-powder","name":"Attack + Softener Front & Top Loader Laundry Powder","brand":"Biozet","imageUrls":["https://shop.coles.com.au/wcsstore/Coles-CAS/images/2/8/9/2896583.jpg"],"storeId":"coles","packageSize":"2kg","cupPrice":"$5.50 per 1Kg","locations":{"SA":{"price":11,"discountRate":50,"promo":"","orgPrice":22},"QLD":{"price":11,"discountRate":50,"promo":"","orgPrice":22},"NSW":{"price":11,"discountRate":50,"promo":"","orgPrice":22},"WA":{"price":11,"discountRate":50,"promo":"","orgPrice":22},"TAS":{"price":11,"discountRate":50,"promo":"","orgPrice":22},"ACT":{"price":11,"discountRate":50,"promo":"","orgPrice":22},"NT":{"price":11.55,"discountRate":50,"promo":"","orgPrice":23.1}},"categoryIds":["c-household"],"similarProducts":[]},{"id":"smash-bts-fashion-tritan-750ml","name":"Tritan Drink Bottle","brand":"Smash","imageUrls":["https://shop.coles.com.au/wcsstore/Coles-CAS/images/2/8/1/2818025.jpg"],"storeId":"coles","packageSize":"","cupPrice":"$3.50 per 1Ea","locations":{"SA":{"price":3.5,"discountRate":50,"promo":"","orgPrice":7},"QLD":{"price":3.5,"discountRate":50,"promo":"","orgPrice":7},"NSW":{"price":3.5,"discountRate":50,"promo":"","orgPrice":7},"WA":{"price":3.5,"discountRate":50,"promo":"","orgPrice":7},"TAS":{"price":3.5,"discountRate":50,"promo":"","orgPrice":7},"ACT":{"price":3.5,"discountRate":50,"promo":"","orgPrice":7},"NT":{"price":3.5,"discountRate":50,"promo":"","orgPrice":7}},"categoryIds":["c-household"],"similarProducts":[]},{"id":"bonds-ladies-socks-footlets-tan-size-8-11","name":"No Show Footlets Tan size 8-11","brand":"Bonds","imageUrls":["https://shop.coles.com.au/wcsstore/Coles-CAS/images/5/6/9/5696922.jpg"],"storeId":"coles","packageSize":"1 pack","cupPrice":"","locations":{"SA":{"price":2,"discountRate":50,"promo":"","orgPrice":4},"QLD":{"price":2,"discountRate":50,"promo":"","orgPrice":4},"NSW":{"price":2,"discountRate":50,"promo":"","orgPrice":4},"WA":{"price":2,"discountRate":50,"promo":"","orgPrice":4},"TAS":{"price":2,"discountRate":50,"promo":"","orgPrice":4},"ACT":{"price":2,"discountRate":50,"promo":"","orgPrice":4},"NT":{"price":2,"discountRate":50,"promo":"","orgPrice":4}},"categoryIds":["c-household"],"similarProducts":[]},{"id":"bonds-skinny-legging-mix-colour-talls-x-tall","name":"Skinny Legging Assorted Colours Tall/XTall","brand":"Bonds","imageUrls":["https://shop.coles.com.au/wcsstore/Coles-CAS/images/1/7/2/1721926.jpg"],"storeId":"coles","packageSize":"1 pack","cupPrice":"","locations":{"SA":{"price":10,"discountRate":50,"promo":"","orgPrice":20},"QLD":{"price":10,"discountRate":50,"promo":"","orgPrice":20},"NSW":{"price":10,"discountRate":50,"promo":"","orgPrice":20},"WA":{"price":10,"discountRate":50,"promo":"","orgPrice":20},"TAS":{"price":10,"discountRate":50,"promo":"","orgPrice":20},"ACT":{"price":10,"discountRate":50,"promo":"","orgPrice":20},"NT":{"price":10,"discountRate":50,"promo":"","orgPrice":20}},"categoryIds":["c-household"],"similarProducts":[]},{"id":"bonds-mens-guyfront-trunk-mzvjs-size-xl","name":"Men's Guyfront Trunk Size XL","brand":"Bonds","imageUrls":["https://shop.coles.com.au/wcsstore/Coles-CAS/images/3/7/6/3764817.jpg"],"storeId":"coles","packageSize":"1 pack","cupPrice":"$11.00 per 1Ea","locations":{"SA":{"price":11,"discountRate":50,"promo":"","orgPrice":22},"QLD":{"price":11,"discountRate":50,"promo":"","orgPrice":22},"NSW":{"price":11,"discountRate":50,"promo":"","orgPrice":22},"WA":{"price":11,"discountRate":50,"promo":"","orgPrice":22},"TAS":{"price":11,"discountRate":50,"promo":"","orgPrice":22},"ACT":{"price":11,"discountRate":50,"promo":"","orgPrice":22},"NT":{"price":11,"discountRate":50,"promo":"","orgPrice":22}},"categoryIds":["c-household"],"similarProducts":[]},{"id":"explorer-socks-mens-short-black-size-6-11","name":"Mens Original Wool Crew Black Size 6-10","brand":"Explorer","imageUrls":["https://shop.coles.com.au/wcsstore/Coles-CAS/images/5/2/9/5291705.jpg"],"storeId":"coles","packageSize":"1 pack","cupPrice":"$7.00 per 1Ea","locations":{"SA":{"price":7,"discountRate":50,"promo":"","orgPrice":14},"QLD":{"price":7,"discountRate":50,"promo":"","orgPrice":14},"NSW":{"price":7,"discountRate":50,"promo":"","orgPrice":14},"WA":{"price":7,"discountRate":50,"promo":"","orgPrice":14},"TAS":{"price":7,"discountRate":50,"promo":"","orgPrice":14},"ACT":{"price":7,"discountRate":50,"promo":"","orgPrice":14},"NT":{"price":7,"discountRate":50,"promo":"","orgPrice":14}},"categoryIds":["c-household"],"similarProducts":[]},{"id":"smash-chugger-with-infuser-750ml","name":"Tritan Bottle With Removable Infuser","brand":"Smash","imageUrls":["https://shop.coles.com.au/wcsstore/Coles-CAS/images/3/3/8/3380531.jpg"],"storeId":"coles","packageSize":"","cupPrice":"$6.00 per 1Ea","locations":{"SA":{"price":6,"discountRate":50,"promo":"","orgPrice":12},"QLD":{"price":6,"discountRate":50,"promo":"","orgPrice":12},"NSW":{"price":6,"discountRate":50,"promo":"","orgPrice":12},"WA":{"price":6,"discountRate":50,"promo":"","orgPrice":12},"TAS":{"price":6,"discountRate":50,"promo":"","orgPrice":12},"ACT":{"price":6,"discountRate":50,"promo":"","orgPrice":12},"NT":{"price":6,"discountRate":50,"promo":"","orgPrice":12}},"categoryIds":["c-household"],"similarProducts":[]},{"id":"smash-leak-prof-snack-tubes","name":"Leak Proof Snack Tubes","brand":"Smash","imageUrls":["https://shop.coles.com.au/wcsstore/Coles-CAS/images/3/6/4/3649273.jpg"],"storeId":"coles","packageSize":"3 pack","cupPrice":"$1.17 per 1Ea","locations":{"SA":{"price":3.5,"discountRate":50,"promo":"","orgPrice":7},"QLD":{"price":3.5,"discountRate":50,"promo":"","orgPrice":7},"NSW":{"price":3.5,"discountRate":50,"promo":"","orgPrice":7},"TAS":{"price":3.5,"discountRate":50,"promo":"","orgPrice":7},"ACT":{"price":3.5,"discountRate":50,"promo":"","orgPrice":7}},"categoryIds":["c-household"],"similarProducts":[]},{"id":"bonds-mens-briefs-hipster-medium-9093168p","name":"Mens Hipster Briefs Medium","brand":"Bonds","imageUrls":["https://shop.coles.com.au/wcsstore/Coles-CAS/images/9/0/9/9093168.jpg"],"storeId":"coles","packageSize":"4 pack","cupPrice":"$12.50 per 4Ea","locations":{"SA":{"price":12.5,"discountRate":50,"promo":"","orgPrice":25},"QLD":{"price":12.5,"discountRate":43,"promo":"","orgPrice":22},"NSW":{"price":12.5,"discountRate":42,"promo":"","orgPrice":21.7},"WA":{"price":12.5,"discountRate":50,"promo":"","orgPrice":25},"TAS":{"price":12.5,"discountRate":43,"promo":"","orgPrice":22},"ACT":{"price":12.5,"discountRate":42,"promo":"","orgPrice":21.7},"NT":{"price":12.5,"discountRate":50,"promo":"","orgPrice":25}},"categoryIds":["c-household"],"similarProducts":[]},{"id":"bonds-opaque-tight-70-denier-black-talls-x-tall","name":"Comfy Tops Opaque Tights 70 Denier Black Tall/XTall","brand":"Bonds","imageUrls":["https://shop.coles.com.au/wcsstore/Coles-CAS/images/1/7/2/1721890.jpg"],"storeId":"coles","packageSize":"1 pack","cupPrice":"","locations":{"SA":{"price":6,"discountRate":50,"promo":"","orgPrice":12},"QLD":{"price":6,"discountRate":50,"promo":"","orgPrice":12},"NSW":{"price":6,"discountRate":50,"promo":"","orgPrice":12},"WA":{"price":6,"discountRate":50,"promo":"","orgPrice":12},"TAS":{"price":6,"discountRate":50,"promo":"","orgPrice":12},"ACT":{"price":6,"discountRate":50,"promo":"","orgPrice":12},"NT":{"price":6,"discountRate":50,"promo":"","orgPrice":12}},"categoryIds":["c-household"],"similarProducts":[]},{"id":"razzamatazz-tights-opaque-40-denier-black-tall-extra-tall","name":"Elastane Opaque Tights Black 40 Denier Talls-X Tall","brand":"Razzamatazz","imageUrls":["https://shop.coles.com.au/wcsstore/Coles-CAS/images/5/9/6/5960259.jpg"],"storeId":"coles","packageSize":"1 pack","cupPrice":"","locations":{"SA":{"price":3.75,"discountRate":50,"promo":"","orgPrice":7.5},"QLD":{"price":3.75,"discountRate":50,"promo":"","orgPrice":7.5},"NSW":{"price":3.75,"discountRate":50,"promo":"","orgPrice":7.5},"WA":{"price":3.75,"discountRate":50,"promo":"","orgPrice":7.5},"TAS":{"price":3.75,"discountRate":50,"promo":"","orgPrice":7.5},"ACT":{"price":3.75,"discountRate":50,"promo":"","orgPrice":7.5}},"categoryIds":["c-household"],"similarProducts":[]},{"id":"smash-glass-barista-buddy-340ml","name":"Barista Buddy Glass 340mL","brand":"Smash","imageUrls":["https://shop.coles.com.au/wcsstore/Coles-CAS/images/3/3/8/3380564.jpg"],"storeId":"coles","packageSize":"","cupPrice":"$6.00 per 1Ea","locations":{"SA":{"price":6,"discountRate":50,"promo":"","orgPrice":12},"QLD":{"price":6,"discountRate":50,"promo":"","orgPrice":12},"NSW":{"price":6,"discountRate":50,"promo":"","orgPrice":12},"WA":{"price":6,"discountRate":50,"promo":"","orgPrice":12},"TAS":{"price":6,"discountRate":50,"promo":"","orgPrice":12},"ACT":{"price":6,"discountRate":50,"promo":"","orgPrice":12},"NT":{"price":6,"discountRate":50,"promo":"","orgPrice":12}},"categoryIds":["c-household"],"similarProducts":[]},{"id":"bonds-hosiery-footlets-cotton-rich-size-8-11","name":"No Show Footlets Assorted Colours size 8+","brand":"Bonds","imageUrls":["https://shop.coles.com.au/wcsstore/Coles-CAS/images/5/7/2/5723504.jpg"],"storeId":"coles","packageSize":"","cupPrice":"$2.50 per 1ea","locations":{"SA":{"price":2.5,"discountRate":50,"promo":"","orgPrice":5},"QLD":{"price":2.5,"discountRate":50,"promo":"","orgPrice":5},"NSW":{"price":2.5,"discountRate":50,"promo":"","orgPrice":5},"WA":{"price":2.5,"discountRate":50,"promo":"","orgPrice":5},"TAS":{"price":2.5,"discountRate":50,"promo":"","orgPrice":5},"ACT":{"price":2.5,"discountRate":50,"promo":"","orgPrice":5},"NT":{"price":2.5,"discountRate":50,"promo":"","orgPrice":5}},"categoryIds":["c-household"],"similarProducts":[]},{"id":"bonds-ladies-socks-footlets-suntan-size-4-7-5696911p","name":"Footlets Tan size 3-8","brand":"Bonds","imageUrls":["https://shop.coles.com.au/wcsstore/Coles-CAS/images/5/6/9/5696911.jpg"],"storeId":"coles","packageSize":"1 pack","cupPrice":"$2.00 per 1ea","locations":{"SA":{"price":2,"discountRate":50,"promo":"","orgPrice":4},"QLD":{"price":2,"discountRate":50,"promo":"","orgPrice":4},"NSW":{"price":2,"discountRate":50,"promo":"","orgPrice":4},"WA":{"price":2,"discountRate":50,"promo":"","orgPrice":4},"TAS":{"price":2,"discountRate":50,"promo":"","orgPrice":4},"ACT":{"price":2,"discountRate":50,"promo":"","orgPrice":4}},"categoryIds":["c-household"],"similarProducts":[]},{"id":"comfort-fabric-cndtnr-rainforst-fresh","name":"Rainforest Fresh Fabric Conditioner","brand":"Comfort","imageUrls":["https://shop.coles.com.au/wcsstore/Coles-CAS/images/3/2/1/3214554.jpg"],"storeId":"coles","packageSize":"750mL","cupPrice":"$4.67 per 1L","locations":{"SA":{"price":3.5,"discountRate":50,"promo":"","orgPrice":7},"QLD":{"price":3.5,"discountRate":50,"promo":"","orgPrice":7},"NSW":{"price":3.5,"discountRate":50,"promo":"","orgPrice":7},"TAS":{"price":3.5,"discountRate":50,"promo":"","orgPrice":7},"ACT":{"price":3.5,"discountRate":50,"promo":"","orgPrice":7},"NT":{"price":3.67,"discountRate":50,"promo":"","orgPrice":7.35}},"categoryIds":["c-household"],"similarProducts":[]},{"id":"sheer-relief-pantyhose-black-extra-tall","name":"Sheer Relief Pantyhose Black X Tall","brand":"Kolotex","imageUrls":["https://shop.coles.com.au/wcsstore/Coles-CAS/images/1/0/7/1078386.jpg"],"storeId":"coles","packageSize":"1 pack","cupPrice":"$4.00 per 1ea","locations":{"SA":{"price":4,"discountRate":50,"promo":"","orgPrice":8},"QLD":{"price":4,"discountRate":50,"promo":"","orgPrice":8},"NSW":{"price":4,"discountRate":50,"promo":"","orgPrice":8},"WA":{"price":4,"discountRate":50,"promo":"","orgPrice":8},"TAS":{"price":4,"discountRate":50,"promo":"","orgPrice":8},"ACT":{"price":4,"discountRate":50,"promo":"","orgPrice":8},"NT":{"price":4,"discountRate":50,"promo":"","orgPrice":8}},"categoryIds":["c-household"],"similarProducts":[]},{"id":"razzamatazz-socks-sheer-nylon-15-denier-brazen","name":"Value Anklet Socks Tan","brand":"Razzamatazz","imageUrls":["https://shop.coles.com.au/wcsstore/Coles-CAS/images/8/9/6/8966728.jpg"],"storeId":"coles","packageSize":"2 pack","cupPrice":"$1.50 per 1ea","locations":{"SA":{"price":1.5,"discountRate":50,"promo":"","orgPrice":3},"QLD":{"price":1.5,"discountRate":50,"promo":"","orgPrice":3},"NSW":{"price":1.5,"discountRate":50,"promo":"","orgPrice":3},"WA":{"price":1.5,"discountRate":50,"promo":"","orgPrice":3},"TAS":{"price":1.5,"discountRate":50,"promo":"","orgPrice":3},"ACT":{"price":1.5,"discountRate":50,"promo":"","orgPrice":3},"NT":{"price":1.5,"discountRate":50,"promo":"","orgPrice":3}},"categoryIds":["c-household"],"similarProducts":[]},{"id":"smash-switch-up-lunch-box-smash-switch-up-lunch-box","name":"Switch Up Lunch Box","brand":"Smash","imageUrls":["https://shop.coles.com.au/wcsstore/Coles-CAS/images/3/3/8/3380702.jpg"],"storeId":"coles","packageSize":"","cupPrice":"$7.50 per 1Ea","locations":{"SA":{"price":7.5,"discountRate":50,"promo":"","orgPrice":15},"QLD":{"price":7.5,"discountRate":50,"promo":"","orgPrice":15},"NSW":{"price":7.5,"discountRate":50,"promo":"","orgPrice":15},"WA":{"price":7.5,"discountRate":50,"promo":"","orgPrice":15},"TAS":{"price":7.5,"discountRate":50,"promo":"","orgPrice":15},"ACT":{"price":7.5,"discountRate":50,"promo":"","orgPrice":15},"NT":{"price":7.5,"discountRate":50,"promo":"","orgPrice":15}},"categoryIds":["c-household"],"similarProducts":[]},{"id":"smash-leak-prof-snack-box","name":"Leak Proof Snack Box","brand":"Smash","imageUrls":["https://shop.coles.com.au/wcsstore/Coles-CAS/images/3/6/4/3649240.jpg"],"storeId":"coles","packageSize":"","cupPrice":"$2.50 per 1Ea","locations":{"SA":{"price":2.5,"discountRate":50,"promo":"","orgPrice":5},"QLD":{"price":2.5,"discountRate":50,"promo":"","orgPrice":5},"NSW":{"price":2.5,"discountRate":50,"promo":"","orgPrice":5},"WA":{"price":2.5,"discountRate":50,"promo":"","orgPrice":5},"TAS":{"price":2.5,"discountRate":50,"promo":"","orgPrice":5},"ACT":{"price":2.5,"discountRate":50,"promo":"","orgPrice":5},"NT":{"price":2.5,"discountRate":50,"promo":"","orgPrice":5}},"categoryIds":["c-household"],"similarProducts":[]},{"id":"smash-leak-prof-sandwich-box","name":"Leak Proof Sandwich Box","brand":"Smash","imageUrls":["https://shop.coles.com.au/wcsstore/Coles-CAS/images/3/6/4/3649182.jpg"],"storeId":"coles","packageSize":"","cupPrice":"$3.50 per 1Ea","locations":{"SA":{"price":3.5,"discountRate":50,"promo":"","orgPrice":7},"QLD":{"price":3.5,"discountRate":50,"promo":"","orgPrice":7},"NSW":{"price":3.5,"discountRate":50,"promo":"","orgPrice":7},"WA":{"price":3.5,"discountRate":50,"promo":"","orgPrice":7},"TAS":{"price":3.5,"discountRate":50,"promo":"","orgPrice":7},"ACT":{"price":3.5,"discountRate":50,"promo":"","orgPrice":7},"NT":{"price":3.5,"discountRate":50,"promo":"","orgPrice":7}},"categoryIds":["c-household"],"similarProducts":[]},{"id":"bonds-ladies-socks-footlet-black-size-4-11","name":"No Show Footlets Black size 4-7","brand":"Bonds","imageUrls":["https://shop.coles.com.au/wcsstore/Coles-CAS/images/6/7/8/6787580.jpg"],"storeId":"coles","packageSize":"1 pack","cupPrice":"","locations":{"SA":{"price":2,"discountRate":50,"promo":"","orgPrice":4},"QLD":{"price":2,"discountRate":50,"promo":"","orgPrice":4},"NSW":{"price":2,"discountRate":50,"promo":"","orgPrice":4},"WA":{"price":2,"discountRate":50,"promo":"","orgPrice":4},"TAS":{"price":2,"discountRate":50,"promo":"","orgPrice":4},"ACT":{"price":2,"discountRate":50,"promo":"","orgPrice":4},"NT":{"price":2,"discountRate":50,"promo":"","orgPrice":4}},"categoryIds":["c-household"],"similarProducts":[]},{"id":"bonds-opaque-tights-40-denier-knee--hi-nude-1-size","name":"Opaque Tights Knee Hi 40 Denier Nude 1 size","brand":"Bonds","imageUrls":["https://shop.coles.com.au/wcsstore/Coles-CAS/images/2/1/4/2145150.jpg"],"storeId":"coles","packageSize":"1 pack","cupPrice":"$2.50 per 1ea","locations":{"SA":{"price":2.5,"discountRate":50,"promo":"","orgPrice":5},"QLD":{"price":2.5,"discountRate":50,"promo":"","orgPrice":5},"NSW":{"price":2.5,"discountRate":50,"promo":"","orgPrice":5},"WA":{"price":2.5,"discountRate":50,"promo":"","orgPrice":5},"TAS":{"price":2.5,"discountRate":50,"promo":"","orgPrice":5},"ACT":{"price":2.5,"discountRate":50,"promo":"","orgPrice":5},"NT":{"price":2.5,"discountRate":50,"promo":"","orgPrice":5}},"categoryIds":["c-household"],"similarProducts":[]},{"id":"comfort-fbrc-conditioner-shets-towels","name":"Sheets & Towels Fabric Conditioner","brand":"Comfort","imageUrls":["https://shop.coles.com.au/wcsstore/Coles-CAS/images/3/7/3/3735604.jpg"],"storeId":"coles","packageSize":"750mL","cupPrice":"$4.67 per 1L","locations":{"SA":{"price":3.5,"discountRate":50,"promo":"","orgPrice":7},"QLD":{"price":3.5,"discountRate":50,"promo":"","orgPrice":7},"NSW":{"price":3.5,"discountRate":50,"promo":"","orgPrice":7},"TAS":{"price":3.5,"discountRate":50,"promo":"","orgPrice":7},"ACT":{"price":3.5,"discountRate":50,"promo":"","orgPrice":7},"NT":{"price":3.67,"discountRate":50,"promo":"","orgPrice":7.35}},"categoryIds":["c-household"],"similarProducts":[]},{"id":"explorer-socks-mens-kings-short-black-size-11-13","name":"Mens Original Wool Crew Black Size 11-14","brand":"Explorer","imageUrls":["https://shop.coles.com.au/wcsstore/Coles-CAS/images/7/1/4/7149534.jpg"],"storeId":"coles","packageSize":"1 pack","cupPrice":"$7.00 per 1Ea","locations":{"SA":{"price":7,"discountRate":50,"promo":"","orgPrice":14},"QLD":{"price":7,"discountRate":50,"promo":"","orgPrice":14},"WA":{"price":7,"discountRate":50,"promo":"","orgPrice":14},"TAS":{"price":7,"discountRate":50,"promo":"","orgPrice":14},"ACT":{"price":7,"discountRate":50,"promo":"","orgPrice":14},"NT":{"price":7,"discountRate":50,"promo":"","orgPrice":14}},"categoryIds":["c-household"],"similarProducts":[]},{"id":"bonds-womens-briefs-hipster-boyleg-size-12-6590756p","name":"Womens Hipster Boyleg Briefs Size 12","brand":"Bonds","imageUrls":["https://shop.coles.com.au/wcsstore/Coles-CAS/images/6/5/9/6590756.jpg"],"storeId":"coles","packageSize":"2 pack","cupPrice":"","locations":{"SA":{"price":9,"discountRate":50,"promo":"","orgPrice":18},"QLD":{"price":9,"discountRate":44,"promo":"","orgPrice":16},"NSW":{"price":9,"discountRate":44,"promo":"","orgPrice":16},"WA":{"price":9,"discountRate":50,"promo":"","orgPrice":18},"TAS":{"price":9,"discountRate":44,"promo":"","orgPrice":16},"ACT":{"price":9,"discountRate":44,"promo":"","orgPrice":16},"NT":{"price":9,"discountRate":44,"promo":"","orgPrice":16}},"categoryIds":["c-household"],"similarProducts":[]},{"id":"bonds-opaque-tight-70-denier-black-average-talls","name":"Comfy Tops Opaque Tights 70 Denier Black Average/Talls","brand":"Bonds","imageUrls":["https://shop.coles.com.au/wcsstore/Coles-CAS/images/1/7/2/1721880.jpg"],"storeId":"coles","packageSize":"1 pack","cupPrice":"","locations":{"SA":{"price":6,"discountRate":50,"promo":"","orgPrice":12},"QLD":{"price":6,"discountRate":50,"promo":"","orgPrice":12},"NSW":{"price":6,"discountRate":50,"promo":"","orgPrice":12},"WA":{"price":6,"discountRate":50,"promo":"","orgPrice":12},"TAS":{"price":6,"discountRate":50,"promo":"","orgPrice":12},"ACT":{"price":6,"discountRate":50,"promo":"","orgPrice":12},"NT":{"price":6,"discountRate":50,"promo":"","orgPrice":12}},"categoryIds":["c-household"],"similarProducts":[]},{"id":"bonds-skinny-legging-mix-colour-average-talls","name":"Skinny Legging Assorted Colours Average/Tall","brand":"Bonds","imageUrls":["https://shop.coles.com.au/wcsstore/Coles-CAS/images/1/7/2/1721915.jpg"],"storeId":"coles","packageSize":"1 pack","cupPrice":"","locations":{"SA":{"price":10,"discountRate":50,"promo":"","orgPrice":20},"QLD":{"price":10,"discountRate":50,"promo":"","orgPrice":20},"NSW":{"price":10,"discountRate":50,"promo":"","orgPrice":20},"WA":{"price":10,"discountRate":50,"promo":"","orgPrice":20},"TAS":{"price":10,"discountRate":50,"promo":"","orgPrice":20},"ACT":{"price":10,"discountRate":50,"promo":"","orgPrice":20},"NT":{"price":10,"discountRate":50,"promo":"","orgPrice":20}},"categoryIds":["c-household"],"similarProducts":[]},{"id":"bonds-opaque-tights-knee-hi-40-denier-black-1-size","name":"Comfy Tops Semi Opaque Knee Hi 40 Denier Black 1 size","brand":"Bonds","imageUrls":["https://shop.coles.com.au/wcsstore/Coles-CAS/images/2/1/4/2145172.jpg"],"storeId":"coles","packageSize":"1 pack","cupPrice":"","locations":{"SA":{"price":2.5,"discountRate":50,"promo":"","orgPrice":5},"QLD":{"price":2.5,"discountRate":50,"promo":"","orgPrice":5},"NSW":{"price":2.5,"discountRate":50,"promo":"","orgPrice":5},"WA":{"price":2.5,"discountRate":50,"promo":"","orgPrice":5},"TAS":{"price":2.5,"discountRate":50,"promo":"","orgPrice":5},"ACT":{"price":2.5,"discountRate":50,"promo":"","orgPrice":5},"NT":{"price":2.5,"discountRate":50,"promo":"","orgPrice":5}},"categoryIds":["c-household"],"similarProducts":[]},{"id":"bonds-sheer-pantyhose-slim-black-large","name":"Sheer Pantyhose Slim Black Large","brand":"Bonds","imageUrls":["https://shop.coles.com.au/wcsstore/Coles-CAS/images/2/1/4/2144624.jpg"],"storeId":"coles","packageSize":"1 pack","cupPrice":"$4.00 per 1ea","locations":{"SA":{"price":4,"discountRate":50,"promo":"","orgPrice":8},"QLD":{"price":4,"discountRate":50,"promo":"","orgPrice":8},"NSW":{"price":4,"discountRate":50,"promo":"","orgPrice":8},"WA":{"price":4,"discountRate":50,"promo":"","orgPrice":8},"TAS":{"price":4,"discountRate":50,"promo":"","orgPrice":8},"ACT":{"price":4,"discountRate":50,"promo":"","orgPrice":8},"NT":{"price":4,"discountRate":50,"promo":"","orgPrice":8}},"categoryIds":["c-household"],"similarProducts":[]},{"id":"bonds-salt-n-pep-legging-hy6x1g-sml-med","name":"Salt N Pepper Leggings Small/ Medium","brand":"Bonds","imageUrls":["https://shop.coles.com.au/wcsstore/Coles-CAS/images/3/1/3/3131683.jpg"],"storeId":"coles","packageSize":"1 pack","cupPrice":"$7.50 per 1Ea","locations":{"SA":{"price":7.5,"discountRate":50,"promo":"","orgPrice":15},"QLD":{"price":7.5,"discountRate":50,"promo":"","orgPrice":15},"NSW":{"price":7.5,"discountRate":50,"promo":"","orgPrice":15},"WA":{"price":7.5,"discountRate":50,"promo":"","orgPrice":15},"TAS":{"price":7.5,"discountRate":50,"promo":"","orgPrice":15},"ACT":{"price":7.5,"discountRate":50,"promo":"","orgPrice":15},"NT":{"price":7.95,"discountRate":50,"promo":"","orgPrice":15.9}},"categoryIds":["c-household"],"similarProducts":[]},{"id":"explorer-womens-socks-assorted-size-8-11","name":"Womens Lightweight Cotton Blend Crew Size 8-11","brand":"Explorer","imageUrls":["https://shop.coles.com.au/wcsstore/Coles-CAS/images/7/9/1/7912858.jpg"],"storeId":"coles","packageSize":"1 Pack","cupPrice":"$7.00 per 1Ea","locations":{"SA":{"price":7,"discountRate":50,"promo":"","orgPrice":14},"QLD":{"price":7,"discountRate":50,"promo":"","orgPrice":14},"WA":{"price":7,"discountRate":50,"promo":"","orgPrice":14},"TAS":{"price":7,"discountRate":50,"promo":"","orgPrice":14},"ACT":{"price":7,"discountRate":50,"promo":"","orgPrice":14},"NT":{"price":7,"discountRate":50,"promo":"","orgPrice":14}},"categoryIds":["c-household"],"similarProducts":[]},{"id":"sheer-relief-trouser-sock-black","name":"Sheer Relief Trouser Sock Black One size Fits All","brand":"Kolotex","imageUrls":["https://shop.coles.com.au/wcsstore/Coles-CAS/images/8/4/2/8424328.jpg"],"storeId":"coles","packageSize":"1 pack","cupPrice":"","locations":{"SA":{"price":4,"discountRate":50,"promo":"","orgPrice":8},"QLD":{"price":4,"discountRate":50,"promo":"","orgPrice":8},"NSW":{"price":4,"discountRate":50,"promo":"","orgPrice":8},"WA":{"price":4,"discountRate":50,"promo":"","orgPrice":8},"TAS":{"price":4,"discountRate":50,"promo":"","orgPrice":8},"ACT":{"price":4,"discountRate":50,"promo":"","orgPrice":8},"NT":{"price":4,"discountRate":50,"promo":"","orgPrice":8}},"categoryIds":["c-household"],"similarProducts":[]},{"id":"razza-ladder-resist-h80080-blk-x-tall","name":"Ladder Resist 15 Denier X-Tall","brand":"Razza Matazz","imageUrls":["https://shop.coles.com.au/wcsstore/Coles-CAS/images/3/1/3/3130352.jpg"],"storeId":"coles","packageSize":"1 pack","cupPrice":"$3.00 per 1Ea","locations":{"SA":{"price":3,"discountRate":50,"promo":"","orgPrice":6},"QLD":{"price":3,"discountRate":50,"promo":"","orgPrice":6},"NSW":{"price":3,"discountRate":50,"promo":"","orgPrice":6},"WA":{"price":3,"discountRate":50,"promo":"","orgPrice":6},"TAS":{"price":3,"discountRate":50,"promo":"","orgPrice":6},"ACT":{"price":3,"discountRate":50,"promo":"","orgPrice":6},"NT":{"price":3,"discountRate":50,"promo":"","orgPrice":6}},"categoryIds":["c-household"],"similarProducts":[]},{"id":"razzamatazz-tights-opaque-120-denier-black-tall-extra-tall","name":"Opaque Tights 120 Denier Black Medium/Large","brand":"Razzamatazz","imageUrls":["https://shop.coles.com.au/wcsstore/ColesResponsiveStorefrontAssetStore/dist/ccfc54aed6e361b650bcf0582f7b576b/img/img_product-placeholder.png"],"storeId":"coles","packageSize":"1 pack","cupPrice":"$6.00 per 1Ea","locations":{"SA":{"price":6,"discountRate":50,"promo":"","orgPrice":12},"QLD":{"price":6,"discountRate":50,"promo":"","orgPrice":12},"NSW":{"price":6,"discountRate":50,"promo":"","orgPrice":12},"WA":{"price":6,"discountRate":50,"promo":"","orgPrice":12},"TAS":{"price":6,"discountRate":50,"promo":"","orgPrice":12},"ACT":{"price":6,"discountRate":50,"promo":"","orgPrice":12},"NT":{"price":6,"discountRate":50,"promo":"","orgPrice":12}},"categoryIds":["c-household"],"similarProducts":[]},{"id":"sheer-relief-70d-compr-opq-comf-h32803-blk-ave","name":"Compression Opaques Black Size A","brand":"Sheer Relief","imageUrls":["https://shop.coles.com.au/wcsstore/Coles-CAS/images/3/1/3/3132096.jpg"],"storeId":"coles","packageSize":"1 pack","cupPrice":"$6.50 per 1Ea","locations":{"SA":{"price":6.5,"discountRate":50,"promo":"","orgPrice":13},"QLD":{"price":6.5,"discountRate":50,"promo":"","orgPrice":13},"NSW":{"price":6.5,"discountRate":50,"promo":"","orgPrice":13},"WA":{"price":6.5,"discountRate":50,"promo":"","orgPrice":13},"TAS":{"price":6.5,"discountRate":50,"promo":"","orgPrice":13},"ACT":{"price":6.5,"discountRate":50,"promo":"","orgPrice":13}},"categoryIds":["c-household"],"similarProducts":[]},{"id":"smash-explorer-flask-530ml","name":"Explorer Flask Bottle","brand":"Smash","imageUrls":["https://shop.coles.com.au/wcsstore/Coles-CAS/images/3/3/8/3380553.jpg"],"storeId":"coles","packageSize":"","cupPrice":"$7.50 per 1Ea","locations":{"SA":{"price":7.5,"discountRate":50,"promo":"","orgPrice":15},"QLD":{"price":7.5,"discountRate":50,"promo":"","orgPrice":15},"NSW":{"price":7.5,"discountRate":50,"promo":"","orgPrice":15},"TAS":{"price":7.5,"discountRate":50,"promo":"","orgPrice":15},"ACT":{"price":7.5,"discountRate":50,"promo":"","orgPrice":15}},"categoryIds":["c-household"],"similarProducts":[]},{"id":"smash-leak-prof-fruity-mover","name":"Leak Proof Fruity Mover","brand":"Smash","imageUrls":["https://shop.coles.com.au/wcsstore/Coles-CAS/images/3/6/4/3649251.jpg"],"storeId":"coles","packageSize":"","cupPrice":"$3.00 per 1Ea","locations":{"SA":{"price":3,"discountRate":50,"promo":"","orgPrice":6},"QLD":{"price":3,"discountRate":50,"promo":"","orgPrice":6},"NSW":{"price":3,"discountRate":50,"promo":"","orgPrice":6},"WA":{"price":3,"discountRate":50,"promo":"","orgPrice":6},"TAS":{"price":3,"discountRate":50,"promo":"","orgPrice":6},"ACT":{"price":3,"discountRate":50,"promo":"","orgPrice":6},"NT":{"price":3,"discountRate":50,"promo":"","orgPrice":6}},"categoryIds":["c-household"],"similarProducts":[]},{"id":"smash-stainless-stel-barista-buddy-350ml","name":"Stainless Steel Barista Buddy","brand":"Smash","imageUrls":["https://shop.coles.com.au/wcsstore/Coles-CAS/images/3/6/4/3649284.jpg"],"storeId":"coles","packageSize":"","cupPrice":"$9.00 per 1Ea","locations":{"SA":{"price":9,"discountRate":50,"promo":"","orgPrice":18},"QLD":{"price":9,"discountRate":50,"promo":"","orgPrice":18},"NSW":{"price":9,"discountRate":50,"promo":"","orgPrice":18},"WA":{"price":9,"discountRate":50,"promo":"","orgPrice":18},"TAS":{"price":9,"discountRate":50,"promo":"","orgPrice":18},"ACT":{"price":9,"discountRate":50,"promo":"","orgPrice":18},"NT":{"price":9,"discountRate":50,"promo":"","orgPrice":18}},"categoryIds":["c-household"],"similarProducts":[]},{"id":"bonds-ladies-socks-footlets-black-size-4-7","name":"No Show Footlets Assorted Colours size 4+","brand":"Bonds","imageUrls":["https://shop.coles.com.au/wcsstore/Coles-CAS/images/5/7/2/5723435.jpg"],"storeId":"coles","packageSize":"1 pack","cupPrice":"$2.50 per 1ea","locations":{"SA":{"price":2.5,"discountRate":50,"promo":"","orgPrice":5},"QLD":{"price":2.5,"discountRate":50,"promo":"","orgPrice":5},"NSW":{"price":2.5,"discountRate":50,"promo":"","orgPrice":5},"WA":{"price":2.5,"discountRate":50,"promo":"","orgPrice":5},"TAS":{"price":2.5,"discountRate":50,"promo":"","orgPrice":5},"ACT":{"price":2.5,"discountRate":50,"promo":"","orgPrice":5},"NT":{"price":2.5,"discountRate":50,"promo":"","orgPrice":5}},"categoryIds":["c-household"],"similarProducts":[]},{"id":"bonds-womens-briefs-hipster-boyleg-size-10-6590701p","name":"Womens Hipster Boyleg Briefs Size 10","brand":"Bonds","imageUrls":["https://shop.coles.com.au/wcsstore/Coles-CAS/images/6/5/9/6590701.jpg"],"storeId":"coles","packageSize":"2 pack","cupPrice":"","locations":{"SA":{"price":9,"discountRate":50,"promo":"","orgPrice":18},"QLD":{"price":9,"discountRate":44,"promo":"","orgPrice":16},"NSW":{"price":9,"discountRate":44,"promo":"","orgPrice":16},"WA":{"price":9,"discountRate":50,"promo":"","orgPrice":18},"TAS":{"price":9,"discountRate":44,"promo":"","orgPrice":16},"ACT":{"price":9,"discountRate":44,"promo":"","orgPrice":16},"NT":{"price":9,"discountRate":44,"promo":"","orgPrice":16}},"categoryIds":["c-household"],"similarProducts":[]},{"id":"bonds-sheer-pantyhose-slim-nude-large","name":"Sheer Pantyhose Slim Nude Large","brand":"Bonds","imageUrls":["https://shop.coles.com.au/wcsstore/Coles-CAS/images/2/1/4/2144410.jpg"],"storeId":"coles","packageSize":"1 pack","cupPrice":"$4.00 per 1ea","locations":{"SA":{"price":4,"discountRate":50,"promo":"","orgPrice":8},"QLD":{"price":4,"discountRate":50,"promo":"","orgPrice":8},"NSW":{"price":4,"discountRate":50,"promo":"","orgPrice":8},"WA":{"price":4,"discountRate":50,"promo":"","orgPrice":8},"TAS":{"price":4,"discountRate":50,"promo":"","orgPrice":8},"ACT":{"price":4,"discountRate":50,"promo":"","orgPrice":8}},"categoryIds":["c-household"],"similarProducts":[]},{"id":"bonds-sheer-pantyhose-slim-black-medium","name":"Sheer Pantyhose Slim Black Medium","brand":"Bonds","imageUrls":["https://shop.coles.com.au/wcsstore/Coles-CAS/images/2/1/4/2144602.jpg"],"storeId":"coles","packageSize":"1 pack","cupPrice":"$4.00 per 1ea","locations":{"SA":{"price":4,"discountRate":50,"promo":"","orgPrice":8},"QLD":{"price":4,"discountRate":50,"promo":"","orgPrice":8},"NSW":{"price":4,"discountRate":50,"promo":"","orgPrice":8},"WA":{"price":4,"discountRate":50,"promo":"","orgPrice":8},"TAS":{"price":4,"discountRate":50,"promo":"","orgPrice":8},"ACT":{"price":4,"discountRate":50,"promo":"","orgPrice":8},"NT":{"price":4,"discountRate":50,"promo":"","orgPrice":8}},"categoryIds":["c-household"],"similarProducts":[]},{"id":"bonds-sheer-pantyhose-slim-black-small","name":"Comfy Tops Slimming Sheer Tights Black Small","brand":"Bonds","imageUrls":["https://shop.coles.com.au/wcsstore/Coles-CAS/images/2/1/4/2144522.jpg"],"storeId":"coles","packageSize":"1 pack","cupPrice":"$4.00 per 1ea","locations":{"SA":{"price":4,"discountRate":50,"promo":"","orgPrice":8},"QLD":{"price":4,"discountRate":50,"promo":"","orgPrice":8},"NSW":{"price":4,"discountRate":50,"promo":"","orgPrice":8},"WA":{"price":4,"discountRate":50,"promo":"","orgPrice":8},"TAS":{"price":4,"discountRate":50,"promo":"","orgPrice":8},"ACT":{"price":4,"discountRate":50,"promo":"","orgPrice":8}},"categoryIds":["c-household"],"similarProducts":[]},{"id":"bonds-sheer-pantyhose-slim-nude-medium","name":"Sheer Pantyhose Slim Nude Medium","brand":"Bonds","imageUrls":["https://shop.coles.com.au/wcsstore/Coles-CAS/images/2/1/4/2144409.jpg"],"storeId":"coles","packageSize":"1 pack","cupPrice":"$4.00 per 1ea","locations":{"SA":{"price":4,"discountRate":50,"promo":"","orgPrice":8},"QLD":{"price":4,"discountRate":50,"promo":"","orgPrice":8},"NSW":{"price":4,"discountRate":50,"promo":"","orgPrice":8},"WA":{"price":4,"discountRate":50,"promo":"","orgPrice":8},"TAS":{"price":4,"discountRate":50,"promo":"","orgPrice":8},"ACT":{"price":4,"discountRate":50,"promo":"","orgPrice":8}},"categoryIds":["c-household"],"similarProducts":[]},{"id":"bonds-sheer-pantyhose-slim-nude-small","name":"Comfy Tops Slimming Sheer Tights Nude Small","brand":"Bonds","imageUrls":["https://shop.coles.com.au/wcsstore/Coles-CAS/images/2/1/4/2144395.jpg"],"storeId":"coles","packageSize":"1 pack","cupPrice":"$4.00 per 1ea","locations":{"SA":{"price":4,"discountRate":50,"promo":"","orgPrice":8},"QLD":{"price":4,"discountRate":50,"promo":"","orgPrice":8},"NSW":{"price":4,"discountRate":50,"promo":"","orgPrice":8},"WA":{"price":4,"discountRate":50,"promo":"","orgPrice":8},"TAS":{"price":4,"discountRate":50,"promo":"","orgPrice":8},"ACT":{"price":4,"discountRate":50,"promo":"","orgPrice":8}},"categoryIds":["c-household"],"similarProducts":[]},{"id":"sheer-relief-cotton-pantyhose-trouser-sock-beige","name":"Sheer Relief Trouser Sock Beige One size Fits All","brand":"Kolotex","imageUrls":["https://shop.coles.com.au/wcsstore/Coles-CAS/images/8/4/2/8424317.jpg"],"storeId":"coles","packageSize":"1 pack","cupPrice":"$4.00 per 1ea","locations":{"SA":{"price":4,"discountRate":50,"promo":"","orgPrice":8},"QLD":{"price":4,"discountRate":50,"promo":"","orgPrice":8},"NSW":{"price":4,"discountRate":50,"promo":"","orgPrice":8},"WA":{"price":4,"discountRate":50,"promo":"","orgPrice":8},"TAS":{"price":4,"discountRate":50,"promo":"","orgPrice":8},"ACT":{"price":4,"discountRate":50,"promo":"","orgPrice":8}},"categoryIds":["c-household"],"similarProducts":[]},{"id":"sheer-relief-pantyhose-knee-hi-mid-beige-one-size-fits-all","name":"Sheer Relief Knee Hi Mid Beige One size","brand":"Kolotex","imageUrls":["https://shop.coles.com.au/wcsstore/Coles-CAS/images/8/0/0/8005799.jpg"],"storeId":"coles","packageSize":"1 pack","cupPrice":"$4.00 per 1ea","locations":{"SA":{"price":4,"discountRate":50,"promo":"","orgPrice":8},"QLD":{"price":4,"discountRate":50,"promo":"","orgPrice":8},"NSW":{"price":4,"discountRate":50,"promo":"","orgPrice":8},"WA":{"price":4,"discountRate":50,"promo":"","orgPrice":8},"TAS":{"price":4,"discountRate":50,"promo":"","orgPrice":8},"ACT":{"price":4,"discountRate":50,"promo":"","orgPrice":8},"NT":{"price":4,"discountRate":50,"promo":"","orgPrice":8}},"categoryIds":["c-household"],"similarProducts":[]},{"id":"sheer-relief-pantyhose-beige-extra-tall","name":"Sheer Relief Pantyhose Beige X Tall","brand":"Kolotex","imageUrls":["https://shop.coles.com.au/wcsstore/Coles-CAS/images/7/0/0/700523.jpg"],"storeId":"coles","packageSize":"1 pack","cupPrice":"$4.00 per 1ea","locations":{"SA":{"price":4,"discountRate":50,"promo":"","orgPrice":8},"QLD":{"price":4,"discountRate":50,"promo":"","orgPrice":8},"NSW":{"price":4,"discountRate":50,"promo":"","orgPrice":8},"WA":{"price":4,"discountRate":50,"promo":"","orgPrice":8},"TAS":{"price":4,"discountRate":50,"promo":"","orgPrice":8},"ACT":{"price":4,"discountRate":50,"promo":"","orgPrice":8},"NT":{"price":4,"discountRate":50,"promo":"","orgPrice":8}},"categoryIds":["c-household"],"similarProducts":[]},{"id":"kolotex-sheer-relief-pantyhose-beige-tall","name":"Sheer Relief Pantyhose Beige Talls","brand":"Kolotex","imageUrls":["https://shop.coles.com.au/wcsstore/Coles-CAS/images/6/9/4/694034.jpg"],"storeId":"coles","packageSize":"1 pack","cupPrice":"","locations":{"SA":{"price":4,"discountRate":50,"promo":"","orgPrice":8},"QLD":{"price":4,"discountRate":50,"promo":"","orgPrice":8},"NSW":{"price":4,"discountRate":50,"promo":"","orgPrice":8},"WA":{"price":4,"discountRate":50,"promo":"","orgPrice":8},"TAS":{"price":4,"discountRate":50,"promo":"","orgPrice":8},"ACT":{"price":4,"discountRate":50,"promo":"","orgPrice":8},"NT":{"price":4,"discountRate":50,"promo":"","orgPrice":8}},"categoryIds":["c-household"],"similarProducts":[]},{"id":"kolotex-sheer-relief-pantyhose-beige-average","name":"Sheer Relief Pantyhose Beige Average","brand":"Kolotex","imageUrls":["https://shop.coles.com.au/wcsstore/Coles-CAS/images/6/8/5/685827.jpg"],"storeId":"coles","packageSize":"1 pack","cupPrice":"$4.00 per 1ea","locations":{"SA":{"price":4,"discountRate":50,"promo":"","orgPrice":8},"QLD":{"price":4,"discountRate":50,"promo":"","orgPrice":8},"NSW":{"price":4,"discountRate":50,"promo":"","orgPrice":8},"WA":{"price":4,"discountRate":50,"promo":"","orgPrice":8},"TAS":{"price":4,"discountRate":50,"promo":"","orgPrice":8},"ACT":{"price":4,"discountRate":50,"promo":"","orgPrice":8}},"categoryIds":["c-household"],"similarProducts":[]},{"id":"kolotex-sheer-relief-pantyhose-black-average","name":"Sheer Relief Pantyhose Black Average","brand":"Kolotex","imageUrls":["https://shop.coles.com.au/wcsstore/Coles-CAS/images/1/1/4/1140082.jpg"],"storeId":"coles","packageSize":"1 pack","cupPrice":"$4.00 per 1ea","locations":{"SA":{"price":4,"discountRate":50,"promo":"","orgPrice":8},"QLD":{"price":4,"discountRate":50,"promo":"","orgPrice":8},"NSW":{"price":4,"discountRate":50,"promo":"","orgPrice":8},"WA":{"price":4,"discountRate":50,"promo":"","orgPrice":8},"TAS":{"price":4,"discountRate":50,"promo":"","orgPrice":8},"ACT":{"price":4,"discountRate":50,"promo":"","orgPrice":8}},"categoryIds":["c-household"],"similarProducts":[]},{"id":"sheer-relief-pantyhose-black-tall","name":"Sheer Relief Pantyhose Black Talls","brand":"Kolotex","imageUrls":["https://shop.coles.com.au/wcsstore/Coles-CAS/images/1/1/4/1140093.jpg"],"storeId":"coles","packageSize":"1 pack","cupPrice":"$4.00 per 1ea","locations":{"SA":{"price":4,"discountRate":50,"promo":"","orgPrice":8},"QLD":{"price":4,"discountRate":50,"promo":"","orgPrice":8},"NSW":{"price":4,"discountRate":50,"promo":"","orgPrice":8},"WA":{"price":4,"discountRate":50,"promo":"","orgPrice":8},"TAS":{"price":4,"discountRate":50,"promo":"","orgPrice":8},"ACT":{"price":4,"discountRate":50,"promo":"","orgPrice":8},"NT":{"price":4,"discountRate":50,"promo":"","orgPrice":8}},"categoryIds":["c-household"],"similarProducts":[]},{"id":"razzamatazz-control-pantyhose-bonezap-mid","name":"Light Slimming Brief Pantyhose Natural Average","brand":"Razzamatazz","imageUrls":["https://shop.coles.com.au/wcsstore/Coles-CAS/images/7/4/2/7429483.jpg"],"storeId":"coles","packageSize":"2 pack","cupPrice":"$1.50 per 1Ea","locations":{"SA":{"price":3,"discountRate":50,"promo":"","orgPrice":6},"QLD":{"price":3,"discountRate":50,"promo":"","orgPrice":6},"NSW":{"price":3,"discountRate":50,"promo":"","orgPrice":6},"WA":{"price":3,"discountRate":50,"promo":"","orgPrice":6},"TAS":{"price":3,"discountRate":50,"promo":"","orgPrice":6},"ACT":{"price":3,"discountRate":50,"promo":"","orgPrice":6}},"categoryIds":["c-household"],"similarProducts":[]},{"id":"razzamatazz-control-pantyhose-black-tall","name":"Light Slimming Brief Pantyhose Black Talls","brand":"Razzamatazz","imageUrls":["https://shop.coles.com.au/wcsstore/Coles-CAS/images/7/4/3/7431420.jpg"],"storeId":"coles","packageSize":"2 pack","cupPrice":"$15.00 per 1Kg","locations":{"SA":{"price":3,"discountRate":50,"promo":"","orgPrice":6},"QLD":{"price":3,"discountRate":50,"promo":"","orgPrice":6},"TAS":{"price":3,"discountRate":50,"promo":"","orgPrice":6},"ACT":{"price":3,"discountRate":50,"promo":"","orgPrice":6}},"categoryIds":["c-household"],"similarProducts":[]},{"id":"razzamatazz-control-pantyhose-black--extra-large","name":"Light Slimming Brief Pantyhose Black X Tall","brand":"Razzamatazz","imageUrls":["https://shop.coles.com.au/wcsstore/Coles-CAS/images/7/4/3/7431430.jpg"],"storeId":"coles","packageSize":"2 pack","cupPrice":"$15.00 per 1Kg","locations":{"SA":{"price":3,"discountRate":50,"promo":"","orgPrice":6},"QLD":{"price":3,"discountRate":50,"promo":"","orgPrice":6},"TAS":{"price":3,"discountRate":50,"promo":"","orgPrice":6},"ACT":{"price":3,"discountRate":50,"promo":"","orgPrice":6}},"categoryIds":["c-household"],"similarProducts":[]},{"id":"razzamatazz-control-pantyhose-black-mid","name":"Light Slimming Brief Pantyhose Black Average","brand":"Razzamatazz","imageUrls":["https://shop.coles.com.au/wcsstore/Coles-CAS/images/7/4/3/7431419.jpg"],"storeId":"coles","packageSize":"2 pack","cupPrice":"$15.00 per 1Kg","locations":{"SA":{"price":3,"discountRate":50,"promo":"","orgPrice":6},"QLD":{"price":3,"discountRate":50,"promo":"","orgPrice":6},"TAS":{"price":3,"discountRate":50,"promo":"","orgPrice":6},"ACT":{"price":3,"discountRate":50,"promo":"","orgPrice":6}},"categoryIds":["c-household"],"similarProducts":[]},{"id":"razzamatazz-control-pantyhose-bonezap-extra-large","name":"Light Slimming Brief Pantyhose Natural X Tall","brand":"Razzamatazz","imageUrls":["https://shop.coles.com.au/wcsstore/Coles-CAS/images/7/4/3/7431510.jpg"],"storeId":"coles","packageSize":"2 pack","cupPrice":"$15.00 per 1Kg","locations":{"SA":{"price":3,"discountRate":50,"promo":"","orgPrice":6},"QLD":{"price":3,"discountRate":50,"promo":"","orgPrice":6},"NSW":{"price":3,"discountRate":50,"promo":"","orgPrice":6},"WA":{"price":3,"discountRate":50,"promo":"","orgPrice":6},"TAS":{"price":3,"discountRate":50,"promo":"","orgPrice":6},"ACT":{"price":3,"discountRate":50,"promo":"","orgPrice":6}},"categoryIds":["c-household"],"similarProducts":[]},{"id":"razzamatazz-control-pantyhose-bonezap-tall","name":"Light Slimming Brief Pantyhose Natural Talls","brand":"Razzamatazz","imageUrls":["https://shop.coles.com.au/wcsstore/Coles-CAS/images/7/4/3/7431441.jpg"],"storeId":"coles","packageSize":"2 pack","cupPrice":"$15.00 per 1Kg","locations":{"SA":{"price":3,"discountRate":50,"promo":"","orgPrice":6},"QLD":{"price":3,"discountRate":50,"promo":"","orgPrice":6},"NSW":{"price":3,"discountRate":50,"promo":"","orgPrice":6},"WA":{"price":3,"discountRate":50,"promo":"","orgPrice":6},"TAS":{"price":3,"discountRate":50,"promo":"","orgPrice":6},"ACT":{"price":3,"discountRate":50,"promo":"","orgPrice":6}},"categoryIds":["c-household"],"similarProducts":[]},{"id":"razzamatazz-nylon-bonezapper-pantyhose-knee-hi","name":"Sheer Reinforced Toe Knee Hi 15 Denier Bonezapper","brand":"Razzamatazz","imageUrls":["https://shop.coles.com.au/wcsstore/Coles-CAS/images/6/1/2/6123819.jpg"],"storeId":"coles","packageSize":"2 pack","cupPrice":"$2.00 per 1ea","locations":{"SA":{"price":2,"discountRate":50,"promo":"","orgPrice":4},"QLD":{"price":2,"discountRate":50,"promo":"","orgPrice":4},"NSW":{"price":2,"discountRate":50,"promo":"","orgPrice":4},"WA":{"price":2,"discountRate":50,"promo":"","orgPrice":4},"TAS":{"price":2,"discountRate":50,"promo":"","orgPrice":4},"ACT":{"price":2,"discountRate":50,"promo":"","orgPrice":4},"NT":{"price":2,"discountRate":50,"promo":"","orgPrice":4}},"categoryIds":["c-household"],"similarProducts":[]},{"id":"razzamatazz-tights-opaque-120-denier-black-average-tall","name":"Opaque Tights 120 Denier Black Small/Medium","brand":"Razzamatazz","imageUrls":["https://shop.coles.com.au/wcsstore/ColesResponsiveStorefrontAssetStore/dist/ccfc54aed6e361b650bcf0582f7b576b/img/img_product-placeholder.png"],"storeId":"coles","packageSize":"1 pack","cupPrice":"$6.00 per 1Ea","locations":{"SA":{"price":6,"discountRate":50,"promo":"","orgPrice":12},"QLD":{"price":6,"discountRate":50,"promo":"","orgPrice":12},"NSW":{"price":6,"discountRate":50,"promo":"","orgPrice":12},"WA":{"price":6,"discountRate":50,"promo":"","orgPrice":12},"TAS":{"price":6,"discountRate":50,"promo":"","orgPrice":12},"ACT":{"price":6,"discountRate":50,"promo":"","orgPrice":12},"NT":{"price":6,"discountRate":50,"promo":"","orgPrice":12}},"categoryIds":["c-household"],"similarProducts":[]},{"id":"razzamatazz-tights-opaque-40-denier-black-average-tall","name":"Elastane Opaque Tights Black 40 Denier Average-Talls","brand":"Razzamatazz","imageUrls":["https://shop.coles.com.au/wcsstore/Coles-CAS/images/5/9/6/5960215.jpg"],"storeId":"coles","packageSize":"1 pack","cupPrice":"","locations":{"SA":{"price":3.75,"discountRate":50,"promo":"","orgPrice":7.5},"QLD":{"price":3.75,"discountRate":50,"promo":"","orgPrice":7.5},"NSW":{"price":3.75,"discountRate":50,"promo":"","orgPrice":7.5},"WA":{"price":3.75,"discountRate":50,"promo":"","orgPrice":7.5},"TAS":{"price":3.75,"discountRate":50,"promo":"","orgPrice":7.5},"ACT":{"price":3.75,"discountRate":50,"promo":"","orgPrice":7.5}},"categoryIds":["c-household"],"similarProducts":[]},{"id":"razzamatazz-socks-sheer-nylon-15-denier-black","name":"Value Anklet Socks Black","brand":"Razzamatazz","imageUrls":["https://shop.coles.com.au/wcsstore/Coles-CAS/images/8/9/6/8966692.jpg"],"storeId":"coles","packageSize":"2 pack","cupPrice":"$1.50 per 1ea","locations":{"SA":{"price":1.5,"discountRate":50,"promo":"","orgPrice":3},"QLD":{"price":1.5,"discountRate":50,"promo":"","orgPrice":3},"TAS":{"price":1.5,"discountRate":50,"promo":"","orgPrice":3},"ACT":{"price":1.5,"discountRate":50,"promo":"","orgPrice":3}},"categoryIds":["c-household"],"similarProducts":[]},{"id":"razzamatazz-shine-light-pantyhose-black-average","name":"Shine Light Pantyhose Black Average","brand":"Razzamatazz","imageUrls":["https://shop.coles.com.au/wcsstore/Coles-CAS/images/1/7/2/1722066.jpg"],"storeId":"coles","packageSize":"1 pack","cupPrice":"","locations":{"SA":{"price":5,"discountRate":50,"promo":"","orgPrice":10},"QLD":{"price":5,"discountRate":50,"promo":"","orgPrice":10},"NSW":{"price":5,"discountRate":50,"promo":"","orgPrice":10},"WA":{"price":5,"discountRate":50,"promo":"","orgPrice":10},"TAS":{"price":5,"discountRate":50,"promo":"","orgPrice":10},"ACT":{"price":5,"discountRate":50,"promo":"","orgPrice":10}},"categoryIds":["c-household"],"similarProducts":[]},{"id":"razzamatazz-shine-light-pantyhose-black-x-tall","name":"Shine Light Pantyhose Black X Tall","brand":"Razzamatazz","imageUrls":["https://shop.coles.com.au/wcsstore/Coles-CAS/images/1/7/2/1722088.jpg"],"storeId":"coles","packageSize":"1 pack","cupPrice":"","locations":{"SA":{"price":5,"discountRate":50,"promo":"","orgPrice":10},"QLD":{"price":5,"discountRate":50,"promo":"","orgPrice":10},"NSW":{"price":5,"discountRate":50,"promo":"","orgPrice":10},"WA":{"price":5,"discountRate":50,"promo":"","orgPrice":10},"TAS":{"price":5,"discountRate":50,"promo":"","orgPrice":10},"ACT":{"price":5,"discountRate":50,"promo":"","orgPrice":10}},"categoryIds":["c-household"],"similarProducts":[]},{"id":"razzamatazz-shine-light-pantyhose-natural-tall","name":"Shine Light Pantyhose Natural Talls","brand":"Razzamatazz","imageUrls":["https://shop.coles.com.au/wcsstore/Coles-CAS/images/1/7/2/1722033.jpg"],"storeId":"coles","packageSize":"1 pack","cupPrice":"","locations":{"SA":{"price":5,"discountRate":50,"promo":"","orgPrice":10},"QLD":{"price":5,"discountRate":50,"promo":"","orgPrice":10},"TAS":{"price":5,"discountRate":50,"promo":"","orgPrice":10},"ACT":{"price":5,"discountRate":50,"promo":"","orgPrice":10}},"categoryIds":["c-household"],"similarProducts":[]},{"id":"razzamatazz-shine-light-pantyhose-black-talls","name":"Shine Light Pantyhose Black Talls","brand":"Razzamatazz","imageUrls":["https://shop.coles.com.au/wcsstore/Coles-CAS/images/1/7/2/1722077.jpg"],"storeId":"coles","packageSize":"1 pack","cupPrice":"","locations":{"SA":{"price":5,"discountRate":50,"promo":"","orgPrice":10},"QLD":{"price":5,"discountRate":50,"promo":"","orgPrice":10},"NSW":{"price":5,"discountRate":50,"promo":"","orgPrice":10},"WA":{"price":5,"discountRate":50,"promo":"","orgPrice":10},"TAS":{"price":5,"discountRate":50,"promo":"","orgPrice":10},"ACT":{"price":5,"discountRate":50,"promo":"","orgPrice":10}},"categoryIds":["c-household"],"similarProducts":[]},{"id":"razzamatazz-shine-light-pantyhose-natural-x-tall","name":"Shine Light Pantyhose Natural X Tall","brand":"Razzamatazz","imageUrls":["https://shop.coles.com.au/wcsstore/Coles-CAS/images/1/7/2/1722044.jpg"],"storeId":"coles","packageSize":"1 pack","cupPrice":"","locations":{"SA":{"price":5,"discountRate":50,"promo":"","orgPrice":10},"QLD":{"price":5,"discountRate":50,"promo":"","orgPrice":10},"TAS":{"price":5,"discountRate":50,"promo":"","orgPrice":10},"ACT":{"price":5,"discountRate":50,"promo":"","orgPrice":10}},"categoryIds":["c-household"],"similarProducts":[]},{"id":"razzamatazz-shine-light-pantyhose-natural-average","name":"Shine Light Pantyhose Natural Average","brand":"Razzamatazz","imageUrls":["https://shop.coles.com.au/wcsstore/Coles-CAS/images/1/7/2/1722022.jpg"],"storeId":"coles","packageSize":"1 pack","cupPrice":"","locations":{"SA":{"price":5,"discountRate":50,"promo":"","orgPrice":10},"QLD":{"price":5,"discountRate":50,"promo":"","orgPrice":10},"TAS":{"price":5,"discountRate":50,"promo":"","orgPrice":10},"ACT":{"price":5,"discountRate":50,"promo":"","orgPrice":10}},"categoryIds":["c-household"],"similarProducts":[]},{"id":"razza-lux-anklet-black-size-1","name":"Luxe Anklet Pantyhose Black Size 1","brand":"Razzamatazz","imageUrls":["https://shop.coles.com.au/wcsstore/Coles-CAS/images/3/1/3/3131130.jpg"],"storeId":"coles","packageSize":"1 pack","cupPrice":"","locations":{"SA":{"price":2,"discountRate":50,"promo":"","orgPrice":4},"QLD":{"price":2,"discountRate":50,"promo":"","orgPrice":4},"NSW":{"price":2,"discountRate":50,"promo":"","orgPrice":4},"WA":{"price":2,"discountRate":50,"promo":"","orgPrice":4},"TAS":{"price":2,"discountRate":50,"promo":"","orgPrice":4},"ACT":{"price":2,"discountRate":50,"promo":"","orgPrice":4}},"categoryIds":["c-household"],"similarProducts":[]},{"id":"razza-luxury-knee-hi-h80093-blk-size-1","name":"Luxe Knee-Hi Pantyhose Black Size 1","brand":"Razzamatazz","imageUrls":["https://shop.coles.com.au/wcsstore/Coles-CAS/images/3/1/3/3130975.jpg"],"storeId":"coles","packageSize":"1 pack","cupPrice":"$2.50 per 1Ea","locations":{"SA":{"price":2.5,"discountRate":50,"promo":"","orgPrice":5},"QLD":{"price":2.5,"discountRate":50,"promo":"","orgPrice":5},"NSW":{"price":2.5,"discountRate":50,"promo":"","orgPrice":5},"WA":{"price":2.5,"discountRate":50,"promo":"","orgPrice":5},"TAS":{"price":2.5,"discountRate":50,"promo":"","orgPrice":5},"ACT":{"price":2.5,"discountRate":50,"promo":"","orgPrice":5}},"categoryIds":["c-household"],"similarProducts":[]},{"id":"razza-ladder-resist-h80080-blk-ave","name":"Ladder Resist Pantyhose Black Average","brand":"Razzamatazz","imageUrls":["https://shop.coles.com.au/wcsstore/Coles-CAS/images/3/1/3/3130330.jpg"],"storeId":"coles","packageSize":"1 pack","cupPrice":"$3.00 per 1Ea","locations":{"SA":{"price":3,"discountRate":50,"promo":"","orgPrice":6},"QLD":{"price":3,"discountRate":50,"promo":"","orgPrice":6},"NSW":{"price":3,"discountRate":50,"promo":"","orgPrice":6},"WA":{"price":3,"discountRate":50,"promo":"","orgPrice":6},"TAS":{"price":3,"discountRate":50,"promo":"","orgPrice":6},"ACT":{"price":3,"discountRate":50,"promo":"","orgPrice":6}},"categoryIds":["c-household"],"similarProducts":[]},{"id":"razza-lux-anklet-natural-size-1","name":"Luxe Anklet Pantyhose Natural Size 1","brand":"Razzamatazz","imageUrls":["https://shop.coles.com.au/wcsstore/Coles-CAS/images/3/1/3/3131140.jpg"],"storeId":"coles","packageSize":"1 pack","cupPrice":"$2.00 per 1Ea","locations":{"SA":{"price":2,"discountRate":50,"promo":"","orgPrice":4},"QLD":{"price":2,"discountRate":50,"promo":"","orgPrice":4},"NSW":{"price":2,"discountRate":50,"promo":"","orgPrice":4},"WA":{"price":2,"discountRate":50,"promo":"","orgPrice":4},"TAS":{"price":2,"discountRate":50,"promo":"","orgPrice":4},"ACT":{"price":2,"discountRate":50,"promo":"","orgPrice":4}},"categoryIds":["c-household"],"similarProducts":[]},{"id":"razza-luxury-knee-hi-h80093-nat-size-1","name":"Luxe Knee-Hi Pantyhose Natural Size 1","brand":"Razzamatazza","imageUrls":["https://shop.coles.com.au/wcsstore/Coles-CAS/images/3/1/3/3130986.jpg"],"storeId":"coles","packageSize":"1 pack","cupPrice":"$2.50 per 1Ea","locations":{"SA":{"price":2.5,"discountRate":50,"promo":"","orgPrice":5},"QLD":{"price":2.5,"discountRate":50,"promo":"","orgPrice":5},"NSW":{"price":2.5,"discountRate":50,"promo":"","orgPrice":5},"WA":{"price":2.5,"discountRate":50,"promo":"","orgPrice":5},"TAS":{"price":2.5,"discountRate":50,"promo":"","orgPrice":5},"ACT":{"price":2.5,"discountRate":50,"promo":"","orgPrice":5}},"categoryIds":["c-household"],"similarProducts":[]},{"id":"sheer-relief-support-knee-hi-h33085","name":"Knee-Hi Support Black Size 1","brand":"Sheer Relief","imageUrls":["https://shop.coles.com.au/wcsstore/Coles-CAS/images/3/1/3/3137409.jpg"],"storeId":"coles","packageSize":"1 pack","cupPrice":"$4.00 per 1Ea","locations":{"SA":{"price":4,"discountRate":50,"promo":"","orgPrice":8},"QLD":{"price":4,"discountRate":50,"promo":"","orgPrice":8},"NSW":{"price":4,"discountRate":50,"promo":"","orgPrice":8},"WA":{"price":4,"discountRate":50,"promo":"","orgPrice":8},"TAS":{"price":4,"discountRate":50,"promo":"","orgPrice":8},"ACT":{"price":4,"discountRate":50,"promo":"","orgPrice":8}},"categoryIds":["c-household"],"similarProducts":[]},{"id":"smash-sports-shaker-bottle-850ml","name":"Sports Shaker Bottle","brand":"Smash","imageUrls":["https://shop.coles.com.au/wcsstore/Coles-CAS/images/3/3/8/3380520.jpg"],"storeId":"coles","packageSize":"","cupPrice":"$7.00 per 1Ea","locations":{"SA":{"price":7,"discountRate":50,"promo":"","orgPrice":14},"QLD":{"price":7,"discountRate":50,"promo":"","orgPrice":14},"NSW":{"price":7,"discountRate":50,"promo":"","orgPrice":14},"TAS":{"price":7,"discountRate":50,"promo":"","orgPrice":14},"ACT":{"price":7,"discountRate":50,"promo":"","orgPrice":14}},"categoryIds":["c-household"],"similarProducts":[]},{"id":"sunsilk-shampoo-detox-for-men","name":"Detox For Men Shampoo","brand":"Sunsilk","imageUrls":["https://shop.coles.com.au/wcsstore/Coles-CAS/images/7/5/4/7547912.jpg"],"storeId":"coles","packageSize":"350mL","cupPrice":"$0.79 per 100mL","locations":{"SA":{"price":2.75,"discountRate":50,"promo":"","orgPrice":5.5},"QLD":{"price":2.75,"discountRate":50,"promo":"","orgPrice":5.5},"NSW":{"price":2.75,"discountRate":50,"promo":"","orgPrice":5.5},"TAS":{"price":2.75,"discountRate":50,"promo":"","orgPrice":5.5},"ACT":{"price":2.75,"discountRate":50,"promo":"","orgPrice":5.5},"NT":{"price":2.89,"discountRate":50,"promo":"","orgPrice":5.78}},"categoryIds":["c-health-beauty"],"similarProducts":[]},{"id":"batiste-dark-brown-dry-shampoo","name":"Divine Dark Brown Dry Shampoo Plus","brand":"Batiste","imageUrls":["https://shop.coles.com.au/wcsstore/Coles-CAS/images/2/3/1/2319273.jpg"],"storeId":"coles","packageSize":"200mL","cupPrice":"$3.25 per 100mL","locations":{"SA":{"price":6.5,"discountRate":50,"promo":"","orgPrice":13},"QLD":{"price":6.5,"discountRate":50,"promo":"","orgPrice":13},"NSW":{"price":6.5,"discountRate":50,"promo":"","orgPrice":13},"TAS":{"price":6.5,"discountRate":50,"promo":"","orgPrice":13},"NT":{"price":6.82,"discountRate":50,"promo":"","orgPrice":13.65}},"categoryIds":["c-health-beauty"],"similarProducts":[]},{"id":"batiste-dry-shampoo-de-frizz","name":"Dry Shampoo & De-frizz With Smoothing Coconut","brand":"Batiste","imageUrls":["https://shop.coles.com.au/wcsstore/Coles-CAS/images/3/5/3/3535059.jpg"],"storeId":"coles","packageSize":"200mL","cupPrice":"$3.25 per 100mL","locations":{"SA":{"price":6.5,"discountRate":50,"promo":"","orgPrice":13},"QLD":{"price":6.5,"discountRate":50,"promo":"","orgPrice":13},"NSW":{"price":6.5,"discountRate":50,"promo":"","orgPrice":13},"WA":{"price":6.5,"discountRate":50,"promo":"","orgPrice":13},"TAS":{"price":6.5,"discountRate":50,"promo":"","orgPrice":13},"ACT":{"price":6.5,"discountRate":50,"promo":"","orgPrice":13},"NT":{"price":6.82,"discountRate":50,"promo":"","orgPrice":13.65}},"categoryIds":["c-health-beauty"],"similarProducts":[]},{"id":"loreal-elnett-hair-spray-very-volume-super-hold","name":"Paris Elnett Satin Very Volume Supreme Hold Hairspray","brand":"L'Oreal","imageUrls":["https://shop.coles.com.au/wcsstore/Coles-CAS/images/8/1/4/8143760.jpg"],"storeId":"coles","packageSize":"400mL","cupPrice":"$1.38 per 100mL","locations":{"SA":{"price":5.5,"discountRate":50,"promo":"","orgPrice":11},"QLD":{"price":5.5,"discountRate":50,"promo":"","orgPrice":11},"NSW":{"price":5.5,"discountRate":50,"promo":"","orgPrice":11},"WA":{"price":5.5,"discountRate":50,"promo":"","orgPrice":11},"TAS":{"price":5.5,"discountRate":50,"promo":"","orgPrice":11},"ACT":{"price":5.5,"discountRate":50,"promo":"","orgPrice":11},"NT":{"price":5.77,"discountRate":50,"promo":"","orgPrice":11.55}},"categoryIds":["c-health-beauty"],"similarProducts":[]},{"id":"loreal-elnett-hairspray-ultra-strength","name":"Paris Elnett Satin Supreme Hold Hairspray","brand":"L'Oreal","imageUrls":["https://shop.coles.com.au/wcsstore/Coles-CAS/images/3/5/3/3536299.jpg"],"storeId":"coles","packageSize":"400mL","cupPrice":"$1.38 per 100mL","locations":{"SA":{"price":5.5,"discountRate":50,"promo":"","orgPrice":11},"QLD":{"price":5.5,"discountRate":50,"promo":"","orgPrice":11},"NSW":{"price":5.5,"discountRate":50,"promo":"","orgPrice":11},"WA":{"price":5.5,"discountRate":50,"promo":"","orgPrice":11},"TAS":{"price":5.5,"discountRate":50,"promo":"","orgPrice":11},"ACT":{"price":5.5,"discountRate":50,"promo":"","orgPrice":11},"NT":{"price":5.77,"discountRate":50,"promo":"","orgPrice":11.55}},"categoryIds":["c-health-beauty"],"similarProducts":[]},{"id":"nivea-body-oil-lotion-cherry-blossom-jojoba","name":"Oil in Lotion Cherry Blossom & Jojoba Oil Scented Body Moisturiser","brand":"Nivea","imageUrls":["https://shop.coles.com.au/wcsstore/Coles-CAS/images/3/4/1/3419171.jpg"],"storeId":"coles","packageSize":"400mL","cupPrice":"$1.25 per 100mL","locations":{"SA":{"price":5,"discountRate":50,"promo":"","orgPrice":10},"QLD":{"price":5,"discountRate":50,"promo":"","orgPrice":10},"NSW":{"price":5,"discountRate":50,"promo":"","orgPrice":10},"TAS":{"price":5,"discountRate":50,"promo":"","orgPrice":10},"ACT":{"price":5,"discountRate":50,"promo":"","orgPrice":10},"NT":{"price":5.25,"discountRate":50,"promo":"","orgPrice":10.5}},"categoryIds":["c-health-beauty"],"similarProducts":[]},{"id":"revlon-kiss-fresh-strawberry-balm","name":"Kiss Lip Balm Fresh Strawberry","brand":"Revlon","imageUrls":["https://shop.coles.com.au/wcsstore/Coles-CAS/images/3/0/2/3022815.jpg"],"storeId":"coles","packageSize":"1 pack","cupPrice":"$15.38 per 10G","locations":{"SA":{"price":4,"discountRate":50,"promo":"","orgPrice":8},"QLD":{"price":4,"discountRate":50,"promo":"","orgPrice":8},"NSW":{"price":4,"discountRate":50,"promo":"","orgPrice":8},"WA":{"price":4,"discountRate":50,"promo":"","orgPrice":8},"TAS":{"price":4,"discountRate":50,"promo":"","orgPrice":8},"ACT":{"price":4,"discountRate":50,"promo":"","orgPrice":8},"NT":{"price":4.2,"discountRate":50,"promo":"","orgPrice":8.4}},"categoryIds":["c-health-beauty"],"similarProducts":[]},{"id":"revlon-photoready-candid-light-honey-foundation","name":"Photoready Candid Foundation Light Honey 330","brand":"Revlon","imageUrls":["https://shop.coles.com.au/wcsstore/Coles-CAS/images/3/5/3/3537393.jpg"],"storeId":"coles","packageSize":"22mL","cupPrice":"$56.82 per 100mL","locations":{"SA":{"price":12.5,"discountRate":50,"promo":"","orgPrice":25},"QLD":{"price":12.5,"discountRate":50,"promo":"","orgPrice":25},"NSW":{"price":12.5,"discountRate":50,"promo":"","orgPrice":25},"WA":{"price":12.5,"discountRate":50,"promo":"","orgPrice":25},"TAS":{"price":12.5,"discountRate":50,"promo":"","orgPrice":25},"ACT":{"price":12.5,"discountRate":50,"promo":"","orgPrice":25},"NT":{"price":13.12,"discountRate":50,"promo":"","orgPrice":26.25}},"categoryIds":["c-health-beauty"],"similarProducts":[]},{"id":"revlon-kiss-glow-berry-brilliant-lip-oil","name":"Kiss Glow Berry Brilliant Lip Oil","brand":"Revlon","imageUrls":["https://shop.coles.com.au/wcsstore/Coles-CAS/images/3/6/9/3695011.jpg"],"storeId":"coles","packageSize":"6mL","cupPrice":"$16.67 per 10mL","locations":{"SA":{"price":10,"discountRate":50,"promo":"","orgPrice":20},"QLD":{"price":10,"discountRate":50,"promo":"","orgPrice":20},"NSW":{"price":10,"discountRate":50,"promo":"","orgPrice":20},"WA":{"price":10,"discountRate":50,"promo":"","orgPrice":20},"TAS":{"price":10,"discountRate":50,"promo":"","orgPrice":20},"ACT":{"price":10,"discountRate":50,"promo":"","orgPrice":20},"NT":{"price":10.5,"discountRate":50,"promo":"","orgPrice":21}},"categoryIds":["c-health-beauty"],"similarProducts":[]},{"id":"schick-hydro-5-groomer-kit-2677284p","name":"Hydro 5 Groomer Kit","brand":"Schick","imageUrls":["https://shop.coles.com.au/wcsstore/Coles-CAS/images/2/6/7/2677284.jpg"],"storeId":"coles","packageSize":"1 pack","cupPrice":"$10.00 per 1Ea","locations":{"SA":{"price":10,"discountRate":50,"promo":"","orgPrice":20},"QLD":{"price":10,"discountRate":50,"promo":"","orgPrice":20},"NSW":{"price":10,"discountRate":50,"promo":"","orgPrice":20},"WA":{"price":10,"discountRate":50,"promo":"","orgPrice":20},"TAS":{"price":10,"discountRate":50,"promo":"","orgPrice":20},"ACT":{"price":10,"discountRate":50,"promo":"","orgPrice":20},"NT":{"price":10,"discountRate":50,"promo":"","orgPrice":20}},"categoryIds":["c-health-beauty"],"similarProducts":[]},{"id":"revlon-tropical-coconut-balm","name":"Kiss Lip Balm Tropical Coconut","brand":"Revlon","imageUrls":["https://shop.coles.com.au/wcsstore/Coles-CAS/images/3/0/2/3022790.jpg"],"storeId":"coles","packageSize":"1 pack","cupPrice":"$15.38 per 10G","locations":{"SA":{"price":4,"discountRate":50,"promo":"","orgPrice":8},"QLD":{"price":4,"discountRate":50,"promo":"","orgPrice":8},"NSW":{"price":4,"discountRate":50,"promo":"","orgPrice":8},"ACT":{"price":4,"discountRate":50,"promo":"","orgPrice":8}},"categoryIds":["c-health-beauty"],"similarProducts":[]},{"id":"revlon-blackest-black-mascara","name":"Volume + Length Magnified Waterproof Mascara Blackest Black","brand":"Revlon","imageUrls":["https://shop.coles.com.au/wcsstore/Coles-CAS/images/3/0/2/3022779.jpg"],"storeId":"coles","packageSize":"8.5mL","cupPrice":"$12.94 per 10mL","locations":{"SA":{"price":11,"discountRate":50,"promo":"","orgPrice":22},"QLD":{"price":11,"discountRate":50,"promo":"","orgPrice":22},"NSW":{"price":11,"discountRate":50,"promo":"","orgPrice":22},"WA":{"price":11,"discountRate":50,"promo":"","orgPrice":22},"TAS":{"price":11,"discountRate":50,"promo":"","orgPrice":22},"ACT":{"price":11,"discountRate":50,"promo":"","orgPrice":22},"NT":{"price":11.55,"discountRate":50,"promo":"","orgPrice":23.1}},"categoryIds":["c-health-beauty"],"similarProducts":[]},{"id":"revlon-kiss-crisp-apple-balm","name":"Kiss Lip Balm Crisp Apple","brand":"Revlon","imageUrls":["https://shop.coles.com.au/wcsstore/Coles-CAS/images/3/0/2/3022837.jpg"],"storeId":"coles","packageSize":"1 pack","cupPrice":"$15.38 per 10G","locations":{"SA":{"price":4,"discountRate":50,"promo":"","orgPrice":8},"QLD":{"price":4,"discountRate":50,"promo":"","orgPrice":8},"NSW":{"price":4,"discountRate":50,"promo":"","orgPrice":8},"ACT":{"price":4,"discountRate":50,"promo":"","orgPrice":8}},"categoryIds":["c-health-beauty"],"similarProducts":[]},{"id":"revlon-normal-dry-colorstay-nat-beige-foundation","name":"Colorstay Makeup For Normal/Dry Skin Natural Beige Foundation","brand":"Revlon","imageUrls":["https://shop.coles.com.au/wcsstore/Coles-CAS/images/3/0/1/3019832.jpg"],"storeId":"coles","packageSize":"30mL","cupPrice":"$5.83 per 10mL","locations":{"SA":{"price":17.5,"discountRate":50,"promo":"","orgPrice":35},"QLD":{"price":17.5,"discountRate":50,"promo":"","orgPrice":35},"NSW":{"price":17.5,"discountRate":50,"promo":"","orgPrice":35},"WA":{"price":17.5,"discountRate":50,"promo":"","orgPrice":35},"TAS":{"price":17.5,"discountRate":50,"promo":"","orgPrice":35},"ACT":{"price":17.5,"discountRate":50,"promo":"","orgPrice":35},"NT":{"price":18.37,"discountRate":50,"promo":"","orgPrice":36.75}},"categoryIds":["c-health-beauty"],"similarProducts":[]},{"id":"revlon-normal-dry-colorstay-sand-beige-foundation","name":"Colorstay Makeup For Normal/Dry Skin Sand Beige Foundation","brand":"Revlon","imageUrls":["https://shop.coles.com.au/wcsstore/Coles-CAS/images/3/0/1/3019810.jpg"],"storeId":"coles","packageSize":"30mL","cupPrice":"$5.83 per 10mL","locations":{"SA":{"price":17.5,"discountRate":50,"promo":"","orgPrice":35},"QLD":{"price":17.5,"discountRate":50,"promo":"","orgPrice":35},"NSW":{"price":17.5,"discountRate":50,"promo":"","orgPrice":35},"WA":{"price":17.5,"discountRate":50,"promo":"","orgPrice":35},"TAS":{"price":17.5,"discountRate":50,"promo":"","orgPrice":35},"ACT":{"price":17.5,"discountRate":50,"promo":"","orgPrice":35},"NT":{"price":18.37,"discountRate":50,"promo":"","orgPrice":36.75}},"categoryIds":["c-health-beauty"],"similarProducts":[]},{"id":"revlon-normal--dry-colorstay","name":"Colorstay Makeup For Normal/Dry Skin Buff Foundation","brand":"Revlon","imageUrls":["https://shop.coles.com.au/wcsstore/Coles-CAS/images/3/0/1/3019774.jpg"],"storeId":"coles","packageSize":"30mL","cupPrice":"$5.83 per 10mL","locations":{"SA":{"price":17.5,"discountRate":50,"promo":"","orgPrice":35},"QLD":{"price":17.5,"discountRate":50,"promo":"","orgPrice":35},"NSW":{"price":17.5,"discountRate":50,"promo":"","orgPrice":35},"ACT":{"price":17.5,"discountRate":50,"promo":"","orgPrice":35}},"categoryIds":["c-health-beauty"],"similarProducts":[]},{"id":"revlon-colorstay-dark-brown-brow-pencil","name":"Colorstay Brow Makeup Pencil Dark Brown","brand":"Revlon","imageUrls":["https://shop.coles.com.au/wcsstore/Coles-CAS/images/3/0/2/3021630.jpg"],"storeId":"coles","packageSize":"1 pack","cupPrice":"$328.57 per 10G","locations":{"SA":{"price":11.5,"discountRate":50,"promo":"","orgPrice":23},"QLD":{"price":11.5,"discountRate":50,"promo":"","orgPrice":23},"NSW":{"price":11.5,"discountRate":50,"promo":"","orgPrice":23},"WA":{"price":11.5,"discountRate":50,"promo":"","orgPrice":23},"TAS":{"price":11.5,"discountRate":50,"promo":"","orgPrice":23},"ACT":{"price":11.5,"discountRate":50,"promo":"","orgPrice":23},"NT":{"price":12.07,"discountRate":50,"promo":"","orgPrice":24.15}},"categoryIds":["c-health-beauty"],"similarProducts":[]},{"id":"revlon-photoready-light-med-powder","name":"Photoready Powder Light Medium","brand":"Revlon","imageUrls":["https://shop.coles.com.au/wcsstore/Coles-CAS/images/3/0/2/3020525.jpg"],"storeId":"coles","packageSize":"7.1g","cupPrice":"$26.06 per 10G","locations":{"SA":{"price":18.5,"discountRate":50,"promo":"","orgPrice":37},"QLD":{"price":18.5,"discountRate":50,"promo":"","orgPrice":37},"NSW":{"price":18.5,"discountRate":50,"promo":"","orgPrice":37},"ACT":{"price":18.5,"discountRate":50,"promo":"","orgPrice":37}},"categoryIds":["c-health-beauty"],"similarProducts":[]},{"id":"revlon-mega-multiplier-blackest-black-mascara","name":"Mega Multiplier Mascara Blackest Black","brand":"Revlon","imageUrls":["https://shop.coles.com.au/wcsstore/Coles-CAS/images/3/1/4/3140618.jpg"],"storeId":"coles","packageSize":"8.5mL","cupPrice":"$14.12 per 10mL","locations":{"SA":{"price":12,"discountRate":50,"promo":"","orgPrice":24},"QLD":{"price":12,"discountRate":50,"promo":"","orgPrice":24},"NSW":{"price":12,"discountRate":50,"promo":"","orgPrice":24},"WA":{"price":12,"discountRate":50,"promo":"","orgPrice":24},"TAS":{"price":12,"discountRate":50,"promo":"","orgPrice":24},"ACT":{"price":12,"discountRate":50,"promo":"","orgPrice":24},"NT":{"price":12.6,"discountRate":50,"promo":"","orgPrice":25.2}},"categoryIds":["c-health-beauty"],"similarProducts":[]},{"id":"revlon-super-lustrous-smokey-rose-lipstick","name":"Super Lustrous Smokey Rose Lipstick","brand":"Revlon","imageUrls":["https://shop.coles.com.au/wcsstore/Coles-CAS/images/3/5/3/3538363.jpg"],"storeId":"coles","packageSize":"4.2g","cupPrice":"$29.76 per 10G","locations":{"SA":{"price":12.5,"discountRate":50,"promo":"","orgPrice":25},"QLD":{"price":12.5,"discountRate":50,"promo":"","orgPrice":25},"NSW":{"price":12.5,"discountRate":50,"promo":"","orgPrice":25},"ACT":{"price":12.5,"discountRate":50,"promo":"","orgPrice":25}},"categoryIds":["c-health-beauty"],"similarProducts":[]},{"id":"revlon-colorstay-prep-protect-primer","name":"Colorstay Prep & Protect Primer","brand":"Revlon","imageUrls":["https://shop.coles.com.au/wcsstore/Coles-CAS/images/3/5/3/3537870.jpg"],"storeId":"coles","packageSize":"26.6mL","cupPrice":"$5.64 per 10mL","locations":{"SA":{"price":15,"discountRate":50,"promo":"","orgPrice":30},"QLD":{"price":15,"discountRate":50,"promo":"","orgPrice":30},"NSW":{"price":15,"discountRate":50,"promo":"","orgPrice":30},"ACT":{"price":15,"discountRate":50,"promo":"","orgPrice":30}},"categoryIds":["c-health-beauty"],"similarProducts":[]},{"id":"revlon-super-lustrous-rosy-future-lipgloss","name":"Super Lustrous Lip Gloss Rosy Future 260","brand":"Revlon","imageUrls":["https://shop.coles.com.au/wcsstore/Coles-CAS/images/3/5/3/3537269.jpg"],"storeId":"coles","packageSize":"3.8mL","cupPrice":"$32.89 per 10mL","locations":{"SA":{"price":12.5,"discountRate":50,"promo":"","orgPrice":25},"QLD":{"price":12.5,"discountRate":50,"promo":"","orgPrice":25},"NSW":{"price":12.5,"discountRate":50,"promo":"","orgPrice":25},"ACT":{"price":12.5,"discountRate":50,"promo":"","orgPrice":25}},"categoryIds":["c-health-beauty"],"similarProducts":[]},{"id":"revlon-super-lustrous-soft-silver-rose-lipstick","name":"Super Lustrous Soft Silver Rose Lipstick","brand":"Revlon","imageUrls":["https://shop.coles.com.au/wcsstore/Coles-CAS/images/3/5/3/3538341.jpg"],"storeId":"coles","packageSize":"4.2g","cupPrice":"$29.76 per 10G","locations":{"SA":{"price":12.5,"discountRate":50,"promo":"","orgPrice":25},"QLD":{"price":12.5,"discountRate":50,"promo":"","orgPrice":25},"NSW":{"price":12.5,"discountRate":50,"promo":"","orgPrice":25},"WA":{"price":12.5,"discountRate":50,"promo":"","orgPrice":25},"TAS":{"price":12.5,"discountRate":50,"promo":"","orgPrice":25},"ACT":{"price":12.5,"discountRate":50,"promo":"","orgPrice":25},"NT":{"price":13.12,"discountRate":50,"promo":"","orgPrice":26.25}},"categoryIds":["c-health-beauty"],"similarProducts":[]},{"id":"revlon-photoready-candid-creme-brulee-concealer","name":"Photoready Candid Antioxidant Concealer Creme Brulee 025","brand":"Revlon","imageUrls":["https://shop.coles.com.au/wcsstore/Coles-CAS/images/3/5/3/3537520.jpg"],"storeId":"coles","packageSize":"10mL","cupPrice":"$10.00 per 10mL","locations":{"SA":{"price":10,"discountRate":50,"promo":"","orgPrice":20},"QLD":{"price":10,"discountRate":50,"promo":"","orgPrice":20},"NSW":{"price":10,"discountRate":50,"promo":"","orgPrice":20},"WA":{"price":10,"discountRate":50,"promo":"","orgPrice":20},"TAS":{"price":10,"discountRate":50,"promo":"","orgPrice":20},"ACT":{"price":10,"discountRate":50,"promo":"","orgPrice":20},"NT":{"price":10.5,"discountRate":50,"promo":"","orgPrice":21}},"categoryIds":["c-health-beauty"],"similarProducts":[]},{"id":"schwarzkopf-specialist-10-1-cool-ultimate-blonde","name":"Colour Specialist 10-1 Cool Ultimate Blonde","brand":"Schwarzkopf","imageUrls":["https://shop.coles.com.au/wcsstore/Coles-CAS/images/3/2/7/3279334.jpg"],"storeId":"coles","packageSize":"1 pack","cupPrice":"$9.50 per 1Ea","locations":{"SA":{"price":9.5,"discountRate":50,"promo":"","orgPrice":19},"QLD":{"price":9.5,"discountRate":50,"promo":"","orgPrice":19},"NSW":{"price":9.5,"discountRate":50,"promo":"","orgPrice":19},"WA":{"price":9.5,"discountRate":50,"promo":"","orgPrice":19},"ACT":{"price":9.5,"discountRate":50,"promo":"","orgPrice":19},"NT":{"price":9.97,"discountRate":50,"promo":"","orgPrice":19.950000000000003}},"categoryIds":["c-health-beauty"],"similarProducts":[]},{"id":"sunsilk-refreshing-hydration-shampoo-1854271p","name":"Refreshing Hydration Shampoo","brand":"Sunsilk","imageUrls":["https://shop.coles.com.au/wcsstore/Coles-CAS/images/1/8/5/1854271.jpg"],"storeId":"coles","packageSize":"700mL","cupPrice":"$0.71 per 100mL","locations":{"SA":{"price":5,"discountRate":50,"promo":"","orgPrice":10},"QLD":{"price":5,"discountRate":50,"promo":"","orgPrice":10},"NSW":{"price":5,"discountRate":50,"promo":"","orgPrice":10},"WA":{"price":5,"discountRate":50,"promo":"","orgPrice":10},"TAS":{"price":5,"discountRate":50,"promo":"","orgPrice":10},"ACT":{"price":5,"discountRate":50,"promo":"","orgPrice":10},"NT":{"price":5.25,"discountRate":50,"promo":"","orgPrice":10.5}},"categoryIds":["c-health-beauty"],"similarProducts":[]},{"id":"loreal-elnett-hair-spray-normal-strength","name":"Elnett Normal Strength Hair Spray","brand":"L'Oreal","imageUrls":["https://shop.coles.com.au/wcsstore/Coles-CAS/images/8/1/4/8143715.jpg"],"storeId":"coles","packageSize":"400mL","cupPrice":"$1.38 per 100mL","locations":{"SA":{"price":5.5,"discountRate":50,"promo":"","orgPrice":11},"QLD":{"price":5.5,"discountRate":50,"promo":"","orgPrice":11},"NSW":{"price":5.5,"discountRate":50,"promo":"","orgPrice":11},"TAS":{"price":5.5,"discountRate":50,"promo":"","orgPrice":11},"NT":{"price":5.77,"discountRate":50,"promo":"","orgPrice":11.55}},"categoryIds":["c-health-beauty"],"similarProducts":[]},{"id":"loreal-elnett-hairspray-argan-oil","name":"Paris Elnett Satin Extra Strength Argan Oil Hairspray","brand":"L'Oreal","imageUrls":["https://shop.coles.com.au/wcsstore/Coles-CAS/images/3/5/3/3536324.jpg"],"storeId":"coles","packageSize":"75mL","cupPrice":"$3.33 per 100mL","locations":{"SA":{"price":2.5,"discountRate":50,"promo":"","orgPrice":5},"QLD":{"price":2.5,"discountRate":50,"promo":"","orgPrice":5},"NSW":{"price":2.5,"discountRate":50,"promo":"","orgPrice":5},"TAS":{"price":2.5,"discountRate":50,"promo":"","orgPrice":5},"NT":{"price":2.62,"discountRate":50,"promo":"","orgPrice":5.25}},"categoryIds":["c-health-beauty"],"similarProducts":[]},{"id":"loreal-elnett-hairspray-ultra-strength-3536302p","name":"Paris Elnett Satin Supreme Hold Hairspray","brand":"L'Oreal","imageUrls":["https://shop.coles.com.au/wcsstore/Coles-CAS/images/3/5/3/3536302.jpg"],"storeId":"coles","packageSize":"75mL","cupPrice":"$3.33 per 100mL","locations":{"SA":{"price":2.5,"discountRate":50,"promo":"","orgPrice":5},"QLD":{"price":2.5,"discountRate":50,"promo":"","orgPrice":5},"NSW":{"price":2.5,"discountRate":50,"promo":"","orgPrice":5},"TAS":{"price":2.5,"discountRate":50,"promo":"","orgPrice":5},"NT":{"price":2.62,"discountRate":50,"promo":"","orgPrice":5.25}},"categoryIds":["c-health-beauty"],"similarProducts":[]},{"id":"loreal-elnett-hairspray-flexible-hold-3536288p","name":"Paris Elnett Flexible Hold Hairspray","brand":"L'Oreal","imageUrls":["https://shop.coles.com.au/wcsstore/Coles-CAS/images/3/5/3/3536288.jpg"],"storeId":"coles","packageSize":"400mL","cupPrice":"$1.38 per 100mL","locations":{"SA":{"price":5.5,"discountRate":50,"promo":"","orgPrice":11},"QLD":{"price":5.5,"discountRate":50,"promo":"","orgPrice":11},"NSW":{"price":5.5,"discountRate":50,"promo":"","orgPrice":11},"TAS":{"price":5.5,"discountRate":50,"promo":"","orgPrice":11},"NT":{"price":5.77,"discountRate":50,"promo":"","orgPrice":11.55}},"categoryIds":["c-health-beauty"],"similarProducts":[]},{"id":"revlon-medium-pressed-powder","name":"Colorstay Pressed Powder Medium","brand":"Revlon","imageUrls":["https://shop.coles.com.au/wcsstore/Coles-CAS/images/3/0/2/3021620.jpg"],"storeId":"coles","packageSize":"8.4g","cupPrice":"$20.83 per 10G","locations":{"SA":{"price":17.5,"discountRate":50,"promo":"","orgPrice":35},"QLD":{"price":17.5,"discountRate":50,"promo":"","orgPrice":35},"NSW":{"price":17.5,"discountRate":50,"promo":"","orgPrice":35},"WA":{"price":17.5,"discountRate":50,"promo":"","orgPrice":35},"TAS":{"price":17.5,"discountRate":50,"promo":"","orgPrice":35},"ACT":{"price":17.5,"discountRate":50,"promo":"","orgPrice":35},"NT":{"price":18.37,"discountRate":50,"promo":"","orgPrice":36.75}},"categoryIds":["c-health-beauty"],"similarProducts":[]},{"id":"revlon-seduction-matte-lipcolor","name":"Ultra HD Matte Lipcolor Seduction Lipstick","brand":"Revlon","imageUrls":["https://shop.coles.com.au/wcsstore/Coles-CAS/images/3/0/2/3021561.jpg"],"storeId":"coles","packageSize":"5.9mL","cupPrice":"$21.19 per 10mL","locations":{"SA":{"price":12.5,"discountRate":50,"promo":"","orgPrice":25},"QLD":{"price":12.5,"discountRate":50,"promo":"","orgPrice":25},"NSW":{"price":12.5,"discountRate":50,"promo":"","orgPrice":25},"WA":{"price":12.5,"discountRate":50,"promo":"","orgPrice":25},"TAS":{"price":12.5,"discountRate":50,"promo":"","orgPrice":25},"ACT":{"price":12.5,"discountRate":50,"promo":"","orgPrice":25},"NT":{"price":13.12,"discountRate":50,"promo":"","orgPrice":26.25}},"categoryIds":["c-health-beauty"],"similarProducts":[]},{"id":"revlon-addiction-matte-lipcolor","name":"Ultra HD Matte Lipcolor Addiction Lipstick","brand":"Revlon","imageUrls":["https://shop.coles.com.au/wcsstore/Coles-CAS/images/3/0/2/3021470.jpg"],"storeId":"coles","packageSize":"5.9mL","cupPrice":"$21.19 per 10mL","locations":{"SA":{"price":12.5,"discountRate":50,"promo":"","orgPrice":25},"QLD":{"price":12.5,"discountRate":50,"promo":"","orgPrice":25},"NSW":{"price":12.5,"discountRate":50,"promo":"","orgPrice":25},"ACT":{"price":12.5,"discountRate":50,"promo":"","orgPrice":25}},"categoryIds":["c-health-beauty"],"similarProducts":[]},{"id":"revlon-devotion-matte-lipcolor","name":"Ultra HD Matte Lipcolor Devotion Lipstick","brand":"Revlon","imageUrls":["https://shop.coles.com.au/wcsstore/Coles-CAS/images/3/0/2/3021437.jpg"],"storeId":"coles","packageSize":"5.9mL","cupPrice":"$21.19 per 10mL","locations":{"SA":{"price":12.5,"discountRate":50,"promo":"","orgPrice":25},"QLD":{"price":12.5,"discountRate":50,"promo":"","orgPrice":25},"NSW":{"price":12.5,"discountRate":50,"promo":"","orgPrice":25},"WA":{"price":12.5,"discountRate":50,"promo":"","orgPrice":25},"TAS":{"price":12.5,"discountRate":50,"promo":"","orgPrice":25},"ACT":{"price":12.5,"discountRate":50,"promo":"","orgPrice":25},"NT":{"price":13.12,"discountRate":50,"promo":"","orgPrice":26.25}},"categoryIds":["c-health-beauty"],"similarProducts":[]},{"id":"revlon-pressed-powder-light","name":"Colorstay Pressed Powder Light","brand":"Revlon","imageUrls":["https://shop.coles.com.au/wcsstore/Coles-CAS/images/3/0/2/3022881.jpg"],"storeId":"coles","packageSize":"8.4g","cupPrice":"$20.83 per 10G","locations":{"SA":{"price":17.5,"discountRate":50,"promo":"","orgPrice":35},"QLD":{"price":17.5,"discountRate":50,"promo":"","orgPrice":35},"NSW":{"price":17.5,"discountRate":50,"promo":"","orgPrice":35},"ACT":{"price":17.5,"discountRate":50,"promo":"","orgPrice":35}},"categoryIds":["c-health-beauty"],"similarProducts":[]},{"id":"revlon-concealer","name":"Colorstay Concealer Light Medium","brand":"Revlon","imageUrls":["https://shop.coles.com.au/wcsstore/Coles-CAS/images/3/0/2/3022586.jpg"],"storeId":"coles","packageSize":"6mL","cupPrice":"$22.50 per 10mL","locations":{"SA":{"price":13.5,"discountRate":50,"promo":"","orgPrice":27},"QLD":{"price":13.5,"discountRate":50,"promo":"","orgPrice":27},"NSW":{"price":13.5,"discountRate":50,"promo":"","orgPrice":27},"WA":{"price":13.5,"discountRate":50,"promo":"","orgPrice":27},"TAS":{"price":13.5,"discountRate":50,"promo":"","orgPrice":27},"ACT":{"price":13.5,"discountRate":50,"promo":"","orgPrice":27},"NT":{"price":14.17,"discountRate":50,"promo":"","orgPrice":28.35}},"categoryIds":["c-health-beauty"],"similarProducts":[]},{"id":"revlon-concealer-3022575p","name":"Colorstay Concealer Light","brand":"Revlon","imageUrls":["https://shop.coles.com.au/wcsstore/Coles-CAS/images/3/0/2/3022575.jpg"],"storeId":"coles","packageSize":"6mL","cupPrice":"$22.50 per 10mL","locations":{"SA":{"price":13.5,"discountRate":50,"promo":"","orgPrice":27},"QLD":{"price":13.5,"discountRate":50,"promo":"","orgPrice":27},"NSW":{"price":13.5,"discountRate":50,"promo":"","orgPrice":27},"WA":{"price":13.5,"discountRate":50,"promo":"","orgPrice":27},"TAS":{"price":13.5,"discountRate":50,"promo":"","orgPrice":27},"ACT":{"price":13.5,"discountRate":50,"promo":"","orgPrice":27},"NT":{"price":14.17,"discountRate":50,"promo":"","orgPrice":28.35}},"categoryIds":["c-health-beauty"],"similarProducts":[]},{"id":"revlon-photoready-prefecting-primer","name":"Photoready Perfecting Makeup Primer","brand":"Revlon","imageUrls":["https://shop.coles.com.au/wcsstore/Coles-CAS/images/3/0/2/3023400.jpg"],"storeId":"coles","packageSize":"27mL","cupPrice":"$5.56 per 10mL","locations":{"SA":{"price":15,"discountRate":50,"promo":"","orgPrice":30},"QLD":{"price":15,"discountRate":50,"promo":"","orgPrice":30},"NSW":{"price":15,"discountRate":50,"promo":"","orgPrice":30},"TAS":{"price":15,"discountRate":50,"promo":"","orgPrice":30},"ACT":{"price":15,"discountRate":50,"promo":"","orgPrice":30},"NT":{"price":15.75,"discountRate":50,"promo":"","orgPrice":31.5}},"categoryIds":["c-health-beauty"],"similarProducts":[]},{"id":"revlon-blackest-black-mascara-3022666p","name":"Volume + Length Magnified Mascara Blackest Black","brand":"Revlon","imageUrls":["https://shop.coles.com.au/wcsstore/Coles-CAS/images/3/0/2/3022666.jpg"],"storeId":"coles","packageSize":"8.5mL","cupPrice":"$12.94 per 10mL","locations":{"SA":{"price":11,"discountRate":50,"promo":"","orgPrice":22},"QLD":{"price":11,"discountRate":50,"promo":"","orgPrice":22},"NSW":{"price":11,"discountRate":50,"promo":"","orgPrice":22},"WA":{"price":11,"discountRate":50,"promo":"","orgPrice":22},"TAS":{"price":11,"discountRate":50,"promo":"","orgPrice":22},"ACT":{"price":11,"discountRate":50,"promo":"","orgPrice":22},"NT":{"price":11.55,"discountRate":50,"promo":"","orgPrice":23.1}},"categoryIds":["c-health-beauty"],"similarProducts":[]},{"id":"revlon-normal-dry-fresh-beige","name":"Colorstay Makeup For Normal/Dry Skin Fresh Beige Foundation","brand":"Revlon","imageUrls":["https://shop.coles.com.au/wcsstore/Coles-CAS/images/3/0/2/3022553.jpg"],"storeId":"coles","packageSize":"30mL","cupPrice":"$5.83 per 10mL","locations":{"SA":{"price":17.5,"discountRate":50,"promo":"","orgPrice":35},"QLD":{"price":17.5,"discountRate":50,"promo":"","orgPrice":35},"NSW":{"price":17.5,"discountRate":50,"promo":"","orgPrice":35},"WA":{"price":17.5,"discountRate":50,"promo":"","orgPrice":35},"TAS":{"price":17.5,"discountRate":50,"promo":"","orgPrice":35},"ACT":{"price":17.5,"discountRate":50,"promo":"","orgPrice":35},"NT":{"price":18.37,"discountRate":50,"promo":"","orgPrice":36.75}},"categoryIds":["c-health-beauty"],"similarProducts":[]},{"id":"revlon-blackest-black-mascara-3021721p","name":"Ultimate All-In-One? Mascara Blackest Black","brand":"Revlon","imageUrls":["https://shop.coles.com.au/wcsstore/Coles-CAS/images/3/0/2/3021721.jpg"],"storeId":"coles","packageSize":"8.5mL","cupPrice":"$14.12 per 10mL","locations":{"SA":{"price":12,"discountRate":50,"promo":"","orgPrice":24},"QLD":{"price":12,"discountRate":50,"promo":"","orgPrice":24},"NSW":{"price":12,"discountRate":50,"promo":"","orgPrice":24},"WA":{"price":12,"discountRate":50,"promo":"","orgPrice":24},"TAS":{"price":12,"discountRate":50,"promo":"","orgPrice":24},"ACT":{"price":12,"discountRate":50,"promo":"","orgPrice":24},"NT":{"price":12.6,"discountRate":50,"promo":"","orgPrice":25.2}},"categoryIds":["c-health-beauty"],"similarProducts":[]},{"id":"revlon-black-brown-eyeliner","name":"ColorStay Eye Liner Black Brown","brand":"Revlon","imageUrls":["https://shop.coles.com.au/wcsstore/Coles-CAS/images/3/0/2/3021696.jpg"],"storeId":"coles","packageSize":"0.28g","cupPrice":"$428.57 per 10G","locations":{"SA":{"price":12,"discountRate":50,"promo":"","orgPrice":24},"QLD":{"price":12,"discountRate":50,"promo":"","orgPrice":24},"NSW":{"price":12,"discountRate":50,"promo":"","orgPrice":24},"WA":{"price":12,"discountRate":50,"promo":"","orgPrice":24},"TAS":{"price":12,"discountRate":50,"promo":"","orgPrice":24},"ACT":{"price":12,"discountRate":50,"promo":"","orgPrice":24},"NT":{"price":12.6,"discountRate":50,"promo":"","orgPrice":25.2}},"categoryIds":["c-health-beauty"],"similarProducts":[]},{"id":"revlon-primer-shadow","name":"Photoready Makeup Primer, Shadow + Sparkle Impressionist","brand":"Revlon","imageUrls":["https://shop.coles.com.au/wcsstore/Coles-CAS/images/3/0/2/3024297.jpg"],"storeId":"coles","packageSize":"2.8g","cupPrice":"$46.43 per 10G","locations":{"SA":{"price":13,"discountRate":50,"promo":"","orgPrice":26},"QLD":{"price":13,"discountRate":50,"promo":"","orgPrice":26},"NSW":{"price":13,"discountRate":50,"promo":"","orgPrice":26},"ACT":{"price":13,"discountRate":50,"promo":"","orgPrice":26}},"categoryIds":["c-health-beauty"],"similarProducts":[]},{"id":"revlon-addictive-quad-eyeshadow","name":"Colorstay 16hr Eyeshadow Addictive","brand":"Revlon","imageUrls":["https://shop.coles.com.au/wcsstore/Coles-CAS/images/3/0/2/3024210.jpg"],"storeId":"coles","packageSize":"4.8g","cupPrice":"$26.04 per 10G","locations":{"SA":{"price":12.5,"discountRate":50,"promo":"","orgPrice":25},"QLD":{"price":12.5,"discountRate":50,"promo":"","orgPrice":25},"NSW":{"price":12.5,"discountRate":50,"promo":"","orgPrice":25},"WA":{"price":12.5,"discountRate":50,"promo":"","orgPrice":25},"TAS":{"price":12.5,"discountRate":50,"promo":"","orgPrice":25},"ACT":{"price":12.5,"discountRate":50,"promo":"","orgPrice":25},"NT":{"price":13.12,"discountRate":50,"promo":"","orgPrice":26.25}},"categoryIds":["c-health-beauty"],"similarProducts":[]},{"id":"revlon-lipliner-red","name":"Colorstay Lipliner Red","brand":"Revlon","imageUrls":["https://shop.coles.com.au/wcsstore/Coles-CAS/images/3/0/2/3023170.jpg"],"storeId":"coles","packageSize":"0.28g","cupPrice":"$410.71 per 10G","locations":{"SA":{"price":11.5,"discountRate":50,"promo":"","orgPrice":23},"QLD":{"price":11.5,"discountRate":50,"promo":"","orgPrice":23},"NSW":{"price":11.5,"discountRate":50,"promo":"","orgPrice":23},"ACT":{"price":11.5,"discountRate":50,"promo":"","orgPrice":23}},"categoryIds":["c-health-beauty"],"similarProducts":[]},{"id":"revlon--normal-dry-true-beige","name":"Colorstay Makeup For Normal/Dry Skin True Beige Foundation","brand":"Revlon","imageUrls":["https://shop.coles.com.au/wcsstore/Coles-CAS/images/3/0/2/3022564.jpg"],"storeId":"coles","packageSize":"30mL","cupPrice":"$5.83 per 10mL","locations":{"SA":{"price":17.5,"discountRate":50,"promo":"","orgPrice":35},"QLD":{"price":17.5,"discountRate":50,"promo":"","orgPrice":35},"NSW":{"price":17.5,"discountRate":50,"promo":"","orgPrice":35},"ACT":{"price":17.5,"discountRate":50,"promo":"","orgPrice":35}},"categoryIds":["c-health-beauty"],"similarProducts":[]},{"id":"revlon-makeup-normal-dry-ivory","name":"Colorstay Makeup For Normal/Dry Skin Ivory Foundation","brand":"Revlon","imageUrls":["https://shop.coles.com.au/wcsstore/Coles-CAS/images/3/0/2/3022542.jpg"],"storeId":"coles","packageSize":"30mL","cupPrice":"$5.83 per 10mL","locations":{"SA":{"price":17.5,"discountRate":50,"promo":"","orgPrice":35},"QLD":{"price":17.5,"discountRate":50,"promo":"","orgPrice":35},"NSW":{"price":17.5,"discountRate":50,"promo":"","orgPrice":35},"WA":{"price":17.5,"discountRate":50,"promo":"","orgPrice":35},"TAS":{"price":17.5,"discountRate":50,"promo":"","orgPrice":35},"ACT":{"price":17.5,"discountRate":50,"promo":"","orgPrice":35},"NT":{"price":18.37,"discountRate":50,"promo":"","orgPrice":36.75}},"categoryIds":["c-health-beauty"],"similarProducts":[]},{"id":"revlon-blakest-black-waterproof-mascara","name":"Ultimate All-In-One Waterproof Mascara Blackest Black","brand":"Revlon","imageUrls":["https://shop.coles.com.au/wcsstore/Coles-CAS/images/3/0/2/3021776.jpg"],"storeId":"coles","packageSize":"8.5mL","cupPrice":"$14.12 per 10mL","locations":{"SA":{"price":12,"discountRate":50,"promo":"","orgPrice":24},"QLD":{"price":12,"discountRate":50,"promo":"","orgPrice":24},"NSW":{"price":12,"discountRate":50,"promo":"","orgPrice":24},"WA":{"price":12,"discountRate":50,"promo":"","orgPrice":24},"TAS":{"price":12,"discountRate":50,"promo":"","orgPrice":24},"ACT":{"price":12,"discountRate":50,"promo":"","orgPrice":24},"NT":{"price":12.6,"discountRate":50,"promo":"","orgPrice":25.2}},"categoryIds":["c-health-beauty"],"similarProducts":[]},{"id":"revlon-black-eyeliner","name":"ColorStay Eye Liner Black","brand":"Revlon","imageUrls":["https://shop.coles.com.au/wcsstore/Coles-CAS/images/3/0/2/3021674.jpg"],"storeId":"coles","packageSize":"0.28g","cupPrice":"$428.57 per 10G","locations":{"SA":{"price":12,"discountRate":50,"promo":"","orgPrice":24},"QLD":{"price":12,"discountRate":50,"promo":"","orgPrice":24},"NSW":{"price":12,"discountRate":50,"promo":"","orgPrice":24},"WA":{"price":12,"discountRate":50,"promo":"","orgPrice":24},"TAS":{"price":12,"discountRate":50,"promo":"","orgPrice":24},"ACT":{"price":12,"discountRate":50,"promo":"","orgPrice":24},"NT":{"price":12.6,"discountRate":50,"promo":"","orgPrice":25.2}},"categoryIds":["c-health-beauty"],"similarProducts":[]},{"id":"revlon-endless-spice-lipcolor","name":"Colorstay Overtime Lipcolor Endless Spice Lipstick","brand":"Revlon","imageUrls":["https://shop.coles.com.au/wcsstore/Coles-CAS/images/3/0/2/3021368.jpg"],"storeId":"coles","packageSize":"2mL","cupPrice":"$70.00 per 10mL","locations":{"SA":{"price":14,"discountRate":50,"promo":"","orgPrice":28},"QLD":{"price":14,"discountRate":50,"promo":"","orgPrice":28},"NSW":{"price":14,"discountRate":50,"promo":"","orgPrice":28},"WA":{"price":14,"discountRate":50,"promo":"","orgPrice":28},"TAS":{"price":14,"discountRate":50,"promo":"","orgPrice":28},"ACT":{"price":14,"discountRate":50,"promo":"","orgPrice":28},"NT":{"price":14.7,"discountRate":50,"promo":"","orgPrice":29.4}},"categoryIds":["c-health-beauty"],"similarProducts":[]},{"id":"revlon-naughty-nude-blush","name":"Powder Blush Naughty Nude","brand":"Revlon","imageUrls":["https://shop.coles.com.au/wcsstore/Coles-CAS/images/3/0/1/3019923.jpg"],"storeId":"coles","packageSize":"5g","cupPrice":"$27.00 per 10G","locations":{"SA":{"price":13.5,"discountRate":50,"promo":"","orgPrice":27},"QLD":{"price":13.5,"discountRate":50,"promo":"","orgPrice":27},"NSW":{"price":13.5,"discountRate":50,"promo":"","orgPrice":27},"ACT":{"price":13.5,"discountRate":50,"promo":"","orgPrice":27}},"categoryIds":["c-health-beauty"],"similarProducts":[]},{"id":"revlon-normal-dry-colorstay-med-beige-foundation","name":"Colorstay Makeup for Normal/Dry Skin Medium Beige Foundation","brand":"Revlon","imageUrls":["https://shop.coles.com.au/wcsstore/Coles-CAS/images/3/0/1/3019887.jpg"],"storeId":"coles","packageSize":"30mL","cupPrice":"$5.83 per 10mL","locations":{"SA":{"price":17.5,"discountRate":50,"promo":"","orgPrice":35},"QLD":{"price":17.5,"discountRate":50,"promo":"","orgPrice":35},"NSW":{"price":17.5,"discountRate":50,"promo":"","orgPrice":35},"WA":{"price":17.5,"discountRate":50,"promo":"","orgPrice":35},"TAS":{"price":17.5,"discountRate":50,"promo":"","orgPrice":35},"ACT":{"price":17.5,"discountRate":50,"promo":"","orgPrice":35},"NT":{"price":18.37,"discountRate":50,"promo":"","orgPrice":36.75}},"categoryIds":["c-health-beauty"],"similarProducts":[]},{"id":"revlon-bare-maximum-lipcolor","name":"Colorstay Overtime Lipcolor Bare Maximum Lipstick","brand":"Revlon","imageUrls":["https://shop.coles.com.au/wcsstore/Coles-CAS/images/3/0/2/3021379.jpg"],"storeId":"coles","packageSize":"2mL","cupPrice":"$70.00 per 10mL","locations":{"SA":{"price":14,"discountRate":50,"promo":"","orgPrice":28},"QLD":{"price":14,"discountRate":50,"promo":"","orgPrice":28},"NSW":{"price":14,"discountRate":50,"promo":"","orgPrice":28},"WA":{"price":14,"discountRate":50,"promo":"","orgPrice":28},"TAS":{"price":14,"discountRate":50,"promo":"","orgPrice":28},"ACT":{"price":14,"discountRate":50,"promo":"","orgPrice":28},"NT":{"price":14.7,"discountRate":50,"promo":"","orgPrice":29.4}},"categoryIds":["c-health-beauty"],"similarProducts":[]},{"id":"revlon-normal-dry-colorstay","name":"Colorstay Makeup For Normal/Dry Skin Nude Foundation","brand":"Revlon","imageUrls":["https://shop.coles.com.au/wcsstore/Coles-CAS/images/3/0/1/3019785.jpg"],"storeId":"coles","packageSize":"30mL","cupPrice":"$5.83 per 10mL","locations":{"SA":{"price":17.5,"discountRate":50,"promo":"","orgPrice":35},"QLD":{"price":17.5,"discountRate":50,"promo":"","orgPrice":35},"NSW":{"price":17.5,"discountRate":50,"promo":"","orgPrice":35},"WA":{"price":17.5,"discountRate":50,"promo":"","orgPrice":35},"TAS":{"price":17.5,"discountRate":50,"promo":"","orgPrice":35},"ACT":{"price":17.5,"discountRate":50,"promo":"","orgPrice":35},"NT":{"price":18.37,"discountRate":50,"promo":"","orgPrice":36.75}},"categoryIds":["c-health-beauty"],"similarProducts":[]},{"id":"revlon-colorstay-nude-lipliner","name":"Colorstay Lipliner Nude","brand":"Revlon","imageUrls":["https://shop.coles.com.au/wcsstore/Coles-CAS/images/3/0/2/3022780.jpg"],"storeId":"coles","packageSize":"0.28g","cupPrice":"$410.71 per 10G","locations":{"SA":{"price":11.5,"discountRate":50,"promo":"","orgPrice":23},"QLD":{"price":11.5,"discountRate":50,"promo":"","orgPrice":23},"NSW":{"price":11.5,"discountRate":50,"promo":"","orgPrice":23},"WA":{"price":11.5,"discountRate":50,"promo":"","orgPrice":23},"TAS":{"price":11.5,"discountRate":50,"promo":"","orgPrice":23},"ACT":{"price":11.5,"discountRate":50,"promo":"","orgPrice":23},"NT":{"price":12.07,"discountRate":50,"promo":"","orgPrice":24.15}},"categoryIds":["c-health-beauty"],"similarProducts":[]},{"id":"revlon-powder-blush-01-oh-baby-pink","name":"Powder Blush Oh Baby Pink","brand":"Revlon","imageUrls":["https://shop.coles.com.au/wcsstore/Coles-CAS/images/3/0/2/3022600.jpg"],"storeId":"coles","packageSize":"5g","cupPrice":"$27.00 per 10G","locations":{"SA":{"price":13.5,"discountRate":50,"promo":"","orgPrice":27},"QLD":{"price":13.5,"discountRate":50,"promo":"","orgPrice":27},"NSW":{"price":13.5,"discountRate":50,"promo":"","orgPrice":27},"ACT":{"price":13.5,"discountRate":50,"promo":"","orgPrice":27}},"categoryIds":["c-health-beauty"],"similarProducts":[]},{"id":"revlon-colorstay-sand-beige-foundation","name":"Colorstay Makeup For Combination/Oily Skin Sand Beige Foundation","brand":"Revlon","imageUrls":["https://shop.coles.com.au/wcsstore/Coles-CAS/images/3/0/1/3019650.jpg"],"storeId":"coles","packageSize":"30mL","cupPrice":"$5.83 per 10mL","locations":{"SA":{"price":17.5,"discountRate":50,"promo":"","orgPrice":35},"QLD":{"price":17.5,"discountRate":50,"promo":"","orgPrice":35},"NSW":{"price":17.5,"discountRate":50,"promo":"","orgPrice":35},"ACT":{"price":17.5,"discountRate":50,"promo":"","orgPrice":35}},"categoryIds":["c-health-beauty"],"similarProducts":[]},{"id":"revlon-colorstay-lipliner-mauve","name":"Colorstay Lipliner Mauve","brand":"Revlon","imageUrls":["https://shop.coles.com.au/wcsstore/Coles-CAS/images/3/0/2/3023057.jpg"],"storeId":"coles","packageSize":"0.28g","cupPrice":"$410.71 per 10G","locations":{"SA":{"price":11.5,"discountRate":50,"promo":"","orgPrice":23},"QLD":{"price":11.5,"discountRate":50,"promo":"","orgPrice":23},"NSW":{"price":11.5,"discountRate":50,"promo":"","orgPrice":23},"ACT":{"price":11.5,"discountRate":50,"promo":"","orgPrice":23}},"categoryIds":["c-health-beauty"],"similarProducts":[]},{"id":"revlon-colorstay-decadent-quad-eyeshadow","name":"Colorstay 16hr Eyeshadow Decadent","brand":"Revlon","imageUrls":["https://shop.coles.com.au/wcsstore/Coles-CAS/images/3/0/2/3024231.jpg"],"storeId":"coles","packageSize":"4.8g","cupPrice":"$26.04 per 10G","locations":{"SA":{"price":12.5,"discountRate":50,"promo":"","orgPrice":25},"QLD":{"price":12.5,"discountRate":50,"promo":"","orgPrice":25},"NSW":{"price":12.5,"discountRate":50,"promo":"","orgPrice":25},"ACT":{"price":12.5,"discountRate":50,"promo":"","orgPrice":25}},"categoryIds":["c-health-beauty"],"similarProducts":[]},{"id":"revlon-colorstay-lipliner-blush","name":"Colorstay Lipliner Blush","brand":"Revlon","imageUrls":["https://shop.coles.com.au/wcsstore/Coles-CAS/images/3/0/2/3023035.jpg"],"storeId":"coles","packageSize":"0.28g","cupPrice":"$410.71 per 10G","locations":{"SA":{"price":11.5,"discountRate":50,"promo":"","orgPrice":23},"QLD":{"price":11.5,"discountRate":50,"promo":"","orgPrice":23},"NSW":{"price":11.5,"discountRate":50,"promo":"","orgPrice":23},"ACT":{"price":11.5,"discountRate":50,"promo":"","orgPrice":23}},"categoryIds":["c-health-beauty"],"similarProducts":[]},{"id":"revlon-colorstay-eye-liner-charcoal","name":"ColorStay Eye Liner Charcoal","brand":"Revlon","imageUrls":["https://shop.coles.com.au/wcsstore/Coles-CAS/images/3/0/2/3022917.jpg"],"storeId":"coles","packageSize":"0.28g","cupPrice":"$428.57 per 10G","locations":{"SA":{"price":12,"discountRate":50,"promo":"","orgPrice":24},"QLD":{"price":12,"discountRate":50,"promo":"","orgPrice":24},"NSW":{"price":12,"discountRate":50,"promo":"","orgPrice":24},"ACT":{"price":12,"discountRate":50,"promo":"","orgPrice":24}},"categoryIds":["c-health-beauty"],"similarProducts":[]},{"id":"revlon-colorstay-makeup-combination-oily-004-nude","name":"Colorstay Makeup For Combination/Oily Skin Nude Foundation","brand":"Revlon","imageUrls":["https://shop.coles.com.au/wcsstore/Coles-CAS/images/3/0/2/3022520.jpg"],"storeId":"coles","packageSize":"30mL","cupPrice":"$5.83 per 10mL","locations":{"SA":{"price":17.5,"discountRate":50,"promo":"","orgPrice":35},"QLD":{"price":17.5,"discountRate":50,"promo":"","orgPrice":35},"NSW":{"price":17.5,"discountRate":50,"promo":"","orgPrice":35},"ACT":{"price":17.5,"discountRate":50,"promo":"","orgPrice":35}},"categoryIds":["c-health-beauty"],"similarProducts":[]},{"id":"revlon-ultra-hd-matte-lipcolor-forever","name":"Ultra HD Matte Lipcolor Forever Lipstick","brand":"Revlon","imageUrls":["https://shop.coles.com.au/wcsstore/Coles-CAS/images/3/0/2/3022430.jpg"],"storeId":"coles","packageSize":"5.9mL","cupPrice":"$21.19 per 10mL","locations":{"SA":{"price":12.5,"discountRate":50,"promo":"","orgPrice":25},"QLD":{"price":12.5,"discountRate":50,"promo":"","orgPrice":25},"NSW":{"price":12.5,"discountRate":50,"promo":"","orgPrice":25},"ACT":{"price":12.5,"discountRate":50,"promo":"","orgPrice":25}},"categoryIds":["c-health-beauty"],"similarProducts":[]},{"id":"revlon-colorstay-light-med-pressed-powder","name":"Colorstay Pressed Powder Light Medium","brand":"Revlon","imageUrls":["https://shop.coles.com.au/wcsstore/Coles-CAS/images/3/0/2/3021619.jpg"],"storeId":"coles","packageSize":"8.4g","cupPrice":"$20.83 per 10G","locations":{"SA":{"price":17.5,"discountRate":50,"promo":"","orgPrice":35},"QLD":{"price":17.5,"discountRate":50,"promo":"","orgPrice":35},"NSW":{"price":17.5,"discountRate":50,"promo":"","orgPrice":35},"WA":{"price":17.5,"discountRate":50,"promo":"","orgPrice":35},"TAS":{"price":17.5,"discountRate":50,"promo":"","orgPrice":35},"ACT":{"price":17.5,"discountRate":50,"promo":"","orgPrice":35},"NT":{"price":18.37,"discountRate":50,"promo":"","orgPrice":36.75}},"categoryIds":["c-health-beauty"],"similarProducts":[]},{"id":"revlon--colorstay-overtime-always-sienna-lipcolor","name":"Colorstay Overtime Lipcolor Always Sienna Lipstick","brand":"Revlon","imageUrls":["https://shop.coles.com.au/wcsstore/Coles-CAS/images/3/0/2/3021390.jpg"],"storeId":"coles","packageSize":"2mL","cupPrice":"$70.00 per 10mL","locations":{"SA":{"price":14,"discountRate":50,"promo":"","orgPrice":28},"QLD":{"price":14,"discountRate":50,"promo":"","orgPrice":28},"NSW":{"price":14,"discountRate":50,"promo":"","orgPrice":28},"ACT":{"price":14,"discountRate":50,"promo":"","orgPrice":28}},"categoryIds":["c-health-beauty"],"similarProducts":[]},{"id":"revlon-colorstay-nat-beige-foundation","name":"Colorstay Makeup For Combination/Oily Skin Natural Beige Foundation","brand":"Revlon","imageUrls":["https://shop.coles.com.au/wcsstore/Coles-CAS/images/3/0/1/3019683.jpg"],"storeId":"coles","packageSize":"30mL","cupPrice":"$5.83 per 10mL","locations":{"SA":{"price":17.5,"discountRate":50,"promo":"","orgPrice":35},"QLD":{"price":17.5,"discountRate":50,"promo":"","orgPrice":35},"NSW":{"price":17.5,"discountRate":50,"promo":"","orgPrice":35},"ACT":{"price":17.5,"discountRate":50,"promo":"","orgPrice":35}},"categoryIds":["c-health-beauty"],"similarProducts":[]},{"id":"revlon-colourstay-lipcolour-infinate-raspbry","name":"Colorstay Overtime Lipcolor Infinite Raspberry Lipstick","brand":"Revlon","imageUrls":["https://shop.coles.com.au/wcsstore/Coles-CAS/images/3/0/2/3022316.jpg"],"storeId":"coles","packageSize":"2mL","cupPrice":"$70.00 per 10mL","locations":{"SA":{"price":14,"discountRate":50,"promo":"","orgPrice":28},"QLD":{"price":14,"discountRate":50,"promo":"","orgPrice":28},"NSW":{"price":14,"discountRate":50,"promo":"","orgPrice":28},"WA":{"price":14,"discountRate":50,"promo":"","orgPrice":28},"TAS":{"price":14,"discountRate":50,"promo":"","orgPrice":28},"ACT":{"price":14,"discountRate":50,"promo":"","orgPrice":28},"NT":{"price":14.7,"discountRate":50,"promo":"","orgPrice":29.4}},"categoryIds":["c-health-beauty"],"similarProducts":[]},{"id":"revlon-ultra-hd-embrace-matte-lipcolor","name":"Ultra HD Matte Lipcolor Embrace Lipstick","brand":"Revlon","imageUrls":["https://shop.coles.com.au/wcsstore/Coles-CAS/images/3/0/2/3021594.jpg"],"storeId":"coles","packageSize":"5.9mL","cupPrice":"$21.19 per 10mL","locations":{"SA":{"price":12.5,"discountRate":50,"promo":"","orgPrice":25},"QLD":{"price":12.5,"discountRate":50,"promo":"","orgPrice":25},"NSW":{"price":12.5,"discountRate":50,"promo":"","orgPrice":25},"ACT":{"price":12.5,"discountRate":50,"promo":"","orgPrice":25}},"categoryIds":["c-health-beauty"],"similarProducts":[]},{"id":"revlon-sculpt--highlight-light-medium-contour-kit","name":"Sculpt + Highlight Contour Makeup Kit Light/Medium Kit","brand":"Revlon","imageUrls":["https://shop.coles.com.au/wcsstore/Coles-CAS/images/3/0/5/3051562.jpg"],"storeId":"coles","packageSize":"10g","cupPrice":"$12.50 per 10G","locations":{"SA":{"price":12.5,"discountRate":50,"promo":"","orgPrice":25},"QLD":{"price":12.5,"discountRate":50,"promo":"","orgPrice":25},"NSW":{"price":12.5,"discountRate":50,"promo":"","orgPrice":25},"ACT":{"price":12.5,"discountRate":50,"promo":"","orgPrice":25}},"categoryIds":["c-health-beauty"],"similarProducts":[]},{"id":"revlon-colorstay--006-med-beige-foundation","name":"Colorstay Makeup For Combination/Oily Skin Medium Beige Foundation","brand":"Revlon","imageUrls":["https://shop.coles.com.au/wcsstore/Coles-CAS/images/3/0/1/3019708.jpg"],"storeId":"coles","packageSize":"30mL","cupPrice":"$5.83 per 10mL","locations":{"SA":{"price":17.5,"discountRate":50,"promo":"","orgPrice":35},"QLD":{"price":17.5,"discountRate":50,"promo":"","orgPrice":35},"NSW":{"price":17.5,"discountRate":50,"promo":"","orgPrice":35},"ACT":{"price":17.5,"discountRate":50,"promo":"","orgPrice":35}},"categoryIds":["c-health-beauty"],"similarProducts":[]},{"id":"revlon-age-defying-3x-medium-beige-foundation","name":"Age Defying 3X Medium Beige Foundation SPF 20","brand":"Revlon","imageUrls":["https://shop.coles.com.au/wcsstore/Coles-CAS/images/3/3/2/3328270.jpg"],"storeId":"coles","packageSize":"30mL","cupPrice":"$6.67 per 10mL","locations":{"SA":{"price":20,"discountRate":50,"promo":"","orgPrice":40},"QLD":{"price":20,"discountRate":50,"promo":"","orgPrice":40},"NSW":{"price":20,"discountRate":50,"promo":"","orgPrice":40},"ACT":{"price":20,"discountRate":50,"promo":"","orgPrice":40}},"categoryIds":["c-health-beauty"],"similarProducts":[]},{"id":"revlon-age-defying-3x-bare-buff-foundation","name":"Age Defying 3X Bare Buff Foundation SPF 20","brand":"Revlon","imageUrls":["https://shop.coles.com.au/wcsstore/Coles-CAS/images/3/3/2/3328236.jpg"],"storeId":"coles","packageSize":"30mL","cupPrice":"$6.67 per 10mL","locations":{"SA":{"price":20,"discountRate":50,"promo":"","orgPrice":40},"QLD":{"price":20,"discountRate":50,"promo":"","orgPrice":40},"NSW":{"price":20,"discountRate":50,"promo":"","orgPrice":40},"ACT":{"price":20,"discountRate":50,"promo":"","orgPrice":40}},"categoryIds":["c-health-beauty"],"similarProducts":[]},{"id":"revlon-colorstay-soft-brown-brow-pencil","name":"Colorstay Soft Brown Pencil 0.35g","brand":"Revlon","imageUrls":["https://shop.coles.com.au/wcsstore/Coles-CAS/images/3/3/2/3326467.jpg"],"storeId":"coles","packageSize":"","cupPrice":"$11.50 per 1Ea","locations":{"SA":{"price":11.5,"discountRate":50,"promo":"","orgPrice":23},"QLD":{"price":11.5,"discountRate":50,"promo":"","orgPrice":23},"NSW":{"price":11.5,"discountRate":50,"promo":"","orgPrice":23},"WA":{"price":11.5,"discountRate":50,"promo":"","orgPrice":23},"TAS":{"price":11.5,"discountRate":50,"promo":"","orgPrice":23},"ACT":{"price":11.5,"discountRate":50,"promo":"","orgPrice":23},"NT":{"price":12.07,"discountRate":50,"promo":"","orgPrice":24.15}},"categoryIds":["c-health-beauty"],"similarProducts":[]},{"id":"revlon-make-up-light-med-mineral-powder","name":"Light / Medium Mineral Make Up Powder","brand":"Revlon","imageUrls":["https://shop.coles.com.au/wcsstore/Coles-CAS/images/3/3/2/3328338.jpg"],"storeId":"coles","packageSize":"28.3g","cupPrice":"$5.30 per 10G","locations":{"SA":{"price":15,"discountRate":50,"promo":"","orgPrice":30},"QLD":{"price":15,"discountRate":50,"promo":"","orgPrice":30},"NSW":{"price":15,"discountRate":50,"promo":"","orgPrice":30},"WA":{"price":15,"discountRate":50,"promo":"","orgPrice":30},"TAS":{"price":15,"discountRate":50,"promo":"","orgPrice":30},"ACT":{"price":15,"discountRate":50,"promo":"","orgPrice":30},"NT":{"price":15.75,"discountRate":50,"promo":"","orgPrice":31.5}},"categoryIds":["c-health-beauty"],"similarProducts":[]},{"id":"revlon-age-defying-3x-natural-beige-foundation","name":"Age Defying 3X Natural Beige Foundation SPF 20","brand":"Revlon","imageUrls":["https://shop.coles.com.au/wcsstore/Coles-CAS/images/3/3/2/3328269.jpg"],"storeId":"coles","packageSize":"30mL","cupPrice":"$6.67 per 10mL","locations":{"SA":{"price":20,"discountRate":50,"promo":"","orgPrice":40},"QLD":{"price":20,"discountRate":50,"promo":"","orgPrice":40},"NSW":{"price":20,"discountRate":50,"promo":"","orgPrice":40},"ACT":{"price":20,"discountRate":50,"promo":"","orgPrice":40}},"categoryIds":["c-health-beauty"],"similarProducts":[]},{"id":"revlon-age-defying-3x-soft-beige-foundation","name":"Age Defying 3X Soft Beige Foundation SPF 20","brand":"Revlon","imageUrls":["https://shop.coles.com.au/wcsstore/Coles-CAS/images/3/3/2/3328247.jpg"],"storeId":"coles","packageSize":"30mL","cupPrice":"$6.67 per 10mL","locations":{"SA":{"price":20,"discountRate":50,"promo":"","orgPrice":40},"QLD":{"price":20,"discountRate":50,"promo":"","orgPrice":40},"NSW":{"price":20,"discountRate":50,"promo":"","orgPrice":40},"ACT":{"price":20,"discountRate":50,"promo":"","orgPrice":40}},"categoryIds":["c-health-beauty"],"similarProducts":[]},{"id":"revlon-volumazing-blackest-black-mascara","name":"Volumazing Blackest Black Mascara 9mL","brand":"Revlon","imageUrls":["https://shop.coles.com.au/wcsstore/Coles-CAS/images/3/4/5/3454570.jpg"],"storeId":"coles","packageSize":"1 pack","cupPrice":"$10.00 per 1Ea","locations":{"SA":{"price":10,"discountRate":50,"promo":"","orgPrice":20},"QLD":{"price":10,"discountRate":50,"promo":"","orgPrice":20},"NSW":{"price":10,"discountRate":50,"promo":"","orgPrice":20},"WA":{"price":10,"discountRate":50,"promo":"","orgPrice":20},"TAS":{"price":10,"discountRate":50,"promo":"","orgPrice":20},"ACT":{"price":10,"discountRate":50,"promo":"","orgPrice":20},"NT":{"price":10.5,"discountRate":50,"promo":"","orgPrice":21}},"categoryIds":["c-health-beauty"],"similarProducts":[]},{"id":"revlon-colorstay-dark-brown-brow-kit","name":"Colorstay Dark Brown Brow Kit","brand":"Revlon","imageUrls":["https://shop.coles.com.au/wcsstore/Coles-CAS/images/3/5/4/3542371.jpg"],"storeId":"coles","packageSize":"4.5g","cupPrice":"$26.67 per 10G","locations":{"SA":{"price":12,"discountRate":50,"promo":"","orgPrice":24},"QLD":{"price":12,"discountRate":50,"promo":"","orgPrice":24},"NSW":{"price":12,"discountRate":50,"promo":"","orgPrice":24},"ACT":{"price":12,"discountRate":50,"promo":"","orgPrice":24}},"categoryIds":["c-health-beauty"],"similarProducts":[]},{"id":"revlon-super-lustrous-wine-with-everything-lips","name":"Super Lustrous Wine Lipstick","brand":"Revlon","imageUrls":["https://shop.coles.com.au/wcsstore/Coles-CAS/images/3/5/3/3538330.jpg"],"storeId":"coles","packageSize":"4.2g","cupPrice":"$29.76 per 10G","locations":{"SA":{"price":12.5,"discountRate":50,"promo":"","orgPrice":25},"QLD":{"price":12.5,"discountRate":50,"promo":"","orgPrice":25},"NSW":{"price":12.5,"discountRate":50,"promo":"","orgPrice":25},"WA":{"price":12.5,"discountRate":50,"promo":"","orgPrice":25},"TAS":{"price":12.5,"discountRate":50,"promo":"","orgPrice":25},"ACT":{"price":12.5,"discountRate":50,"promo":"","orgPrice":25},"NT":{"price":13.12,"discountRate":50,"promo":"","orgPrice":26.25}},"categoryIds":["c-health-beauty"],"similarProducts":[]},{"id":"revlon-voulmazing-wp-blackest-black-mascara","name":"Voulmazing Waterproof Blackest Black Mascara","brand":"Revlon","imageUrls":["https://shop.coles.com.au/wcsstore/Coles-CAS/images/3/5/3/3537961.jpg"],"storeId":"coles","packageSize":"9mL","cupPrice":"$11.11 per 10mL","locations":{"SA":{"price":10,"discountRate":50,"promo":"","orgPrice":20},"QLD":{"price":10,"discountRate":50,"promo":"","orgPrice":20},"NSW":{"price":10,"discountRate":50,"promo":"","orgPrice":20},"WA":{"price":10,"discountRate":50,"promo":"","orgPrice":20},"TAS":{"price":10,"discountRate":50,"promo":"","orgPrice":20},"ACT":{"price":10,"discountRate":50,"promo":"","orgPrice":20},"NT":{"price":10.5,"discountRate":50,"promo":"","orgPrice":21}},"categoryIds":["c-health-beauty"],"similarProducts":[]},{"id":"revlon-colorstay-looks-original-eye-shadow","name":"Colorstay Original Eye Shadow 900","brand":"Revlon","imageUrls":["https://shop.coles.com.au/wcsstore/Coles-CAS/images/3/5/3/3537940.jpg"],"storeId":"coles","packageSize":"3.4g","cupPrice":"$29.41 per 10G","locations":{"SA":{"price":10,"discountRate":50,"promo":"","orgPrice":20},"QLD":{"price":10,"discountRate":50,"promo":"","orgPrice":20},"NSW":{"price":10,"discountRate":50,"promo":"","orgPrice":20},"ACT":{"price":10,"discountRate":50,"promo":"","orgPrice":20}},"categoryIds":["c-health-beauty"],"similarProducts":[]},{"id":"revlon-bronzer-powder-cannes-tan","name":"Bronzer Skinlights  Powder","brand":"Revlon","imageUrls":["https://shop.coles.com.au/wcsstore/Coles-CAS/images/3/5/3/3537906.jpg"],"storeId":"coles","packageSize":"9.2g","cupPrice":"$13.59 per 10G","locations":{"SA":{"price":12.5,"discountRate":50,"promo":"","orgPrice":25},"QLD":{"price":12.5,"discountRate":50,"promo":"","orgPrice":25},"NSW":{"price":12.5,"discountRate":50,"promo":"","orgPrice":25},"ACT":{"price":12.5,"discountRate":50,"promo":"","orgPrice":25}},"categoryIds":["c-health-beauty"],"similarProducts":[]},{"id":"revlon-photoready-candid-banana-concealer","name":"Photoready Candid Antioxidant Concealer Banana 001","brand":"Revlon","imageUrls":["https://shop.coles.com.au/wcsstore/Coles-CAS/images/3/5/3/3537510.jpg"],"storeId":"coles","packageSize":"10mL","cupPrice":"$10.00 per 10mL","locations":{"SA":{"price":10,"discountRate":50,"promo":"","orgPrice":20},"QLD":{"price":10,"discountRate":50,"promo":"","orgPrice":20},"NSW":{"price":10,"discountRate":50,"promo":"","orgPrice":20},"WA":{"price":10,"discountRate":50,"promo":"","orgPrice":20},"TAS":{"price":10,"discountRate":50,"promo":"","orgPrice":20},"ACT":{"price":10,"discountRate":50,"promo":"","orgPrice":20},"NT":{"price":10.5,"discountRate":50,"promo":"","orgPrice":21}},"categoryIds":["c-health-beauty"],"similarProducts":[]},{"id":"revlon-photoready-candid-sand-beige-foundation","name":"Photoready Candid Foundation Sand Beige 220","brand":"Revlon","imageUrls":["https://shop.coles.com.au/wcsstore/Coles-CAS/images/3/5/3/3537429.jpg"],"storeId":"coles","packageSize":"22mL","cupPrice":"$56.82 per 100mL","locations":{"SA":{"price":12.5,"discountRate":50,"promo":"","orgPrice":25},"QLD":{"price":12.5,"discountRate":50,"promo":"","orgPrice":25},"NSW":{"price":12.5,"discountRate":50,"promo":"","orgPrice":25},"WA":{"price":12.5,"discountRate":50,"promo":"","orgPrice":25},"TAS":{"price":12.5,"discountRate":50,"promo":"","orgPrice":25},"ACT":{"price":12.5,"discountRate":50,"promo":"","orgPrice":25},"NT":{"price":13.12,"discountRate":50,"promo":"","orgPrice":26.25}},"categoryIds":["c-health-beauty"],"similarProducts":[]},{"id":"revlon-colorstay-ultimate-suede-preview-lipstick","name":"Colorstay Ultimate Suede 070 Preview Lipstick","brand":"Revlon","imageUrls":["https://shop.coles.com.au/wcsstore/Coles-CAS/images/3/5/3/3536991.jpg"],"storeId":"coles","packageSize":"2.55g","cupPrice":"$52.94 per 10G","locations":{"SA":{"price":13.5,"discountRate":50,"promo":"","orgPrice":27},"QLD":{"price":13.5,"discountRate":50,"promo":"","orgPrice":27},"NSW":{"price":13.5,"discountRate":50,"promo":"","orgPrice":27},"WA":{"price":13.5,"discountRate":50,"promo":"","orgPrice":27},"TAS":{"price":13.5,"discountRate":50,"promo":"","orgPrice":27},"ACT":{"price":13.5,"discountRate":50,"promo":"","orgPrice":27},"NT":{"price":14.17,"discountRate":50,"promo":"","orgPrice":28.35}},"categoryIds":["c-health-beauty"],"similarProducts":[]},{"id":"revlon-colorstay-ultimate-suede-iconic-lipstick","name":"Colorstay Ultimate Suede Iconic Lipstick 055","brand":"Revlon","imageUrls":["https://shop.coles.com.au/wcsstore/Coles-CAS/images/3/5/3/3536970.jpg"],"storeId":"coles","packageSize":"2.55g","cupPrice":"$52.94 per 10G","locations":{"SA":{"price":13.5,"discountRate":50,"promo":"","orgPrice":27},"QLD":{"price":13.5,"discountRate":50,"promo":"","orgPrice":27},"NSW":{"price":13.5,"discountRate":50,"promo":"","orgPrice":27},"WA":{"price":13.5,"discountRate":50,"promo":"","orgPrice":27},"TAS":{"price":13.5,"discountRate":50,"promo":"","orgPrice":27},"ACT":{"price":13.5,"discountRate":50,"promo":"","orgPrice":27},"NT":{"price":14.17,"discountRate":50,"promo":"","orgPrice":28.35}},"categoryIds":["c-health-beauty"],"similarProducts":[]},{"id":"revlon-super-lustrous-rum-raisin-lipstick","name":"Super Lustrous Rum Raisin Lipstick","brand":"Revlon","imageUrls":["https://shop.coles.com.au/wcsstore/Coles-CAS/images/3/5/3/3538669.jpg"],"storeId":"coles","packageSize":"4.2g","cupPrice":"$29.76 per 10G","locations":{"SA":{"price":12.5,"discountRate":50,"promo":"","orgPrice":25},"QLD":{"price":12.5,"discountRate":50,"promo":"","orgPrice":25},"NSW":{"price":12.5,"discountRate":50,"promo":"","orgPrice":25},"WA":{"price":12.5,"discountRate":50,"promo":"","orgPrice":25},"TAS":{"price":12.5,"discountRate":50,"promo":"","orgPrice":25},"ACT":{"price":12.5,"discountRate":50,"promo":"","orgPrice":25},"NT":{"price":13.12,"discountRate":50,"promo":"","orgPrice":26.25}},"categoryIds":["c-health-beauty"],"similarProducts":[]},{"id":"revlon-super-lustrous-teak-rose-lipstick","name":"Super Lustrous Teak Rose Lipstick","brand":"Revlon","imageUrls":["https://shop.coles.com.au/wcsstore/Coles-CAS/images/3/5/3/3538374.jpg"],"storeId":"coles","packageSize":"4.2g","cupPrice":"$29.76 per 10G","locations":{"SA":{"price":12.5,"discountRate":50,"promo":"","orgPrice":25},"QLD":{"price":12.5,"discountRate":50,"promo":"","orgPrice":25},"NSW":{"price":12.5,"discountRate":50,"promo":"","orgPrice":25},"ACT":{"price":12.5,"discountRate":50,"promo":"","orgPrice":25}},"categoryIds":["c-health-beauty"],"similarProducts":[]},{"id":"revlon-super-lustrous-blushed-lipstick","name":"Super Lustrous Blushed Lipstick","brand":"Revlon","imageUrls":["https://shop.coles.com.au/wcsstore/Coles-CAS/images/3/5/3/3538352.jpg"],"storeId":"coles","packageSize":"4.2g","cupPrice":"$29.76 per 10G","locations":{"SA":{"price":12.5,"discountRate":50,"promo":"","orgPrice":25},"QLD":{"price":12.5,"discountRate":50,"promo":"","orgPrice":25},"NSW":{"price":12.5,"discountRate":50,"promo":"","orgPrice":25},"ACT":{"price":12.5,"discountRate":50,"promo":"","orgPrice":25}},"categoryIds":["c-health-beauty"],"similarProducts":[]},{"id":"revlon-colorstay-looks-maverick-eye-shadow","name":"Colorstay Maverick Eye Shadow 930","brand":"Revlon","imageUrls":["https://shop.coles.com.au/wcsstore/Coles-CAS/images/3/5/3/3537939.jpg"],"storeId":"coles","packageSize":"3.4g","cupPrice":"$29.41 per 10G","locations":{"SA":{"price":10,"discountRate":50,"promo":"","orgPrice":20},"QLD":{"price":10,"discountRate":50,"promo":"","orgPrice":20},"NSW":{"price":10,"discountRate":50,"promo":"","orgPrice":20},"ACT":{"price":10,"discountRate":50,"promo":"","orgPrice":20}},"categoryIds":["c-health-beauty"],"similarProducts":[]},{"id":"revlon-colorstay-looks-enigma-eye-shadow-palette","name":"Colorstay Enigma Eye Shadow Palette 920","brand":"Revlon","imageUrls":["https://shop.coles.com.au/wcsstore/Coles-CAS/images/3/5/3/3537917.jpg"],"storeId":"coles","packageSize":"3.4g","cupPrice":"$29.41 per 10G","locations":{"SA":{"price":10,"discountRate":50,"promo":"","orgPrice":20},"QLD":{"price":10,"discountRate":50,"promo":"","orgPrice":20},"NSW":{"price":10,"discountRate":50,"promo":"","orgPrice":20},"ACT":{"price":10,"discountRate":50,"promo":"","orgPrice":20}},"categoryIds":["c-health-beauty"],"similarProducts":[]},{"id":"revlon-highlighting-palette-peach-glow","name":"Highlighting Palette Peach Glow 010","brand":"Revlon","imageUrls":["https://shop.coles.com.au/wcsstore/Coles-CAS/images/3/5/3/3537892.jpg"],"storeId":"coles","packageSize":"7.5g","cupPrice":"$18.00 per 10G","locations":{"SA":{"price":13.5,"discountRate":50,"promo":"","orgPrice":27},"QLD":{"price":13.5,"discountRate":50,"promo":"","orgPrice":27},"NSW":{"price":13.5,"discountRate":50,"promo":"","orgPrice":27},"ACT":{"price":13.5,"discountRate":50,"promo":"","orgPrice":27}},"categoryIds":["c-health-beauty"],"similarProducts":[]},{"id":"revlon-photoready-candid-medium-beige-foundation","name":"Photoready Candid Foundation Medium Beige 270","brand":"Revlon","imageUrls":["https://shop.coles.com.au/wcsstore/Coles-CAS/images/3/5/3/3537451.jpg"],"storeId":"coles","packageSize":"22mL","cupPrice":"$56.82 per 100mL","locations":{"SA":{"price":12.5,"discountRate":50,"promo":"","orgPrice":25},"QLD":{"price":12.5,"discountRate":50,"promo":"","orgPrice":25},"NSW":{"price":12.5,"discountRate":50,"promo":"","orgPrice":25},"WA":{"price":12.5,"discountRate":50,"promo":"","orgPrice":25},"TAS":{"price":12.5,"discountRate":50,"promo":"","orgPrice":25},"ACT":{"price":12.5,"discountRate":50,"promo":"","orgPrice":25},"NT":{"price":13.12,"discountRate":50,"promo":"","orgPrice":26.25}},"categoryIds":["c-health-beauty"],"similarProducts":[]},{"id":"revlon-photoready-candid-buff-foundation","name":"Photoready Candid Foundation Buff 120","brand":"Revlon","imageUrls":["https://shop.coles.com.au/wcsstore/Coles-CAS/images/3/5/3/3537430.jpg"],"storeId":"coles","packageSize":"22mL","cupPrice":"$5.68 per 10mL","locations":{"SA":{"price":12.5,"discountRate":50,"promo":"","orgPrice":25},"QLD":{"price":12.5,"discountRate":50,"promo":"","orgPrice":25},"NSW":{"price":12.5,"discountRate":50,"promo":"","orgPrice":25},"ACT":{"price":12.5,"discountRate":50,"promo":"","orgPrice":25}},"categoryIds":["c-health-beauty"],"similarProducts":[]},{"id":"revlon-super-lustrous-super-natural-lipgloss","name":"Super Lustrous Lip Gloss Super Natural 215","brand":"Revlon","imageUrls":["https://shop.coles.com.au/wcsstore/Coles-CAS/images/3/5/3/3537258.jpg"],"storeId":"coles","packageSize":"3.8mL","cupPrice":"$32.89 per 10mL","locations":{"SA":{"price":12.5,"discountRate":50,"promo":"","orgPrice":25},"QLD":{"price":12.5,"discountRate":50,"promo":"","orgPrice":25},"NSW":{"price":12.5,"discountRate":50,"promo":"","orgPrice":25},"ACT":{"price":12.5,"discountRate":50,"promo":"","orgPrice":25}},"categoryIds":["c-health-beauty"],"similarProducts":[]},{"id":"revlon-colorstay-ultimate-suede-supermodel-lipstick","name":"Colorstay Ultimate Suede 045 Supermodel Lipstick","brand":"Revlon","imageUrls":["https://shop.coles.com.au/wcsstore/Coles-CAS/images/3/5/3/3537021.jpg"],"storeId":"coles","packageSize":"2.55g","cupPrice":"$52.94 per 10G","locations":{"SA":{"price":13.5,"discountRate":50,"promo":"","orgPrice":27},"QLD":{"price":13.5,"discountRate":50,"promo":"","orgPrice":27},"NSW":{"price":13.5,"discountRate":50,"promo":"","orgPrice":27},"WA":{"price":13.5,"discountRate":50,"promo":"","orgPrice":27},"TAS":{"price":13.5,"discountRate":50,"promo":"","orgPrice":27},"ACT":{"price":13.5,"discountRate":50,"promo":"","orgPrice":27},"NT":{"price":14.17,"discountRate":50,"promo":"","orgPrice":28.35}},"categoryIds":["c-health-beauty"],"similarProducts":[]},{"id":"revlon-so-fierce-blackest-black-mascara","name":"So Fierce Blackest Black Mascara","brand":"Revlon","imageUrls":["https://shop.coles.com.au/wcsstore/Coles-CAS/images/3/6/9/3699067.jpg"],"storeId":"coles","packageSize":"7.5mL","cupPrice":"$14.67 per 10mL","locations":{"SA":{"price":11,"discountRate":50,"promo":"","orgPrice":22},"QLD":{"price":11,"discountRate":50,"promo":"","orgPrice":22},"NSW":{"price":11,"discountRate":50,"promo":"","orgPrice":22},"WA":{"price":11,"discountRate":50,"promo":"","orgPrice":22},"TAS":{"price":11,"discountRate":50,"promo":"","orgPrice":22},"ACT":{"price":11,"discountRate":50,"promo":"","orgPrice":22},"NT":{"price":11.55,"discountRate":50,"promo":"","orgPrice":23.1}},"categoryIds":["c-health-beauty"],"similarProducts":[]},{"id":"revlon-kiss-glow-bouncy-beige-lip-oil","name":"Kiss Glow Bouncy Beige Lip Oil","brand":"Revlon","imageUrls":["https://shop.coles.com.au/wcsstore/Coles-CAS/images/3/6/9/3695576.jpg"],"storeId":"coles","packageSize":"6mL","cupPrice":"$16.67 per 10mL","locations":{"SA":{"price":10,"discountRate":50,"promo":"","orgPrice":20},"QLD":{"price":10,"discountRate":50,"promo":"","orgPrice":20},"NSW":{"price":10,"discountRate":50,"promo":"","orgPrice":20},"WA":{"price":10,"discountRate":50,"promo":"","orgPrice":20},"TAS":{"price":10,"discountRate":50,"promo":"","orgPrice":20},"ACT":{"price":10,"discountRate":50,"promo":"","orgPrice":20},"NT":{"price":10.5,"discountRate":50,"promo":"","orgPrice":21}},"categoryIds":["c-health-beauty"],"similarProducts":[]},{"id":"revlon-so-fierce-eye-liner-vinyl-mighty-mocha","name":"So Fierce Eye Liner Vinyl Mighty Mocha","brand":"Revlon","imageUrls":["https://shop.coles.com.au/wcsstore/Coles-CAS/images/3/6/9/3695420.jpg"],"storeId":"coles","packageSize":"1.2g","cupPrice":"$100.00 per 10G","locations":{"SA":{"price":12,"discountRate":50,"promo":"","orgPrice":24},"QLD":{"price":12,"discountRate":50,"promo":"","orgPrice":24},"NSW":{"price":12,"discountRate":50,"promo":"","orgPrice":24},"ACT":{"price":12,"discountRate":50,"promo":"","orgPrice":24}},"categoryIds":["c-health-beauty"],"similarProducts":[]},{"id":"revlon-so-fierce-eye-liner-midnight-mystery","name":"So Fierce Eye Liner Midnight Mystery","brand":"Revlon","imageUrls":["https://shop.coles.com.au/wcsstore/Coles-CAS/images/3/6/9/3695383.jpg"],"storeId":"coles","packageSize":"1.2g","cupPrice":"$100.00 per 10G","locations":{"SA":{"price":12,"discountRate":50,"promo":"","orgPrice":24},"QLD":{"price":12,"discountRate":50,"promo":"","orgPrice":24},"NSW":{"price":12,"discountRate":50,"promo":"","orgPrice":24},"ACT":{"price":12,"discountRate":50,"promo":"","orgPrice":24}},"categoryIds":["c-health-beauty"],"similarProducts":[]},{"id":"revlon-skinlights-glimmer-prismatic-highlighter","name":"Skinlights Glimmer Prismatic Highlighter","brand":"Revlon","imageUrls":["https://shop.coles.com.au/wcsstore/Coles-CAS/images/3/6/9/3695612.jpg"],"storeId":"coles","packageSize":"8g","cupPrice":"$15.63 per 10G","locations":{"SA":{"price":12.5,"discountRate":50,"promo":"","orgPrice":25},"QLD":{"price":12.5,"discountRate":50,"promo":"","orgPrice":25},"NSW":{"price":12.5,"discountRate":50,"promo":"","orgPrice":25},"ACT":{"price":12.5,"discountRate":50,"promo":"","orgPrice":25}},"categoryIds":["c-health-beauty"],"similarProducts":[]},{"id":"revlon-colorstay-soft-blonde-brow-pencil","name":"Colorstay Soft Blonde Brow Pencil","brand":"Revlon","imageUrls":["https://shop.coles.com.au/wcsstore/Coles-CAS/images/3/6/9/3695496.jpg"],"storeId":"coles","packageSize":".35g","cupPrice":"$328.57 per 10G","locations":{"SA":{"price":11.5,"discountRate":50,"promo":"","orgPrice":23},"QLD":{"price":11.5,"discountRate":50,"promo":"","orgPrice":23},"NSW":{"price":11.5,"discountRate":50,"promo":"","orgPrice":23},"WA":{"price":11.5,"discountRate":50,"promo":"","orgPrice":23},"TAS":{"price":11.5,"discountRate":50,"promo":"","orgPrice":23},"ACT":{"price":11.5,"discountRate":50,"promo":"","orgPrice":23},"NT":{"price":12.07,"discountRate":50,"promo":"","orgPrice":24.15}},"categoryIds":["c-health-beauty"],"similarProducts":[]},{"id":"revlon-photoready-primer-mattifying-pore-reducing","name":"Photoready Mattifying Pore Reducing Primer","brand":"Revlon","imageUrls":["https://shop.coles.com.au/wcsstore/Coles-CAS/images/3/6/9/3695598.jpg"],"storeId":"coles","packageSize":"30mL","cupPrice":"$5.00 per 10mL","locations":{"SA":{"price":15,"discountRate":50,"promo":"","orgPrice":30},"QLD":{"price":15,"discountRate":50,"promo":"","orgPrice":30},"NSW":{"price":15,"discountRate":50,"promo":"","orgPrice":30},"WA":{"price":15,"discountRate":50,"promo":"","orgPrice":30},"TAS":{"price":15,"discountRate":50,"promo":"","orgPrice":30},"ACT":{"price":15,"discountRate":50,"promo":"","orgPrice":30},"NT":{"price":15.75,"discountRate":50,"promo":"","orgPrice":31.5}},"categoryIds":["c-health-beauty"],"similarProducts":[]},{"id":"schick-hydro-sense-hydrate-kit","name":"Hydro 5 Sense Hydrate Kit","brand":"Schick","imageUrls":["https://shop.coles.com.au/wcsstore/Coles-CAS/images/3/3/6/3365731.jpg"],"storeId":"coles","packageSize":"1 pack","cupPrice":"$8.00 per 1Ea","locations":{"SA":{"price":8,"discountRate":50,"promo":"","orgPrice":16},"QLD":{"price":8,"discountRate":50,"promo":"","orgPrice":16},"NSW":{"price":8,"discountRate":50,"promo":"","orgPrice":16},"WA":{"price":8,"discountRate":50,"promo":"","orgPrice":16},"TAS":{"price":8,"discountRate":50,"promo":"","orgPrice":16},"ACT":{"price":8,"discountRate":50,"promo":"","orgPrice":16},"NT":{"price":8.4,"discountRate":50,"promo":"","orgPrice":16.8}},"categoryIds":["c-health-beauty"],"similarProducts":[]},{"id":"schwarzkopf-specialist-3-0-imperial-brown","name":"Colour Specialist Imperial Brown 3.0 Hair Colour","brand":"Schwarzkopf","imageUrls":["https://shop.coles.com.au/wcsstore/Coles-CAS/images/3/2/7/3279378.jpg"],"storeId":"coles","packageSize":"1 pack","cupPrice":"$9.50 per 1Ea","locations":{"SA":{"price":9.5,"discountRate":50,"promo":"","orgPrice":19},"QLD":{"price":9.5,"discountRate":50,"promo":"","orgPrice":19},"NSW":{"price":9.5,"discountRate":50,"promo":"","orgPrice":19},"WA":{"price":9.5,"discountRate":50,"promo":"","orgPrice":19},"TAS":{"price":9.5,"discountRate":50,"promo":"","orgPrice":19},"ACT":{"price":9.5,"discountRate":50,"promo":"","orgPrice":19},"NT":{"price":9.97,"discountRate":50,"promo":"","orgPrice":19.950000000000003}},"categoryIds":["c-health-beauty"],"similarProducts":[]},{"id":"schwarzkopf-specialist-5-1-cool-light-brown","name":"Colour Specialist 5-1 Cool Light Brown","brand":"Schwarzkopf","imageUrls":["https://shop.coles.com.au/wcsstore/Coles-CAS/images/3/2/7/3279367.jpg"],"storeId":"coles","packageSize":"1 pack","cupPrice":"$9.50 per 1Ea","locations":{"SA":{"price":9.5,"discountRate":50,"promo":"","orgPrice":19},"QLD":{"price":9.5,"discountRate":50,"promo":"","orgPrice":19},"NSW":{"price":9.5,"discountRate":50,"promo":"","orgPrice":19},"WA":{"price":9.5,"discountRate":50,"promo":"","orgPrice":19},"TAS":{"price":9.5,"discountRate":50,"promo":"","orgPrice":19},"ACT":{"price":9.5,"discountRate":50,"promo":"","orgPrice":19},"NT":{"price":9.97,"discountRate":50,"promo":"","orgPrice":19.950000000000003}},"categoryIds":["c-health-beauty"],"similarProducts":[]},{"id":"schwarzkopf-specialist-8-1-cool-light-blonde","name":"Colour Specialist 8.1 Cool Light Blonde Hair Colour","brand":"Schwarzkopf","imageUrls":["https://shop.coles.com.au/wcsstore/Coles-CAS/images/3/2/6/3267539.jpg"],"storeId":"coles","packageSize":"1 pack","cupPrice":"$9.50 per 1Ea","locations":{"SA":{"price":9.5,"discountRate":50,"promo":"","orgPrice":19},"QLD":{"price":9.5,"discountRate":50,"promo":"","orgPrice":19},"NSW":{"price":9.5,"discountRate":50,"promo":"","orgPrice":19},"WA":{"price":9.5,"discountRate":50,"promo":"","orgPrice":19},"ACT":{"price":9.5,"discountRate":50,"promo":"","orgPrice":19},"NT":{"price":9.97,"discountRate":50,"promo":"","orgPrice":19.950000000000003}},"categoryIds":["c-health-beauty"],"similarProducts":[]},{"id":"schwarzkopf-specialist-5-65-chocolate-brown","name":"Colour Specialist 5.65 Chocolate Brown Hair Colour","brand":"Schwarzkopf","imageUrls":["https://shop.coles.com.au/wcsstore/Coles-CAS/images/3/2/6/3267481.jpg"],"storeId":"coles","packageSize":"1 pack","cupPrice":"$9.50 per 1Ea","locations":{"SA":{"price":9.5,"discountRate":50,"promo":"","orgPrice":19},"QLD":{"price":9.5,"discountRate":50,"promo":"","orgPrice":19},"NSW":{"price":9.5,"discountRate":50,"promo":"","orgPrice":19},"WA":{"price":9.5,"discountRate":50,"promo":"","orgPrice":19},"TAS":{"price":9.5,"discountRate":50,"promo":"","orgPrice":19},"ACT":{"price":9.5,"discountRate":50,"promo":"","orgPrice":19},"NT":{"price":9.97,"discountRate":50,"promo":"","orgPrice":19.950000000000003}},"categoryIds":["c-health-beauty"],"similarProducts":[]},{"id":"sunsilk-shampoo-longer-stronger","name":"Longer & Stronger Shampoo","brand":"Sunsilk","imageUrls":["https://shop.coles.com.au/wcsstore/Coles-CAS/images/7/5/4/7547887.jpg"],"storeId":"coles","packageSize":"350mL","cupPrice":"$0.79 per 100mL","locations":{"SA":{"price":2.75,"discountRate":50,"promo":"","orgPrice":5.5},"QLD":{"price":2.75,"discountRate":50,"promo":"","orgPrice":5.5},"NSW":{"price":2.75,"discountRate":50,"promo":"","orgPrice":5.5},"WA":{"price":2.75,"discountRate":50,"promo":"","orgPrice":5.5},"TAS":{"price":2.75,"discountRate":50,"promo":"","orgPrice":5.5},"ACT":{"price":2.75,"discountRate":50,"promo":"","orgPrice":5.5},"NT":{"price":2.89,"discountRate":50,"promo":"","orgPrice":5.78}},"categoryIds":["c-health-beauty"],"similarProducts":[]},{"id":"sunsilk-refreshing-hydration-conditioner-1854293p","name":"Refreshing Hydration Conditioner","brand":"Sunsilk","imageUrls":["https://shop.coles.com.au/wcsstore/Coles-CAS/images/1/8/5/1854293.jpg"],"storeId":"coles","packageSize":"700mL","cupPrice":"$0.71 per 100mL","locations":{"SA":{"price":5,"discountRate":50,"promo":"","orgPrice":10},"QLD":{"price":5,"discountRate":50,"promo":"","orgPrice":10},"NSW":{"price":5,"discountRate":50,"promo":"","orgPrice":10},"WA":{"price":5,"discountRate":50,"promo":"","orgPrice":10},"TAS":{"price":5,"discountRate":50,"promo":"","orgPrice":10},"ACT":{"price":5,"discountRate":50,"promo":"","orgPrice":10},"NT":{"price":5.25,"discountRate":50,"promo":"","orgPrice":10.5}},"categoryIds":["c-health-beauty"],"similarProducts":[]},{"id":"sunsilk--soft-smooth-shampoo","name":"Soft & Smooth Shampoo","brand":"Sunsilk","imageUrls":["https://shop.coles.com.au/wcsstore/Coles-CAS/images/2/6/7/2672214.jpg"],"storeId":"coles","packageSize":"700mL","cupPrice":"$0.71 per 100mL","locations":{"SA":{"price":5,"discountRate":50,"promo":"","orgPrice":10},"QLD":{"price":5,"discountRate":50,"promo":"","orgPrice":10},"NSW":{"price":5,"discountRate":50,"promo":"","orgPrice":10},"WA":{"price":5,"discountRate":50,"promo":"","orgPrice":10},"TAS":{"price":5,"discountRate":50,"promo":"","orgPrice":10},"ACT":{"price":5,"discountRate":50,"promo":"","orgPrice":10},"NT":{"price":5.25,"discountRate":50,"promo":"","orgPrice":10.5}},"categoryIds":["c-health-beauty"],"similarProducts":[]},{"id":"sunsilk-conditioner-soft-smooth","name":"Soft & Smooth Conditioner","brand":"Sunsilk","imageUrls":["https://shop.coles.com.au/wcsstore/Coles-CAS/images/2/6/7/2671878.jpg"],"storeId":"coles","packageSize":"700mL","cupPrice":"$0.71 per 100mL","locations":{"SA":{"price":5,"discountRate":50,"promo":"","orgPrice":10},"QLD":{"price":5,"discountRate":50,"promo":"","orgPrice":10},"NSW":{"price":5,"discountRate":50,"promo":"","orgPrice":10},"WA":{"price":5,"discountRate":50,"promo":"","orgPrice":10},"TAS":{"price":5,"discountRate":50,"promo":"","orgPrice":10},"ACT":{"price":5,"discountRate":50,"promo":"","orgPrice":10},"NT":{"price":5.25,"discountRate":50,"promo":"","orgPrice":10.5}},"categoryIds":["c-health-beauty"],"similarProducts":[]},{"id":"sunsilk-conditioner-longer-stronger-7548948p","name":"Longer & Stronger Conditioner","brand":"Sunsilk","imageUrls":["https://shop.coles.com.au/wcsstore/Coles-CAS/images/7/5/4/7548948.jpg"],"storeId":"coles","packageSize":"350mL","cupPrice":"$0.79 per 100mL","locations":{"SA":{"price":2.75,"discountRate":50,"promo":"","orgPrice":5.5},"QLD":{"price":2.75,"discountRate":50,"promo":"","orgPrice":5.5},"NSW":{"price":2.75,"discountRate":50,"promo":"","orgPrice":5.5},"WA":{"price":2.75,"discountRate":50,"promo":"","orgPrice":5.5},"TAS":{"price":2.75,"discountRate":50,"promo":"","orgPrice":5.5},"ACT":{"price":2.75,"discountRate":50,"promo":"","orgPrice":5.5},"NT":{"price":2.89,"discountRate":50,"promo":"","orgPrice":5.78}},"categoryIds":["c-health-beauty"],"similarProducts":[]},{"id":"green-blacks-crisps-salted-caramel-almond","name":"Salted Caramel & Almonds Dark Chocolate Crisps","brand":"Green & Black's","imageUrls":["https://shop.coles.com.au/wcsstore/Coles-CAS/images/3/5/3/3532403.jpg"],"storeId":"coles","packageSize":"120g","cupPrice":"$2.29 per 100G","locations":{"QLD":{"price":2.75,"discountRate":50,"promo":"","orgPrice":5.5},"NSW":{"price":2.75,"discountRate":50,"promo":"","orgPrice":5.5},"WA":{"price":2.75,"discountRate":50,"promo":"","orgPrice":5.5},"ACT":{"price":2.75,"discountRate":50,"promo":"","orgPrice":5.5}},"categoryIds":["c-pantry"],"similarProducts":[]},{"id":"green-blacks-crisps-raisin-hazelnut","name":"Raisin & Hazelnuts Dark Chocolate Crisps","brand":"Green & Black's","imageUrls":["https://shop.coles.com.au/wcsstore/Coles-CAS/images/3/5/3/3532414.jpg"],"storeId":"coles","packageSize":"120g","cupPrice":"$2.29 per 100G","locations":{"QLD":{"price":2.75,"discountRate":50,"promo":"","orgPrice":5.5},"NSW":{"price":2.75,"discountRate":50,"promo":"","orgPrice":5.5},"TAS":{"price":2.75,"discountRate":50,"promo":"","orgPrice":5.5},"ACT":{"price":2.75,"discountRate":50,"promo":"","orgPrice":5.5}},"categoryIds":["c-pantry"],"similarProducts":[]},{"id":"swisse-kids-immune-health-60-tablets","name":"Natural Apple Flavour Kids Immune Health Chewable Tablets","brand":"Swisse","imageUrls":["https://shop.coles.com.au/wcsstore/Coles-CAS/images/3/6/2/3626347.jpg"],"storeId":"coles","packageSize":"60 pack","cupPrice":"$0.21 per 1Ea","locations":{"QLD":{"price":12.5,"discountRate":50,"promo":"","orgPrice":25},"NSW":{"price":12.5,"discountRate":50,"promo":"","orgPrice":25},"NT":{"price":13.12,"discountRate":50,"promo":"","orgPrice":26.25}},"categoryIds":["c-healthy-living","c-health-beauty"],"similarProducts":[]},{"id":"swisse-vitamins-ultivite-tablets-childrens-9120362p","name":"Children's Ultivite Multi Vitamin Tablets","brand":"Swisse","imageUrls":["https://shop.coles.com.au/wcsstore/Coles-CAS/images/9/1/2/9120362.jpg"],"storeId":"coles","packageSize":"120 pack","cupPrice":"$8.33 per 100Ea","locations":{"QLD":{"price":10,"discountRate":50,"promo":"","orgPrice":20},"NSW":{"price":10,"discountRate":50,"promo":"","orgPrice":20},"NT":{"price":10.5,"discountRate":48,"promo":"","orgPrice":20}},"categoryIds":["c-healthy-living","c-health-beauty"],"similarProducts":[]},{"id":"swisse-ultiboost-vita-c-effervescent-tabs","name":"Ultiboost Vitamin C 1000mg Strawberry 60 Effervescent Tablets","brand":"Swisse","imageUrls":["https://shop.coles.com.au/wcsstore/Coles-CAS/images/9/1/2/9120464.jpg"],"storeId":"coles","packageSize":"1 pack","cupPrice":"$15.00 per 1Ea","locations":{"QLD":{"price":15,"discountRate":50,"promo":"","orgPrice":30},"NSW":{"price":15,"discountRate":50,"promo":"","orgPrice":30},"ACT":{"price":15,"discountRate":50,"promo":"","orgPrice":30},"NT":{"price":15.75,"discountRate":48,"promo":"","orgPrice":30}},"categoryIds":["c-healthy-living","c-health-beauty"],"similarProducts":[]},{"id":"swisse-kids-fish-oil-60-capsules","name":"Natural Orange Flavour Kids Fish Oil Chewable Capsules","brand":"Swisse","imageUrls":["https://shop.coles.com.au/wcsstore/Coles-CAS/images/3/6/2/3626325.jpg"],"storeId":"coles","packageSize":"1 pack","cupPrice":"$0.21 per 1Ea","locations":{"QLD":{"price":12.5,"discountRate":50,"promo":"","orgPrice":25},"NSW":{"price":12.5,"discountRate":50,"promo":"","orgPrice":25},"NT":{"price":13.12,"discountRate":50,"promo":"","orgPrice":26.25}},"categoryIds":["c-healthy-living","c-health-beauty"],"similarProducts":[]},{"id":"swisse-vitamins-ultiboost-tablets-wild-fish-oil-odourless","name":"Odourless Wild Fish Oil 1000mg Omega 3 200 Capsules","brand":"Swisse","imageUrls":["https://shop.coles.com.au/wcsstore/Coles-CAS/images/7/3/3/7336702.jpg"],"storeId":"coles","packageSize":"1 pack","cupPrice":"$11.50 per 1Ea","locations":{"QLD":{"price":11.5,"discountRate":50,"promo":"","orgPrice":23},"NSW":{"price":11.5,"discountRate":50,"promo":"","orgPrice":23},"ACT":{"price":11.5,"discountRate":50,"promo":"","orgPrice":23},"NT":{"price":11.5,"discountRate":50,"promo":"","orgPrice":23}},"categoryIds":["c-healthy-living","c-health-beauty"],"similarProducts":[]},{"id":"swisse-kids-brain-health-dha-30-caplets","name":"Kids Brain Health DHA+ Chewable Capsules","brand":"Swisse","imageUrls":["https://shop.coles.com.au/wcsstore/Coles-CAS/images/3/6/2/3626358.jpg"],"storeId":"coles","packageSize":"30 pack","cupPrice":"$0.42 per 1Ea","locations":{"QLD":{"price":12.5,"discountRate":50,"promo":"","orgPrice":25},"NSW":{"price":12.5,"discountRate":50,"promo":"","orgPrice":25},"ACT":{"price":12.5,"discountRate":50,"promo":"","orgPrice":25},"NT":{"price":13.12,"discountRate":50,"promo":"","orgPrice":26.25}},"categoryIds":["c-healthy-living","c-health-beauty"],"similarProducts":[]},{"id":"swisse-uv-multivitamin-effervescent-tablets","name":"UV Multivitamin Effervescent","brand":"Swisse","imageUrls":["https://shop.coles.com.au/wcsstore/Coles-CAS/images/3/7/5/3758348.jpg"],"storeId":"coles","packageSize":"20 PACK","cupPrice":"","locations":{"QLD":{"price":6.5,"discountRate":50,"promo":"","orgPrice":13},"NSW":{"price":6.5,"discountRate":50,"promo":"","orgPrice":13},"ACT":{"price":6.5,"discountRate":50,"promo":"","orgPrice":13},"NT":{"price":6.82,"discountRate":50,"promo":"","orgPrice":13.65}},"categoryIds":["c-healthy-living","c-health-beauty"],"similarProducts":[]},{"id":"vitaqik-liposomal-d3-k2-spray","name":"Liposomal D3 & K2 Spray","brand":"Vitaqik","imageUrls":["https://shop.coles.com.au/wcsstore/Coles-CAS/images/3/7/5/3758166.jpg"],"storeId":"coles","packageSize":"50mL","cupPrice":"$20.00 per 100mL","locations":{"QLD":{"price":10,"discountRate":50,"promo":"","orgPrice":20},"NSW":{"price":10,"discountRate":50,"promo":"","orgPrice":20},"ACT":{"price":10,"discountRate":50,"promo":"","orgPrice":20},"NT":{"price":10.5,"discountRate":50,"promo":"","orgPrice":21}},"categoryIds":["c-healthy-living","c-health-beauty"],"similarProducts":[]},{"id":"vitaqik-liposomal-vitamin-b12-3758155p","name":"Liposomal Vitamin B12","brand":"Vitaqik","imageUrls":["https://shop.coles.com.au/wcsstore/Coles-CAS/images/3/7/5/3758155.jpg"],"storeId":"coles","packageSize":"50mL","cupPrice":"$20.00 per 100mL","locations":{"QLD":{"price":10,"discountRate":50,"promo":"","orgPrice":20},"NSW":{"price":10,"discountRate":50,"promo":"","orgPrice":20},"ACT":{"price":10,"discountRate":50,"promo":"","orgPrice":20},"NT":{"price":10.5,"discountRate":50,"promo":"","orgPrice":21}},"categoryIds":["c-healthy-living","c-health-beauty"],"similarProducts":[]},{"id":"smash-wetsuit-pencil-case-large","name":"Wetsuit Pencil Case Large","brand":"Smash","imageUrls":["https://shop.coles.com.au/wcsstore/Coles-CAS/images/3/1/8/3187848.jpg"],"storeId":"coles","packageSize":"","cupPrice":"$3.50 per 1Ea","locations":{"QLD":{"price":3.5,"discountRate":50,"promo":"","orgPrice":7},"NSW":{"price":3.5,"discountRate":50,"promo":"","orgPrice":7},"WA":{"price":3.5,"discountRate":50,"promo":"","orgPrice":7},"ACT":{"price":3.5,"discountRate":50,"promo":"","orgPrice":7},"NT":{"price":3.5,"discountRate":50,"promo":"","orgPrice":7}},"categoryIds":["c-household"],"similarProducts":[]},{"id":"schick-intuition-fab-refill","name":"Intuition F.A.B Refill","brand":"Schick","imageUrls":["https://shop.coles.com.au/wcsstore/Coles-CAS/images/3/2/3/3236014.jpg"],"storeId":"coles","packageSize":"3 pack","cupPrice":"$2.67 per 1Ea","locations":{"QLD":{"price":8,"discountRate":50,"promo":"","orgPrice":16},"NSW":{"price":8,"discountRate":50,"promo":"","orgPrice":16},"TAS":{"price":8,"discountRate":50,"promo":"","orgPrice":16},"ACT":{"price":8,"discountRate":50,"promo":"","orgPrice":16},"NT":{"price":8.4,"discountRate":50,"promo":"","orgPrice":16.8}},"categoryIds":["c-health-beauty"],"similarProducts":[]},{"id":"loreal-elnett-hairspray-flexible-hold","name":"Paris Elnett Flexible Hold Hairspray","brand":"L'Oreal","imageUrls":["https://shop.coles.com.au/wcsstore/Coles-CAS/images/3/5/3/3536313.jpg"],"storeId":"coles","packageSize":"75mL","cupPrice":"$3.33 per 100mL","locations":{"QLD":{"price":2.5,"discountRate":50,"promo":"","orgPrice":5},"NSW":{"price":2.5,"discountRate":50,"promo":"","orgPrice":5},"TAS":{"price":2.5,"discountRate":50,"promo":"","orgPrice":5},"NT":{"price":2.62,"discountRate":50,"promo":"","orgPrice":5.25}},"categoryIds":["c-health-beauty"],"similarProducts":[]},{"id":"schick-intuition-fab-kit-1","name":"Intuition F.A.B Razor + 2 Blades Kit","brand":"Schick","imageUrls":["https://shop.coles.com.au/wcsstore/Coles-CAS/images/3/2/3/3236003.jpg"],"storeId":"coles","packageSize":"1 pack","cupPrice":"$8.00 per 1Ea","locations":{"QLD":{"price":8,"discountRate":50,"promo":"","orgPrice":16},"NSW":{"price":8,"discountRate":50,"promo":"","orgPrice":16},"TAS":{"price":8,"discountRate":50,"promo":"","orgPrice":16},"ACT":{"price":8,"discountRate":50,"promo":"","orgPrice":16},"NT":{"price":8.4,"discountRate":50,"promo":"","orgPrice":16.8}},"categoryIds":["c-health-beauty"],"similarProducts":[]},{"id":"swisse-kids-bone-health-60-tablets","name":"Natural Vanilla Flavour Kids Bone Health Chewable Tablets","brand":"Swisse","imageUrls":["https://shop.coles.com.au/wcsstore/Coles-CAS/images/3/6/2/3626314.jpg"],"storeId":"coles","packageSize":"60 pack","cupPrice":"$0.21 per 1Ea","locations":{"QLD":{"price":12.5,"discountRate":50,"promo":"","orgPrice":25},"NSW":{"price":12.5,"discountRate":50,"promo":"","orgPrice":25},"ACT":{"price":12.5,"discountRate":50,"promo":"","orgPrice":25},"NT":{"price":13.12,"discountRate":50,"promo":"","orgPrice":26.25}},"categoryIds":["c-health-beauty"],"similarProducts":[]},{"id":"smash-basic-lunch-bag","name":"Basic Lunch Bag","brand":"Smash","imageUrls":["https://shop.coles.com.au/wcsstore/Coles-CAS/images/4/6/5/4659090.jpg"],"storeId":"coles","packageSize":"","cupPrice":"$4.32 per 1ea","locations":{"NSW":{"price":4.32,"discountRate":50,"promo":"","orgPrice":8.65}},"categoryIds":["c-back-to-school","c-household"],"similarProducts":[]},{"id":"chobani-yoghurt-flip-lemon-meringue-pie-3246685p","name":"Flip Lemon Meringue Tang Yoghurt","brand":"Chobani","imageUrls":["https://shop.coles.com.au/wcsstore/Coles-CAS/images/3/2/4/3246685.jpg"],"storeId":"coles","packageSize":"140g","cupPrice":"$1.07 per 100G","locations":{"NSW":{"price":1.5,"discountRate":50,"promo":"","orgPrice":3},"WA":{"price":1.5,"discountRate":50,"promo":"","orgPrice":3},"ACT":{"price":1.5,"discountRate":50,"promo":"","orgPrice":3},"NT":{"price":1.5,"discountRate":54,"promo":"","orgPrice":3.24}},"categoryIds":["c-dairy-eggs-meals"],"similarProducts":[]},{"id":"chobani-flip-choc-haze-craze-yoghurt","name":"Flip Chocolate Haze Craze Yoghurt","brand":"Chobani","imageUrls":["https://shop.coles.com.au/wcsstore/Coles-CAS/images/2/9/7/2975012.jpg"],"storeId":"coles","packageSize":"140g","cupPrice":"$1.07 per 100G","locations":{"NSW":{"price":1.5,"discountRate":50,"promo":"","orgPrice":3}},"categoryIds":["c-dairy-eggs-meals"],"similarProducts":[]},{"id":"thins-potato-chips-tzatziki","name":"Tzatziki Potato Chips","brand":"Thins","imageUrls":["https://shop.coles.com.au/wcsstore/Coles-CAS/images/3/7/1/3715662.jpg"],"storeId":"coles","packageSize":"150g","cupPrice":"$1.17 per 100G","locations":{"NSW":{"price":1.75,"discountRate":50,"promo":"","orgPrice":3.5}},"categoryIds":["c-pantry"],"similarProducts":[]},{"id":"doritos-corn-chips-wonder-woman","name":"Wonder Woman Corn Chips","brand":"Doritos","imageUrls":["https://shop.coles.com.au/wcsstore/Coles-CAS/images/3/7/8/3789013.jpg"],"storeId":"coles","packageSize":"150g","cupPrice":"$1.17 per 100G","locations":{"NSW":{"price":1.75,"discountRate":50,"promo":"","orgPrice":3.5},"WA":{"price":1.75,"discountRate":50,"promo":"","orgPrice":3.5}},"categoryIds":["c-pantry"],"similarProducts":[]},{"id":"nexba-tonic-water-cans-lime-cucumber-mint","name":"Lime Cucumber Mint Tonic Water Cans 250mL","brand":"Nexba","imageUrls":["https://shop.coles.com.au/wcsstore/Coles-CAS/images/3/7/1/3714273.jpg"],"storeId":"coles","packageSize":"4 pack","cupPrice":"$2.97 per 1L","locations":{"NSW":{"price":2.97,"discountRate":50,"promo":"","orgPrice":5.95},"TAS":{"price":2.7,"discountRate":50,"promo":"","orgPrice":5.4},"ACT":{"price":2.97,"discountRate":50,"promo":"","orgPrice":5.95}},"categoryIds":["c-drinks"],"similarProducts":[]},{"id":"loacker-quadratini-hazelnut","name":"Quadratini Napolitaner Bite Size Wafer Cookies","brand":"Loacker","imageUrls":["https://shop.coles.com.au/wcsstore/Coles-CAS/images/9/7/3/9732289.jpg"],"storeId":"coles","packageSize":"125g","cupPrice":"$1.10 per 100G","locations":{"NSW":{"price":1.37,"discountRate":50,"promo":"","orgPrice":2.75}},"categoryIds":["c-international-foods"],"similarProducts":[]},{"id":"loacker-quadratini-chocolate-wafers","name":"Quadratini Bite Size Wafers Chocolate","brand":"Loacker","imageUrls":["https://shop.coles.com.au/wcsstore/Coles-CAS/images/5/3/1/5312408.jpg"],"storeId":"coles","packageSize":"150g","cupPrice":"$0.91 per 100G","locations":{"NSW":{"price":1.37,"discountRate":50,"promo":"","orgPrice":2.75}},"categoryIds":["c-international-foods"],"similarProducts":[]},{"id":"loacker-quadratini-tiramisu-wafers","name":"Quadratini Tiramisu Wafers","brand":"Loacker","imageUrls":["https://shop.coles.com.au/wcsstore/Coles-CAS/images/7/1/8/7184740.jpg"],"storeId":"coles","packageSize":"110g","cupPrice":"$1.25 per 100G","locations":{"NSW":{"price":1.37,"discountRate":50,"promo":"","orgPrice":2.75}},"categoryIds":["c-international-foods"],"similarProducts":[]},{"id":"kedem-juice-grape-concord-7477668p","name":"Concord Grape Juice","brand":"Kedem","imageUrls":["https://shop.coles.com.au/wcsstore/Coles-CAS/images/7/4/7/7477668.jpg"],"storeId":"coles","packageSize":"2.84L","cupPrice":"$1.76 per 1L","locations":{"NSW":{"price":5,"discountRate":65,"promo":"","orgPrice":14.4}},"categoryIds":["c-international-foods"],"similarProducts":[]},{"id":"smash-driver-tumbler-560ml","name":"Driver Tumbler 560mL","brand":"Smash","imageUrls":["https://shop.coles.com.au/wcsstore/Coles-CAS/images/3/3/8/3380597.jpg"],"storeId":"coles","packageSize":"","cupPrice":"$7.00 per 1Ea","locations":{"NSW":{"price":7,"discountRate":50,"promo":"","orgPrice":14}},"categoryIds":["c-household"],"similarProducts":[]},{"id":"wif-fix-air-freshener-with-bite","name":"With Bite Air Freshener","brand":"Wif-Fix","imageUrls":["https://shop.coles.com.au/wcsstore/Coles-CAS/images/8/7/0/8706738.jpg"],"storeId":"coles","packageSize":"1 pack","cupPrice":"$0.61 per 1ea","locations":{"NSW":{"price":0.61,"discountRate":75,"promo":"","orgPrice":2.45}},"categoryIds":["c-household"],"similarProducts":[]},{"id":"smash-adventure-food-flask-330ml","name":"Adventure Food Flask 330mL","brand":"Smash","imageUrls":["https://shop.coles.com.au/wcsstore/Coles-CAS/images/3/3/8/3380633.jpg"],"storeId":"coles","packageSize":"","cupPrice":"$10.00 per 1Ea","locations":{"NSW":{"price":10,"discountRate":50,"promo":"","orgPrice":20}},"categoryIds":["c-household"],"similarProducts":[]},{"id":"smash-twin-wall-glass-infuser-400ml","name":"Twin Wall Glass Infuser 400mL","brand":"Smash","imageUrls":["https://shop.coles.com.au/wcsstore/Coles-CAS/images/3/3/8/3380600.jpg"],"storeId":"coles","packageSize":"","cupPrice":"$7.50 per 1Ea","locations":{"NSW":{"price":7.5,"discountRate":50,"promo":"","orgPrice":15}},"categoryIds":["c-household"],"similarProducts":[]},{"id":"nude-food-lunch-box-7287120p","name":"Rubbish Free Lunch Box","brand":"Nude Food Movers","imageUrls":["https://shop.coles.com.au/wcsstore/Coles-CAS/images/7/2/8/7287120.jpg"],"storeId":"coles","packageSize":"","cupPrice":"","locations":{"NSW":{"price":7.1,"discountRate":50,"promo":"","orgPrice":14.2}},"categoryIds":["c-household"],"similarProducts":[]},{"id":"smash-lunch-cold-box","name":"Cold Box","brand":"Smash","imageUrls":["https://shop.coles.com.au/wcsstore/ColesResponsiveStorefrontAssetStore/dist/ccfc54aed6e361b650bcf0582f7b576b/img/img_product-placeholder.png"],"storeId":"coles","packageSize":"","cupPrice":"$5.45 per 1Ea","locations":{"NSW":{"price":5.45,"discountRate":50,"promo":"","orgPrice":10.9}},"categoryIds":["c-household"],"similarProducts":[]},{"id":"smash-lunch-bowl","name":"Lunch Bowl","brand":"Smash","imageUrls":["https://shop.coles.com.au/wcsstore/ColesResponsiveStorefrontAssetStore/dist/ccfc54aed6e361b650bcf0582f7b576b/img/img_product-placeholder.png"],"storeId":"coles","packageSize":"","cupPrice":"$4.00 per 1Ea","locations":{"NSW":{"price":4,"discountRate":50,"promo":"","orgPrice":8}},"categoryIds":["c-household"],"similarProducts":[]},{"id":"smash-name-pencil-case-small","name":"Name Pencil Case","brand":"Smash","imageUrls":["https://shop.coles.com.au/wcsstore/Coles-CAS/images/3/1/8/3187870.jpg"],"storeId":"coles","packageSize":"","cupPrice":"$1.50 per 1Ea","locations":{"NSW":{"price":1.5,"discountRate":50,"promo":"","orgPrice":3},"ACT":{"price":1.5,"discountRate":50,"promo":"","orgPrice":3}},"categoryIds":["c-household"],"similarProducts":[]},{"id":"revlon-colorstay-buff-make-up-combination","name":"Colorstay Makeup For Combination/Oily Skin Buff Foundation","brand":"Revlon","imageUrls":["https://shop.coles.com.au/wcsstore/Coles-CAS/images/3/0/1/3019639.jpg"],"storeId":"coles","packageSize":"30mL","cupPrice":"$5.83 per 10mL","locations":{"NSW":{"price":17.5,"discountRate":50,"promo":"","orgPrice":35}},"categoryIds":["c-health-beauty"],"similarProducts":[]},{"id":"mars-celebration-bottle","name":"Celebration Bottle","brand":"Mars","imageUrls":["https://shop.coles.com.au/wcsstore/Coles-CAS/images/3/3/9/3394762.jpg"],"storeId":"coles","packageSize":"320g","cupPrice":"$3.13 per 100G","locations":{"WA":{"price":10,"discountRate":50,"promo":"","orgPrice":20}},"categoryIds":["c-entertaining-at-home","c-pantry"],"similarProducts":[]},{"id":"elmers-metallic-glitter-glue-177ml","name":"Classic Metallic Glitter Glue","brand":"Elmer's","imageUrls":["https://shop.coles.com.au/wcsstore/Coles-CAS/images/3/3/3/3330577.jpg"],"storeId":"coles","packageSize":"177mL","cupPrice":"$1.97 per 100mL","locations":{"WA":{"price":3.49,"discountRate":50,"promo":"","orgPrice":6.99},"TAS":{"price":3.49,"discountRate":50,"promo":"","orgPrice":6.99}},"categoryIds":["c-household"],"similarProducts":[]},{"id":"chobani-flip-yoghurt-mango-passion","name":"Flip Mango Passion Tango Yoghurt","brand":"Chobani","imageUrls":["https://shop.coles.com.au/wcsstore/Coles-CAS/images/3/0/8/3089827.jpg"],"storeId":"coles","packageSize":"140g","cupPrice":"$1.07 per 100G","locations":{"TAS":{"price":1.5,"discountRate":50,"promo":"","orgPrice":3},"ACT":{"price":1.5,"discountRate":50,"promo":"","orgPrice":3}},"categoryIds":["c-dairy-eggs-meals"],"similarProducts":[]},{"id":"schweppes-no-sug-10x375ml-soft-drink-lemonade","name":"Lemonade Flavoured Zero Sugar Multipack Cans 375mL","brand":"Schweppes","imageUrls":["https://shop.coles.com.au/wcsstore/Coles-CAS/images/3/4/4/3448249.jpg"],"storeId":"coles","packageSize":"10 pack","cupPrice":"$1.47 per 1L","locations":{"TAS":{"price":5.52,"discountRate":50,"promo":"","orgPrice":11.05}},"categoryIds":["c-drinks"],"similarProducts":[]},{"id":"smash-writing-pad-a4-smash-writing-pad-a4","name":"A5 Writing Pad","brand":"Smash","imageUrls":["https://shop.coles.com.au/wcsstore/Coles-CAS/images/3/1/8/3187837.jpg"],"storeId":"coles","packageSize":"","cupPrice":"$1.75 per 1Ea","locations":{"ACT":{"price":1.75,"discountRate":50,"promo":"","orgPrice":3.5}},"categoryIds":["c-household"],"similarProducts":[]},{"id":"schwarzkopf-specialist-4-54-medium-hazel-brown","name":"Colour Specialist 4.54 Medium Hazelnut Brown Hair Colour","brand":"Schwarzkopf","imageUrls":["https://shop.coles.com.au/wcsstore/Coles-CAS/images/3/2/6/3267506.jpg"],"storeId":"coles","packageSize":"1 pack","cupPrice":"$9.50 per 1Ea","locations":{"ACT":{"price":9.5,"discountRate":50,"promo":"","orgPrice":19}},"categoryIds":["c-health-beauty"],"similarProducts":[]},{"id":"colgate-adult-twister-soft-tothbrush","name":"Adult Twister Soft Toothbrush","brand":"Colgate","imageUrls":["https://shop.coles.com.au/wcsstore/ColesResponsiveStorefrontAssetStore/dist/ccfc54aed6e361b650bcf0582f7b576b/img/img_product-placeholder.png"],"storeId":"coles","packageSize":"5 PACK","cupPrice":"","locations":{"ACT":{"price":5,"discountRate":50,"promo":"","orgPrice":10}},"categoryIds":["c-health-beauty"],"similarProducts":[]},{"id":"schwarzkopf-specialist-1-0-rich-black","name":"Colour Specialist 1.0 Opulent Black Hair Colour","brand":"Schwarzkopf","imageUrls":["https://shop.coles.com.au/wcsstore/Coles-CAS/images/3/2/6/3267459.jpg"],"storeId":"coles","packageSize":"1 pack","cupPrice":"$9.50 per 1Ea","locations":{"ACT":{"price":9.5,"discountRate":50,"promo":"","orgPrice":19}},"categoryIds":["c-health-beauty"],"similarProducts":[]},{"id":"schwarzkopf-specialist-6-88-rich-ruby","name":"Colour Specialist 6.88 Rich Ruby","brand":"Schwarzkopf","imageUrls":["https://shop.coles.com.au/wcsstore/Coles-CAS/images/3/2/6/3267448.jpg"],"storeId":"coles","packageSize":"1 pack","cupPrice":"$9.50 per 1Ea","locations":{"ACT":{"price":9.5,"discountRate":50,"promo":"","orgPrice":19}},"categoryIds":["c-health-beauty"],"similarProducts":[]}],"categories":[{"id":"c-back-to-school","name":"Back To School"},{"id":"c-pantry","name":"Pantry"},{"id":"c-entertaining-at-home","name":"Entertaining at Home"},{"id":"c-bread-bakery","name":"Bread & Bakery"},{"id":"c-winter","name":"Winter"},{"id":"c-health-beauty","name":"Health & Beauty"},{"id":"c-healthy-living","name":"Healthy Living"},{"id":"c-frozen","name":"Frozen"},{"id":"c-drinks","name":"Drinks"},{"id":"c-meat-seafood-deli","name":"Meat, Seafood & Deli"},{"id":"c-dairy-eggs-meals","name":"Dairy, Eggs & Meals"},{"id":"c-international-foods","name":"International Foods"},{"id":"c-household","name":"Household"}]},"woolworths":{"products":[{"id":"w-49622-9310043003014","name":"Golden Crumpets Round","brand":"Golden","imageUrls":["https://cdn0.woolworths.media/content/wowproductimages/large/049622.jpg"],"storeId":"woolworths","packageSize":"6 pack","cupPrice":"$0.31 / 1EA","locations":{"ALL":{"price":1.85,"discountRate":50,"promo":"","orgPrice":3.7}},"categoryIds":["w-bakery"],"similarProducts":[]},{"id":"w-31560-9310043003076","name":"Golden Crumpets Round Wholemeal","brand":"Golden","imageUrls":["https://cdn0.woolworths.media/content/wowproductimages/large/031560.jpg"],"storeId":"woolworths","packageSize":"6 pack","cupPrice":"$0.31 / 1EA","locations":{"ALL":{"price":1.85,"discountRate":50,"promo":"","orgPrice":3.7}},"categoryIds":["w-bakery"],"similarProducts":[]},{"id":"w-957684-9310023142986","name":"Mighty Soft Fruit Loaf Cafe Style","brand":"Mighty Soft","imageUrls":["https://cdn0.woolworths.media/content/wowproductimages/large/957684.jpg"],"storeId":"woolworths","packageSize":"600g","cupPrice":"$0.50 / 100G","locations":{"ALL":{"price":3,"discountRate":50,"promo":"","orgPrice":6}},"categoryIds":["w-bakery"],"similarProducts":[]},{"id":"w-94244-9310023144973","name":"Mighty Soft Fruity-licious Apple Fig & Caramel Loaf","brand":"Mighty Soft","imageUrls":["https://cdn0.woolworths.media/content/wowproductimages/large/094244.jpg"],"storeId":"woolworths","packageSize":"560g","cupPrice":"$0.57 / 100G","locations":{"ALL":{"price":3.2,"discountRate":50,"promo":"","orgPrice":6.4}},"categoryIds":["w-bakery"],"similarProducts":[]},{"id":"w-94115-9310023144980","name":"Mighty Soft Fruity-licious Cranberry Raspberry & Spice Loaf","brand":"Mighty Soft","imageUrls":["https://cdn0.woolworths.media/content/wowproductimages/large/094115.jpg"],"storeId":"woolworths","packageSize":"560g","cupPrice":"$0.57 / 100G","locations":{"ALL":{"price":3.2,"discountRate":50,"promo":"","orgPrice":6.4}},"categoryIds":["w-bakery"],"similarProducts":[]},{"id":"w-738639-9310023139955","name":"Wonder White Hi Fibre Soft Wraps","brand":"Wonder","imageUrls":["https://cdn0.woolworths.media/content/wowproductimages/large/738639.jpg"],"storeId":"woolworths","packageSize":"6 pack","cupPrice":"$0.64 / 100G","locations":{"ALL":{"price":2,"discountRate":50,"promo":"","orgPrice":4}},"categoryIds":["w-bakery","w-lunch-box"],"similarProducts":[]},{"id":"w-58693-9416892400483","name":"Easiyo Greek Style Yoghurt Mix Coconut & Lime","brand":"Easiyo","imageUrls":["https://cdn0.woolworths.media/content/wowproductimages/large/058693.jpg"],"storeId":"woolworths","packageSize":"185g","cupPrice":"$1.22 / 100G","locations":{"ALL":{"price":2.25,"discountRate":50,"promo":"","orgPrice":4.5}},"categoryIds":["w-dairy-eggs-fridge"],"similarProducts":[]},{"id":"w-822128-9416892213083","name":"Easiyo Protein Yoghurt Mix Unsweetened","brand":"Easiyo","imageUrls":["https://cdn0.woolworths.media/content/wowproductimages/large/822128.jpg"],"storeId":"woolworths","packageSize":"200g","cupPrice":"$1.50 / 100G","locations":{"ALL":{"price":3,"discountRate":50,"promo":"","orgPrice":6}},"categoryIds":["w-dairy-eggs-fridge"],"similarProducts":[]},{"id":"w-822129-9416892214080","name":"Easiyo Protein Yoghurt Mix Coconut","brand":"Easiyo","imageUrls":["https://cdn0.woolworths.media/content/wowproductimages/large/822129.jpg"],"storeId":"woolworths","packageSize":"210g","cupPrice":"$1.43 / 100G","locations":{"ALL":{"price":3,"discountRate":50,"promo":"","orgPrice":6}},"categoryIds":["w-dairy-eggs-fridge"],"similarProducts":[]},{"id":"w-65693-9300650450196","name":"Philadelphia Caramilk Cream Cheese Spread","brand":"Philadelphia","imageUrls":["https://cdn0.woolworths.media/content/wowproductimages/large/065693.jpg"],"storeId":"woolworths","packageSize":"250g","cupPrice":"$9.40 / 1KG","locations":{"ALL":{"price":2.35,"discountRate":50,"promo":"","orgPrice":4.7}},"categoryIds":["w-dairy-eggs-fridge"],"similarProducts":[]},{"id":"w-62304-9344962002582","name":"So Delicious Dairy Free Cashew Yoghurt Blueberry","brand":"So Delicious","imageUrls":["https://cdn0.woolworths.media/content/wowproductimages/large/062304.jpg"],"storeId":"woolworths","packageSize":"150g","cupPrice":"$1.17 / 100G","locations":{"ALL":{"price":1.75,"discountRate":50,"promo":"","orgPrice":3.5}},"categoryIds":["w-dairy-eggs-fridge"],"similarProducts":[]},{"id":"w-62822-9344962002575","name":"So Delicious Dairy Free Cashew Yoghurt Mango Passionfruit","brand":"So Delicious","imageUrls":["https://cdn0.woolworths.media/content/wowproductimages/large/062822.jpg"],"storeId":"woolworths","packageSize":"150g","cupPrice":"$1.17 / 100G","locations":{"ALL":{"price":1.75,"discountRate":50,"promo":"","orgPrice":3.5}},"categoryIds":["w-dairy-eggs-fridge"],"similarProducts":[]},{"id":"w-61143-9344962002599","name":"So Delicious Dairy Free Cashew Yoghurt Salted Caramel","brand":"So Delicious","imageUrls":["https://cdn0.woolworths.media/content/wowproductimages/large/061143.jpg"],"storeId":"woolworths","packageSize":"150g","cupPrice":"$1.17 / 100G","locations":{"ALL":{"price":1.75,"discountRate":50,"promo":"","orgPrice":3.5}},"categoryIds":["w-dairy-eggs-fridge"],"similarProducts":[]},{"id":"w-861217-9344962002339","name":"So Delicious Almond Strawberry Yoghurt","brand":"So Delicious","imageUrls":["https://cdn0.woolworths.media/content/wowproductimages/large/861217.jpg"],"storeId":"woolworths","packageSize":"150g","cupPrice":"$1.17 / 100G","locations":{"ALL":{"price":1.75,"discountRate":50,"promo":"","orgPrice":3.5}},"categoryIds":["w-dairy-eggs-fridge"],"similarProducts":[]},{"id":"w-86558-9339454000351","name":"Wicked Sister Chocolate Panna Cotta With Salted Caramel","brand":"Wicked Sister","imageUrls":["https://cdn0.woolworths.media/content/wowproductimages/large/086558.jpg"],"storeId":"woolworths","packageSize":"2 x150g","cupPrice":"$0.70 / 100G","locations":{"ALL":{"price":2.1,"discountRate":50,"promo":"","orgPrice":4.2}},"categoryIds":["w-dairy-eggs-fridge"],"similarProducts":[]},{"id":"w-793002-9339454000207","name":"Wicked Sister Coconut Pudding","brand":"Wicked Sister","imageUrls":["https://cdn0.woolworths.media/content/wowproductimages/large/793002.jpg"],"storeId":"woolworths","packageSize":"2x170g","cupPrice":"$0.62 / 100G","locations":{"ALL":{"price":2.1,"discountRate":50,"promo":"","orgPrice":4.2}},"categoryIds":["w-dairy-eggs-fridge"],"similarProducts":[]},{"id":"w-94368-9339454000344","name":"Wicked Sister Strawberry Panna Cotta","brand":"Wicked Sister","imageUrls":["https://cdn0.woolworths.media/content/wowproductimages/large/094368.jpg"],"storeId":"woolworths","packageSize":"150g x2 pack","cupPrice":"$0.70 / 100G","locations":{"ALL":{"price":2.1,"discountRate":50,"promo":"","orgPrice":4.2}},"categoryIds":["w-dairy-eggs-fridge"],"similarProducts":[]},{"id":"w-793015-9339454000214","name":"Wicked Sister Vanilla Bean Creme Caramel","brand":"Wicked Sister","imageUrls":["https://cdn0.woolworths.media/content/wowproductimages/large/793015.jpg"],"storeId":"woolworths","packageSize":"2x150g","cupPrice":"$0.70 / 100G","locations":{"ALL":{"price":2.1,"discountRate":50,"promo":"","orgPrice":4.2}},"categoryIds":["w-dairy-eggs-fridge"],"similarProducts":[]},{"id":"w-793013-9339454000184","name":"Wicked Sister Vanilla Bean Rice Pudding","brand":"Wicked Sister","imageUrls":["https://cdn0.woolworths.media/content/wowproductimages/large/793013.jpg"],"storeId":"woolworths","packageSize":"2x170g","cupPrice":"$0.62 / 100G","locations":{"ALL":{"price":2.1,"discountRate":50,"promo":"","orgPrice":4.2}},"categoryIds":["w-dairy-eggs-fridge"],"similarProducts":[]},{"id":"w-872204-9339454000306","name":"Wicked Sister Vanilla Creme Brulee","brand":"Wicked Sister","imageUrls":["https://cdn0.woolworths.media/content/wowproductimages/large/872204.jpg"],"storeId":"woolworths","packageSize":"100g x2 pack","cupPrice":"$1.05 / 100G","locations":{"ALL":{"price":2.1,"discountRate":50,"promo":"","orgPrice":4.2}},"categoryIds":["w-dairy-eggs-fridge"],"similarProducts":[]},{"id":"w-247348-9310121001826","name":"Angas Park Apricot Soft & Juicy Snack Pack","brand":"Angas Park","imageUrls":["https://cdn0.woolworths.media/content/wowproductimages/large/247348.jpg"],"storeId":"woolworths","packageSize":"8x25g","cupPrice":"$18.75 / 1KG","locations":{"ALL":{"price":3.75,"discountRate":50,"promo":"","orgPrice":7.5}},"categoryIds":["w-pantry","w-lunch-box"],"similarProducts":[]},{"id":"w-384244-9310072026282","name":"Arnott's Shapes Cheddar","brand":"Arnott's","imageUrls":["https://cdn0.woolworths.media/content/wowproductimages/large/384244.jpg"],"storeId":"woolworths","packageSize":"175g","cupPrice":"$0.91 / 100G","locations":{"ALL":{"price":1.6,"discountRate":50,"promo":"","orgPrice":3.2}},"categoryIds":["w-pantry"],"similarProducts":[]},{"id":"w-384247-9310072026275","name":"Arnott's Shapes Cheese & Bacon","brand":"Arnott's","imageUrls":["https://cdn0.woolworths.media/content/wowproductimages/large/384247.jpg"],"storeId":"woolworths","packageSize":"180g","cupPrice":"$0.89 / 100G","locations":{"ALL":{"price":1.6,"discountRate":50,"promo":"","orgPrice":3.2}},"categoryIds":["w-pantry"],"similarProducts":[]},{"id":"w-384245-9310072026312","name":"Arnott's Shapes Chicken Crimpy","brand":"Arnott's","imageUrls":["https://cdn0.woolworths.media/content/wowproductimages/large/384245.jpg"],"storeId":"woolworths","packageSize":"175g","cupPrice":"$0.91 / 100G","locations":{"ALL":{"price":1.6,"discountRate":50,"promo":"","orgPrice":3.2}},"categoryIds":["w-pantry"],"similarProducts":[]},{"id":"w-254928-9310072023205","name":"Arnott's Shapes Nacho Cheese","brand":"Arnott's","imageUrls":["https://cdn0.woolworths.media/content/wowproductimages/large/254928.jpg"],"storeId":"woolworths","packageSize":"160g","cupPrice":"$1.00 / 100G","locations":{"ALL":{"price":1.6,"discountRate":50,"promo":"","orgPrice":3.2}},"categoryIds":["w-pantry"],"similarProducts":[]},{"id":"w-485436-9310072028866","name":"Arnott's Shapes Original Bbq","brand":"Arnott's","imageUrls":["https://cdn0.woolworths.media/content/wowproductimages/large/485436.jpg"],"storeId":"woolworths","packageSize":"175g","cupPrice":"$0.91 / 100G","locations":{"ALL":{"price":1.6,"discountRate":50,"promo":"","orgPrice":3.2}},"categoryIds":["w-pantry"],"similarProducts":[]},{"id":"w-515173-9310072028903","name":"Arnott's Shapes Original Pizza","brand":"Arnott's","imageUrls":["https://cdn0.woolworths.media/content/wowproductimages/large/515173.jpg"],"storeId":"woolworths","packageSize":"190g","cupPrice":"$0.84 / 100G","locations":{"ALL":{"price":1.6,"discountRate":50,"promo":"","orgPrice":3.2}},"categoryIds":["w-pantry"],"similarProducts":[]},{"id":"w-384246-9310072026299","name":"Arnott's Shapes Savoury","brand":"Arnott's","imageUrls":["https://cdn0.woolworths.media/content/wowproductimages/large/384246.jpg"],"storeId":"woolworths","packageSize":"185g","cupPrice":"$0.86 / 100G","locations":{"ALL":{"price":1.6,"discountRate":50,"promo":"","orgPrice":3.2}},"categoryIds":["w-pantry"],"similarProducts":[]},{"id":"w-812783-9310072030821","name":"Arnott's Shapes Vegemite & Cheese","brand":"Arnott's","imageUrls":["https://cdn0.woolworths.media/content/wowproductimages/large/812783.jpg"],"storeId":"woolworths","packageSize":"165g","cupPrice":"$0.97 / 100G","locations":{"ALL":{"price":1.6,"discountRate":50,"promo":"","orgPrice":3.2}},"categoryIds":["w-pantry"],"similarProducts":[]},{"id":"w-95851-9310072031927","name":"Arnott's Shapes Lamb & Rosemary","brand":"Arnott's","imageUrls":["https://cdn0.woolworths.media/content/wowproductimages/large/095851.jpg"],"storeId":"woolworths","packageSize":"165g","cupPrice":"$0.97 / 100G","locations":{"ALL":{"price":1.6,"discountRate":50,"promo":"","orgPrice":3.2}},"categoryIds":["w-pantry"],"similarProducts":[]},{"id":"w-16988-5060074627447","name":"Atkins Low Carb Bread Mix","brand":"Atkins","imageUrls":["https://cdn0.woolworths.media/content/wowproductimages/large/016988.jpg"],"storeId":"woolworths","packageSize":"400g","cupPrice":"$0.79 / 100G","locations":{"ALL":{"price":3.15,"discountRate":50,"promo":"","orgPrice":6.35}},"categoryIds":["w-pantry"],"similarProducts":[]},{"id":"w-51628-5000159523073","name":"Bounty Chocolate Bar","brand":"Bounty","imageUrls":["https://cdn0.woolworths.media/content/wowproductimages/large/051628.jpg"],"storeId":"woolworths","packageSize":"56g","cupPrice":"$1.79 / 100G","locations":{"ALL":{"price":1,"discountRate":50,"promo":"","orgPrice":2}},"categoryIds":["w-pantry"],"similarProducts":[]},{"id":"w-828973-9300617070771","name":"Cadbury Caramels","brand":"Cadbury","imageUrls":["https://cdn0.woolworths.media/content/wowproductimages/large/828973.jpg"],"storeId":"woolworths","packageSize":"160g","cupPrice":"$1.25 / 100G","locations":{"ALL":{"price":2,"discountRate":50,"promo":"","orgPrice":4}},"categoryIds":["w-pantry"],"similarProducts":[]},{"id":"w-56949-9300617075547","name":"Cadbury Caramilk Block","brand":"Cadbury","imageUrls":["https://cdn0.woolworths.media/content/wowproductimages/large/056949.jpg"],"storeId":"woolworths","packageSize":"180g","cupPrice":"$1.39 / 100G","locations":{"ALL":{"price":2.5,"discountRate":50,"promo":"","orgPrice":5}},"categoryIds":["w-pantry"],"similarProducts":[]},{"id":"w-874215-9300617073987","name":"Cadbury Creamy Hazelnut Crunch","brand":"Cadbury","imageUrls":["https://cdn0.woolworths.media/content/wowproductimages/large/874215.jpg"],"storeId":"woolworths","packageSize":"170g","cupPrice":"$1.47 / 100G","locations":{"ALL":{"price":2.5,"discountRate":50,"promo":"","orgPrice":5}},"categoryIds":["w-pantry"],"similarProducts":[]},{"id":"w-874216-9300617074007","name":"Cadbury Crispy Mint Creme","brand":"Cadbury","imageUrls":["https://cdn0.woolworths.media/content/wowproductimages/large/874216.jpg"],"storeId":"woolworths","packageSize":"175g","cupPrice":"$1.43 / 100G","locations":{"ALL":{"price":2.5,"discountRate":50,"promo":"","orgPrice":5}},"categoryIds":["w-pantry"],"similarProducts":[]},{"id":"w-814620-9300617065173","name":"Cadbury Dairy Milk Black Forest","brand":"Cadbury","imageUrls":["https://cdn0.woolworths.media/content/wowproductimages/large/814620.jpg"],"storeId":"woolworths","packageSize":"180g","cupPrice":"$1.39 / 100G","locations":{"ALL":{"price":2.5,"discountRate":50,"promo":"","orgPrice":5}},"categoryIds":["w-pantry"],"similarProducts":[]},{"id":"w-814622-9300617064978","name":"Cadbury Dairy Milk Caramello","brand":"Cadbury","imageUrls":["https://cdn0.woolworths.media/content/wowproductimages/large/814622.jpg"],"storeId":"woolworths","packageSize":"180g","cupPrice":"$1.39 / 100G","locations":{"ALL":{"price":2.5,"discountRate":50,"promo":"","orgPrice":5}},"categoryIds":["w-pantry"],"similarProducts":[]},{"id":"w-814479-9300617064879","name":"Cadbury Dairy Milk Chocolate","brand":"Cadbury","imageUrls":["https://cdn0.woolworths.media/content/wowproductimages/large/814479.jpg"],"storeId":"woolworths","packageSize":"180g","cupPrice":"$1.39 / 100G","locations":{"ALL":{"price":2.5,"discountRate":50,"promo":"","orgPrice":5}},"categoryIds":["w-pantry"],"similarProducts":[]},{"id":"w-814628-9300617065425","name":"Cadbury Dairy Milk Crunchie","brand":"Cadbury","imageUrls":["https://cdn0.woolworths.media/content/wowproductimages/large/814628.jpg"],"storeId":"woolworths","packageSize":"180g","cupPrice":"$1.39 / 100G","locations":{"ALL":{"price":2.5,"discountRate":50,"promo":"","orgPrice":5}},"categoryIds":["w-pantry"],"similarProducts":[]},{"id":"w-814559-9300617065029","name":"Cadbury Dairy Milk Fruit & Nut","brand":"Cadbury","imageUrls":["https://cdn0.woolworths.media/content/wowproductimages/large/814559.jpg"],"storeId":"woolworths","packageSize":"180g","cupPrice":"$1.39 / 100G","locations":{"ALL":{"price":2.5,"discountRate":50,"promo":"","orgPrice":5}},"categoryIds":["w-pantry"],"similarProducts":[]},{"id":"w-814558-9300617064923","name":"Cadbury Dairy Milk Hazelnut","brand":"Cadbury","imageUrls":["https://cdn0.woolworths.media/content/wowproductimages/large/814558.jpg"],"storeId":"woolworths","packageSize":"180g","cupPrice":"$1.39 / 100G","locations":{"ALL":{"price":2.5,"discountRate":50,"promo":"","orgPrice":5}},"categoryIds":["w-pantry"],"similarProducts":[]},{"id":"w-814478-9300617065272","name":"Cadbury Dairy Milk Peppermint","brand":"Cadbury","imageUrls":["https://cdn0.woolworths.media/content/wowproductimages/large/814478.jpg"],"storeId":"woolworths","packageSize":"180g","cupPrice":"$1.39 / 100G","locations":{"ALL":{"price":2.5,"discountRate":50,"promo":"","orgPrice":5}},"categoryIds":["w-pantry"],"similarProducts":[]},{"id":"w-814621-9300617065227","name":"Cadbury Dairy Milk Roast Almond","brand":"Cadbury","imageUrls":["https://cdn0.woolworths.media/content/wowproductimages/large/814621.jpg"],"storeId":"woolworths","packageSize":"180g","cupPrice":"$1.39 / 100G","locations":{"ALL":{"price":2.5,"discountRate":50,"promo":"","orgPrice":5}},"categoryIds":["w-pantry"],"similarProducts":[]},{"id":"w-814626-9300617065128","name":"Cadbury Dairy Milk Snack","brand":"Cadbury","imageUrls":["https://cdn0.woolworths.media/content/wowproductimages/large/814626.jpg"],"storeId":"woolworths","packageSize":"180g","cupPrice":"$1.39 / 100G","locations":{"ALL":{"price":2.5,"discountRate":50,"promo":"","orgPrice":5}},"categoryIds":["w-pantry"],"similarProducts":[]},{"id":"w-814624-9300617065074","name":"Cadbury Dairy Milk Top Deck","brand":"Cadbury","imageUrls":["https://cdn0.woolworths.media/content/wowproductimages/large/814624.jpg"],"storeId":"woolworths","packageSize":"180g","cupPrice":"$1.39 / 100G","locations":{"ALL":{"price":2.5,"discountRate":50,"promo":"","orgPrice":5}},"categoryIds":["w-pantry"],"similarProducts":[]},{"id":"w-814833-9300617064770","name":"Cadbury Dairy Milk Turkish Delight","brand":"Cadbury","imageUrls":["https://cdn0.woolworths.media/content/wowproductimages/large/814833.jpg"],"storeId":"woolworths","packageSize":"180g","cupPrice":"$1.39 / 100G","locations":{"ALL":{"price":2.5,"discountRate":50,"promo":"","orgPrice":5}},"categoryIds":["w-pantry"],"similarProducts":[]},{"id":"w-814641-9300617064527","name":"Cadbury Dairy Milk With Oreo","brand":"Cadbury","imageUrls":["https://cdn0.woolworths.media/content/wowproductimages/large/814641.jpg"],"storeId":"woolworths","packageSize":"162g","cupPrice":"$1.54 / 100G","locations":{"ALL":{"price":2.5,"discountRate":50,"promo":"","orgPrice":5}},"categoryIds":["w-pantry"],"similarProducts":[]},{"id":"w-85093-9300617075653","name":"Cadbury Dairy Milk Marble Chocolate Block","brand":"Cadbury","imageUrls":["https://cdn0.woolworths.media/content/wowproductimages/large/085093.jpg"],"storeId":"woolworths","packageSize":"173g","cupPrice":"$1.45 / 100G","locations":{"ALL":{"price":2.5,"discountRate":50,"promo":"","orgPrice":5}},"categoryIds":["w-pantry"],"similarProducts":[]},{"id":"w-814894-9300617065722","name":"Cadbury Dairy Milk Marvellous Creations Jelly Popping Candy","brand":"Cadbury","imageUrls":["https://cdn0.woolworths.media/content/wowproductimages/large/814894.jpg"],"storeId":"woolworths","packageSize":"190g","cupPrice":"$1.32 / 100G","locations":{"ALL":{"price":2.5,"discountRate":50,"promo":"","orgPrice":5}},"categoryIds":["w-pantry"],"similarProducts":[]},{"id":"w-7108-9300617075387","name":"Cadbury Dairy Milk Smores Block","brand":"Cadbury","imageUrls":["https://cdn0.woolworths.media/content/wowproductimages/large/007108.jpg"],"storeId":"woolworths","packageSize":"170g","cupPrice":"$1.47 / 100G","locations":{"ALL":{"price":2.5,"discountRate":50,"promo":"","orgPrice":5}},"categoryIds":["w-pantry"],"similarProducts":[]},{"id":"w-814632-9300617066361","name":"Cadbury Dream White Chocolate","brand":"Cadbury","imageUrls":["https://cdn0.woolworths.media/content/wowproductimages/large/814632.jpg"],"storeId":"woolworths","packageSize":"180g","cupPrice":"$1.39 / 100G","locations":{"ALL":{"price":2.5,"discountRate":50,"promo":"","orgPrice":5}},"categoryIds":["w-pantry"],"similarProducts":[]},{"id":"w-245573-9300644700702","name":"Campbell's Chunky Canned Soup Beef Hearty & Filling","brand":"Campbell's","imageUrls":["https://cdn0.woolworths.media/content/wowproductimages/large/245573.jpg"],"storeId":"woolworths","packageSize":"505g","cupPrice":"$0.35 / 100G","locations":{"ALL":{"price":1.75,"discountRate":50,"promo":"","orgPrice":3.5}},"categoryIds":["w-pantry"],"similarProducts":[]},{"id":"w-247332-9300644700009","name":"Campbell's Chunky Canned Soup Hearty Irish Stew","brand":"Campbell's","imageUrls":["https://cdn0.woolworths.media/content/wowproductimages/large/247332.jpg"],"storeId":"woolworths","packageSize":"505g","cupPrice":"$0.35 / 100G","locations":{"ALL":{"price":1.75,"discountRate":50,"promo":"","orgPrice":3.5}},"categoryIds":["w-pantry"],"similarProducts":[]},{"id":"w-245580-9300644700726","name":"Campbell's Chunky Canned Soup Potato & Bacon","brand":"Campbell's","imageUrls":["https://cdn0.woolworths.media/content/wowproductimages/large/245580.jpg"],"storeId":"woolworths","packageSize":"505g","cupPrice":"$0.35 / 100G","locations":{"ALL":{"price":1.75,"discountRate":50,"promo":"","orgPrice":3.5}},"categoryIds":["w-pantry"],"similarProducts":[]},{"id":"w-245581-9300644700740","name":"Campbell's Chunky Canned Soup Roast Chicken & Vegetable","brand":"Campbell's","imageUrls":["https://cdn0.woolworths.media/content/wowproductimages/large/245581.jpg"],"storeId":"woolworths","packageSize":"505g","cupPrice":"$0.35 / 100G","locations":{"ALL":{"price":1.75,"discountRate":50,"promo":"","orgPrice":3.5}},"categoryIds":["w-pantry"],"similarProducts":[]},{"id":"w-245575-9300644700719","name":"Campbell's Chunky Ham & Pea Ham & Pea","brand":"Campbell's","imageUrls":["https://cdn0.woolworths.media/content/wowproductimages/large/245575.jpg"],"storeId":"woolworths","packageSize":"505g","cupPrice":"$0.35 / 100G","locations":{"ALL":{"price":1.75,"discountRate":50,"promo":"","orgPrice":3.5}},"categoryIds":["w-pantry"],"similarProducts":[]},{"id":"w-144709-9300644023566","name":"Campbell's Country Ladle Canned Soup Beef & Vegetable","brand":"Campbell's","imageUrls":["https://cdn0.woolworths.media/content/wowproductimages/large/144709.jpg"],"storeId":"woolworths","packageSize":"500g","cupPrice":"$0.35 / 100G","locations":{"ALL":{"price":1.75,"discountRate":50,"promo":"","orgPrice":3.5}},"categoryIds":["w-pantry"],"similarProducts":[]},{"id":"w-45795-9300644023542","name":"Campbell's Country Ladle Canned Soup Butternut Pumpkin","brand":"Campbell's","imageUrls":["https://cdn0.woolworths.media/content/wowproductimages/large/045795.jpg"],"storeId":"woolworths","packageSize":"505g","cupPrice":"$0.35 / 100G","locations":{"ALL":{"price":1.75,"discountRate":50,"promo":"","orgPrice":3.5}},"categoryIds":["w-pantry"],"similarProducts":[]},{"id":"w-186164-9300644235808","name":"Campbell's Country Ladle Canned Soup Chicken & Sweet Corn","brand":"Campbell's","imageUrls":["https://cdn0.woolworths.media/content/wowproductimages/large/186164.jpg"],"storeId":"woolworths","packageSize":"505g","cupPrice":"$0.35 / 100G","locations":{"ALL":{"price":1.75,"discountRate":50,"promo":"","orgPrice":3.5}},"categoryIds":["w-pantry"],"similarProducts":[]},{"id":"w-370259-9300644702393","name":"Campbell's Country Ladle Canned Soup Chicken Noodle","brand":"Campbell's","imageUrls":["https://cdn0.woolworths.media/content/wowproductimages/large/370259.jpg"],"storeId":"woolworths","packageSize":"500g","cupPrice":"$0.35 / 100G","locations":{"ALL":{"price":1.75,"discountRate":50,"promo":"","orgPrice":3.5}},"categoryIds":["w-pantry"],"similarProducts":[]},{"id":"w-204677-9300644234900","name":"Campbell's Country Ladle Canned Soup Creamy Chicken","brand":"Campbell's","imageUrls":["https://cdn0.woolworths.media/content/wowproductimages/large/204677.jpg"],"storeId":"woolworths","packageSize":"500g","cupPrice":"$0.35 / 100G","locations":{"ALL":{"price":1.75,"discountRate":50,"promo":"","orgPrice":3.5}},"categoryIds":["w-pantry"],"similarProducts":[]},{"id":"w-45777-9300644023535","name":"Campbell's Country Ladle Canned Soup Minestrone","brand":"Campbell's","imageUrls":["https://cdn0.woolworths.media/content/wowproductimages/large/045777.jpg"],"storeId":"woolworths","packageSize":"495g","cupPrice":"$0.35 / 100G","locations":{"ALL":{"price":1.75,"discountRate":50,"promo":"","orgPrice":3.5}},"categoryIds":["w-pantry"],"similarProducts":[]},{"id":"w-99542-9300644023559","name":"Campbell's Country Ladle Canned Soup Pea & Ham","brand":"Campbell's","imageUrls":["https://cdn0.woolworths.media/content/wowproductimages/large/099542.jpg"],"storeId":"woolworths","packageSize":"500g","cupPrice":"$0.35 / 100G","locations":{"ALL":{"price":1.75,"discountRate":50,"promo":"","orgPrice":3.5}},"categoryIds":["w-pantry"],"similarProducts":[]},{"id":"w-167572-9300644235709","name":"Campbell's Country Ladle Canned Soup Potato & Leek","brand":"Campbell's","imageUrls":["https://cdn0.woolworths.media/content/wowproductimages/large/167572.jpg"],"storeId":"woolworths","packageSize":"505g","cupPrice":"$0.35 / 100G","locations":{"ALL":{"price":1.75,"discountRate":50,"promo":"","orgPrice":3.5}},"categoryIds":["w-pantry"],"similarProducts":[]},{"id":"w-370260-9300644702409","name":"Campbell's Country Ladle Creamy Pumpkin Creamy Pumpkin","brand":"Campbell's","imageUrls":["https://cdn0.woolworths.media/content/wowproductimages/large/370260.jpg"],"storeId":"woolworths","packageSize":"500g","cupPrice":"$0.35 / 100G","locations":{"ALL":{"price":1.75,"discountRate":50,"promo":"","orgPrice":3.5}},"categoryIds":["w-pantry"],"similarProducts":[]},{"id":"w-45931-9300644023504","name":"Campbell's Country Ladle Farmhouse Vegetable","brand":"Campbell's","imageUrls":["https://cdn0.woolworths.media/content/wowproductimages/large/045931.jpg"],"storeId":"woolworths","packageSize":"495g","cupPrice":"$0.35 / 100G","locations":{"ALL":{"price":1.75,"discountRate":50,"promo":"","orgPrice":3.5}},"categoryIds":["w-pantry"],"similarProducts":[]},{"id":"w-320499-9300644701617","name":"Campbell's Country Ladle Garden Vegetable & Wholegrain Barley","brand":"Campbell's","imageUrls":["https://cdn0.woolworths.media/content/wowproductimages/large/320499.jpg"],"storeId":"woolworths","packageSize":"500g","cupPrice":"$0.35 / 100G","locations":{"ALL":{"price":1.75,"discountRate":50,"promo":"","orgPrice":3.5}},"categoryIds":["w-pantry"],"similarProducts":[]},{"id":"w-435286-9319133333420","name":"Carman's Almond, Coconut & Chia Gourmet Porridge Sachets","brand":"Carman's","imageUrls":["https://cdn0.woolworths.media/content/wowproductimages/large/435286.jpg"],"storeId":"woolworths","packageSize":"320g","cupPrice":"$0.94 / 100G","locations":{"ALL":{"price":3,"discountRate":50,"promo":"","orgPrice":6}},"categoryIds":["w-pantry"],"similarProducts":[]},{"id":"w-85096-9319133335431","name":"Carman's Fibre Rich Porridge Sachets Super Seed & Vanilla Bean","brand":"Carman's","imageUrls":["https://cdn0.woolworths.media/content/wowproductimages/large/085096.jpg"],"storeId":"woolworths","packageSize":"6 pack","cupPrice":"$1.25 / 100G","locations":{"ALL":{"price":3,"discountRate":50,"promo":"","orgPrice":6}},"categoryIds":["w-pantry"],"similarProducts":[]},{"id":"w-85031-9319133335424","name":"Carman's Fibre Rich Probiotic Porridge Sachets Creamy Honey & Almond","brand":"Carman's","imageUrls":["https://cdn0.woolworths.media/content/wowproductimages/large/085031.jpg"],"storeId":"woolworths","packageSize":"6 pack","cupPrice":"$1.25 / 100G","locations":{"ALL":{"price":3,"discountRate":50,"promo":"","orgPrice":6}},"categoryIds":["w-pantry"],"similarProducts":[]},{"id":"w-608601-9319133333666","name":"Carman's Gourmet Porridge Sachets Apple Sultana & Cinnamon","brand":"Carman's","imageUrls":["https://cdn0.woolworths.media/content/wowproductimages/large/608601.jpg"],"storeId":"woolworths","packageSize":"8x320g","cupPrice":"$0.94 / 100G","locations":{"ALL":{"price":3,"discountRate":50,"promo":"","orgPrice":6}},"categoryIds":["w-pantry"],"similarProducts":[]},{"id":"w-435300-9319133333925","name":"Carman's Honey, Vanilla & Cinnamon Gourmet Porridge Sachets","brand":"Carman's","imageUrls":["https://cdn0.woolworths.media/content/wowproductimages/large/435300.jpg"],"storeId":"woolworths","packageSize":"320g","cupPrice":"$0.94 / 100G","locations":{"ALL":{"price":3,"discountRate":50,"promo":"","orgPrice":6}},"categoryIds":["w-pantry"],"similarProducts":[]},{"id":"w-687790-9319133334243","name":"Carman's Porridge 5 Grain Superseed","brand":"Carman's","imageUrls":["https://cdn0.woolworths.media/content/wowproductimages/large/687790.jpg"],"storeId":"woolworths","packageSize":"320g","cupPrice":"$0.94 / 100G","locations":{"ALL":{"price":3,"discountRate":50,"promo":"","orgPrice":6}},"categoryIds":["w-pantry"],"similarProducts":[]},{"id":"w-687777-9319133334656","name":"Carman's Porridge Almond Pecan Hazelnut","brand":"Carman's","imageUrls":["https://cdn0.woolworths.media/content/wowproductimages/large/687777.jpg"],"storeId":"woolworths","packageSize":"320g","cupPrice":"$0.94 / 100G","locations":{"ALL":{"price":3,"discountRate":50,"promo":"","orgPrice":6}},"categoryIds":["w-pantry"],"similarProducts":[]},{"id":"w-435310-9319133333444","name":"Carman's Super Berry & Coconut Gourmet Porridge Sachets","brand":"Carman's","imageUrls":["https://cdn0.woolworths.media/content/wowproductimages/large/435310.jpg"],"storeId":"woolworths","packageSize":"320g","cupPrice":"$0.94 / 100G","locations":{"ALL":{"price":3,"discountRate":50,"promo":"","orgPrice":6}},"categoryIds":["w-pantry"],"similarProducts":[]},{"id":"w-691507-9300830047321","name":"Continental Cheesy Rice","brand":"Continental","imageUrls":["https://cdn0.woolworths.media/content/wowproductimages/large/691507.jpg"],"storeId":"woolworths","packageSize":"125g","cupPrice":"$0.80 / 100G","locations":{"ALL":{"price":1,"discountRate":52,"promo":"","orgPrice":2.1}},"categoryIds":["w-pantry"],"similarProducts":[]},{"id":"w-142839-9300667022850","name":"Continental Cup A Soup Asian Laksa","brand":"Continental","imageUrls":["https://cdn0.woolworths.media/content/wowproductimages/large/142839.jpg"],"storeId":"woolworths","packageSize":"2 pack","cupPrice":"$1.54 / 100G","locations":{"ALL":{"price":1,"discountRate":50,"promo":"","orgPrice":2}},"categoryIds":["w-pantry"],"similarProducts":[]},{"id":"w-32924-9300667403017","name":"Continental Cup A Soup Chicken With Lots Of Noodles","brand":"Continental","imageUrls":["https://cdn0.woolworths.media/content/wowproductimages/large/032924.jpg"],"storeId":"woolworths","packageSize":"2 pack","cupPrice":"$1.67 / 100G","locations":{"ALL":{"price":1,"discountRate":50,"promo":"","orgPrice":2}},"categoryIds":["w-pantry"],"similarProducts":[]},{"id":"w-166232-9300667025035","name":"Continental Cup A Soup Creamy Chicken With Croutons","brand":"Continental","imageUrls":["https://cdn0.woolworths.media/content/wowproductimages/large/166232.jpg"],"storeId":"woolworths","packageSize":"2 pack","cupPrice":"$1.67 / 100G","locations":{"ALL":{"price":1,"discountRate":50,"promo":"","orgPrice":2}},"categoryIds":["w-pantry"],"similarProducts":[]},{"id":"w-54157-9300667016125","name":"Continental Cup A Soup Italian Minestrone","brand":"Continental","imageUrls":["https://cdn0.woolworths.media/content/wowproductimages/large/054157.jpg"],"storeId":"woolworths","packageSize":"2 pack","cupPrice":"$1.33 / 100G","locations":{"ALL":{"price":1,"discountRate":50,"promo":"","orgPrice":2}},"categoryIds":["w-pantry"],"similarProducts":[]},{"id":"w-167443-9300667025332","name":"Continental Cup A Soup Asian Thai Red Curry","brand":"Continental","imageUrls":["https://cdn0.woolworths.media/content/wowproductimages/large/167443.jpg"],"storeId":"woolworths","packageSize":"60g","cupPrice":"$1.67 / 100G","locations":{"ALL":{"price":1,"discountRate":50,"promo":"","orgPrice":2}},"categoryIds":["w-pantry"],"similarProducts":[]},{"id":"w-32921-9300667405011","name":"Continental Cup A Soup Beef With Lots Noodles","brand":"Continental","imageUrls":["https://cdn0.woolworths.media/content/wowproductimages/large/032921.jpg"],"storeId":"woolworths","packageSize":"2 pack","cupPrice":"$1.69 / 100G","locations":{"ALL":{"price":1,"discountRate":50,"promo":"","orgPrice":2}},"categoryIds":["w-pantry"],"similarProducts":[]},{"id":"w-54148-9300667015142","name":"Continental Cup A Soup Chinese Chicken & Corn With Lots Of Noodles","brand":"Continental","imageUrls":["https://cdn0.woolworths.media/content/wowproductimages/large/054148.jpg"],"storeId":"woolworths","packageSize":"2 pack","cupPrice":"$1.52 / 100G","locations":{"ALL":{"price":1,"discountRate":50,"promo":"","orgPrice":2}},"categoryIds":["w-pantry"],"similarProducts":[]},{"id":"w-166227-9300667025059","name":"Continental Cup A Soup Creamy Chicken & Corn With Croutons","brand":"Continental","imageUrls":["https://cdn0.woolworths.media/content/wowproductimages/large/166227.jpg"],"storeId":"woolworths","packageSize":"2 pack","cupPrice":"$1.67 / 100G","locations":{"ALL":{"price":1,"discountRate":50,"promo":"","orgPrice":2}},"categoryIds":["w-pantry"],"similarProducts":[]},{"id":"w-26649-9300667403055","name":"Continental Cup A Soup Creamy Chicken With Lots Of Noodles","brand":"Continental","imageUrls":["https://cdn0.woolworths.media/content/wowproductimages/large/026649.jpg"],"storeId":"woolworths","packageSize":"2 pack","cupPrice":"$1.67 / 100G","locations":{"ALL":{"price":1,"discountRate":50,"promo":"","orgPrice":2}},"categoryIds":["w-pantry"],"similarProducts":[]},{"id":"w-97941-9300667016255","name":"Continental Cup A Soup Creamy Garden Vegetable 2 Pack","brand":"Continental","imageUrls":["https://cdn0.woolworths.media/content/wowproductimages/large/097941.jpg"],"storeId":"woolworths","packageSize":"2 pack","cupPrice":"$1.43 / 100G","locations":{"ALL":{"price":1,"discountRate":50,"promo":"","orgPrice":2}},"categoryIds":["w-pantry"],"similarProducts":[]},{"id":"w-166239-9300667024991","name":"Continental Cup A Soup Creamy Mushroom With Croutons","brand":"Continental","imageUrls":["https://cdn0.woolworths.media/content/wowproductimages/large/166239.jpg"],"storeId":"woolworths","packageSize":"2 pack","cupPrice":"$2.00 / 100G","locations":{"ALL":{"price":1,"discountRate":50,"promo":"","orgPrice":2}},"categoryIds":["w-pantry"],"similarProducts":[]},{"id":"w-257657-9300667038073","name":"Continental Cup A Soup Dutch Curry With Rice","brand":"Continental","imageUrls":["https://cdn0.woolworths.media/content/wowproductimages/large/257657.jpg"],"storeId":"woolworths","packageSize":"2 pack","cupPrice":"$1.82 / 100G","locations":{"ALL":{"price":1,"discountRate":50,"promo":"","orgPrice":2}},"categoryIds":["w-pantry"],"similarProducts":[]},{"id":"w-320302-9300667042308","name":"Continental Cup A Soup Hearty Pea & Ham","brand":"Continental","imageUrls":["https://cdn0.woolworths.media/content/wowproductimages/large/320302.jpg"],"storeId":"woolworths","packageSize":"2 pack","cupPrice":"$1.92 / 100G","locations":{"ALL":{"price":1,"discountRate":50,"promo":"","orgPrice":2}},"categoryIds":["w-pantry"],"similarProducts":[]},{"id":"w-19158-9300667016231","name":"Continental Cup A Soup Hearty Roast Chicken","brand":"Continental","imageUrls":["https://cdn0.woolworths.media/content/wowproductimages/large/019158.jpg"],"storeId":"woolworths","packageSize":"2 pack","cupPrice":"$1.33 / 100G","locations":{"ALL":{"price":1,"discountRate":50,"promo":"","orgPrice":2}},"categoryIds":["w-pantry"],"similarProducts":[]},{"id":"w-433428-9300830037452","name":"Continental Cup A Soup Homestyle Pumpkin","brand":"Continental","imageUrls":["https://cdn0.woolworths.media/content/wowproductimages/large/433428.jpg"],"storeId":"woolworths","packageSize":"61g","cupPrice":"$1.64 / 100G","locations":{"ALL":{"price":1,"discountRate":50,"promo":"","orgPrice":2}},"categoryIds":["w-pantry"],"similarProducts":[]},{"id":"w-76474-9300667402126","name":"Continental Cup A Soup Instant Soup Hearty Vegetable & Beef","brand":"Continental","imageUrls":["https://cdn0.woolworths.media/content/wowproductimages/large/076474.jpg"],"storeId":"woolworths","packageSize":"2 pack","cupPrice":"$1.54 / 100G","locations":{"ALL":{"price":1,"discountRate":50,"promo":"","orgPrice":2}},"categoryIds":["w-pantry"],"similarProducts":[]},{"id":"w-13674-9300667005938","name":"Continental Cup A Soup Mild Chicken Curry With Lots Of Noodles","brand":"Continental","imageUrls":["https://cdn0.woolworths.media/content/wowproductimages/large/013674.jpg"],"storeId":"woolworths","packageSize":"2 pack","cupPrice":"$1.72 / 100G","locations":{"ALL":{"price":1,"discountRate":50,"promo":"","orgPrice":2}},"categoryIds":["w-pantry"],"similarProducts":[]},{"id":"w-828451-9300830024049","name":"Continental Cup A Soup Pepper Steak & Mushroom With Croutons","brand":"Continental","imageUrls":["https://cdn0.woolworths.media/content/wowproductimages/large/828451.jpg"],"storeId":"woolworths","packageSize":"52g","cupPrice":"$1.92 / 100G","locations":{"ALL":{"price":1,"discountRate":50,"promo":"","orgPrice":2}},"categoryIds":["w-pantry"],"similarProducts":[]},{"id":"w-828452-9300830024032","name":"Continental Cup A Soup Tasty Tomato","brand":"Continental","imageUrls":["https://cdn0.woolworths.media/content/wowproductimages/large/828452.jpg"],"storeId":"woolworths","packageSize":"54g","cupPrice":"$1.85 / 100G","locations":{"ALL":{"price":1,"discountRate":50,"promo":"","orgPrice":2}},"categoryIds":["w-pantry"],"similarProducts":[]},{"id":"w-141917-9300667022416","name":"Continental Flavoured Rice Chicken","brand":"Continental","imageUrls":["https://cdn0.woolworths.media/content/wowproductimages/large/141917.jpg"],"storeId":"woolworths","packageSize":"120g","cupPrice":"$0.83 / 100G","locations":{"ALL":{"price":1,"discountRate":52,"promo":"","orgPrice":2.1}},"categoryIds":["w-pantry"],"similarProducts":[]},{"id":"w-433427-9300830037476","name":"Continental Homestyle Chicken Noodle","brand":"Continental","imageUrls":["https://cdn0.woolworths.media/content/wowproductimages/large/433427.jpg"],"storeId":"woolworths","packageSize":"2 pack","cupPrice":"$2.50 / 100G","locations":{"ALL":{"price":1,"discountRate":50,"promo":"","orgPrice":2}},"categoryIds":["w-pantry"],"similarProducts":[]},{"id":"w-678702-9300830045259","name":"Continental Liquid Beef Stock","brand":"Continental","imageUrls":["https://cdn0.woolworths.media/content/wowproductimages/large/678702.jpg"],"storeId":"woolworths","packageSize":"1l","cupPrice":"$0.20 / 100ML","locations":{"ALL":{"price":2,"discountRate":50,"promo":"","orgPrice":4}},"categoryIds":["w-pantry"],"similarProducts":[]},{"id":"w-678703-9300830045266","name":"Continental Liquid Chicken Stock","brand":"Continental","imageUrls":["https://cdn0.woolworths.media/content/wowproductimages/large/678703.jpg"],"storeId":"woolworths","packageSize":"1l","cupPrice":"$0.20 / 100ML","locations":{"ALL":{"price":2,"discountRate":50,"promo":"","orgPrice":4}},"categoryIds":["w-pantry"],"similarProducts":[]},{"id":"w-678657-9300830045280","name":"Continental Liquid Chicken Stock Salt Reduced","brand":"Continental","imageUrls":["https://cdn0.woolworths.media/content/wowproductimages/large/678657.jpg"],"storeId":"woolworths","packageSize":"1l","cupPrice":"$0.20 / 100ML","locations":{"ALL":{"price":2,"discountRate":50,"promo":"","orgPrice":4}},"categoryIds":["w-pantry"],"similarProducts":[]},{"id":"w-81974-9300830058419","name":"Continental Nutrish Soup A Bit Corny","brand":"Continental","imageUrls":["https://cdn0.woolworths.media/content/wowproductimages/large/081974.jpg"],"storeId":"woolworths","packageSize":"27g","cupPrice":"$3.70 / 100G","locations":{"ALL":{"price":1,"discountRate":50,"promo":"","orgPrice":2}},"categoryIds":["w-pantry"],"similarProducts":[]},{"id":"w-82802-9300830058389","name":"Continental Nutrish Soup Feeling Clucky","brand":"Continental","imageUrls":["https://cdn0.woolworths.media/content/wowproductimages/large/082802.jpg"],"storeId":"woolworths","packageSize":"33g","cupPrice":"$3.03 / 100G","locations":{"ALL":{"price":1,"discountRate":50,"promo":"","orgPrice":2}},"categoryIds":["w-pantry"],"similarProducts":[]},{"id":"w-81631-9300830058365","name":"Continental Nutrish Soup On The Pulse","brand":"Continental","imageUrls":["https://cdn0.woolworths.media/content/wowproductimages/large/081631.jpg"],"storeId":"woolworths","packageSize":"30g","cupPrice":"$3.33 / 100G","locations":{"ALL":{"price":1,"discountRate":50,"promo":"","orgPrice":2}},"categoryIds":["w-pantry"],"similarProducts":[]},{"id":"w-82555-9300830058358","name":"Continental Nutrish Soup Peas Be Mine","brand":"Continental","imageUrls":["https://cdn0.woolworths.media/content/wowproductimages/large/082555.jpg"],"storeId":"woolworths","packageSize":"30g","cupPrice":"$3.33 / 100G","locations":{"ALL":{"price":1,"discountRate":50,"promo":"","orgPrice":2}},"categoryIds":["w-pantry"],"similarProducts":[]},{"id":"w-82287-9300830058402","name":"Continental Nutrish Soup Smash'n Pump-kin","brand":"Continental","imageUrls":["https://cdn0.woolworths.media/content/wowproductimages/large/082287.jpg"],"storeId":"woolworths","packageSize":"33g","cupPrice":"$3.03 / 100G","locations":{"ALL":{"price":1,"discountRate":50,"promo":"","orgPrice":2}},"categoryIds":["w-pantry"],"similarProducts":[]},{"id":"w-78680-9300830058396","name":"Continental Nutrish Soup Sweet Beets Soup","brand":"Continental","imageUrls":["https://cdn0.woolworths.media/content/wowproductimages/large/078680.jpg"],"storeId":"woolworths","packageSize":"30g","cupPrice":"$3.33 / 100G","locations":{"ALL":{"price":1,"discountRate":50,"promo":"","orgPrice":2}},"categoryIds":["w-pantry"],"similarProducts":[]},{"id":"w-82824-9300830058372","name":"Continental Nutrish Soup Tickle Me Purple","brand":"Continental","imageUrls":["https://cdn0.woolworths.media/content/wowproductimages/large/082824.jpg"],"storeId":"woolworths","packageSize":"30g","cupPrice":"$3.33 / 100G","locations":{"ALL":{"price":1,"discountRate":50,"promo":"","orgPrice":2}},"categoryIds":["w-pantry"],"similarProducts":[]},{"id":"w-230945-9300667035089","name":"Continental Pasta & Sauce Alfredo","brand":"Continental","imageUrls":["https://cdn0.woolworths.media/content/wowproductimages/large/230945.jpg"],"storeId":"woolworths","packageSize":"85g","cupPrice":"$1.18 / 100G","locations":{"ALL":{"price":1,"discountRate":52,"promo":"","orgPrice":2.1}},"categoryIds":["w-pantry"],"similarProducts":[]},{"id":"w-763882-9300830018468","name":"Continental Pasta & Sauce Alfredo Garlic & Herb","brand":"Continental","imageUrls":["https://cdn0.woolworths.media/content/wowproductimages/large/763882.jpg"],"storeId":"woolworths","packageSize":"85g","cupPrice":"$1.18 / 100G","locations":{"ALL":{"price":1,"discountRate":52,"promo":"","orgPrice":2.1}},"categoryIds":["w-pantry"],"similarProducts":[]},{"id":"w-230942-9300667035034","name":"Continental Pasta & Sauce Chicken Curry","brand":"Continental","imageUrls":["https://cdn0.woolworths.media/content/wowproductimages/large/230942.jpg"],"storeId":"woolworths","packageSize":"90g","cupPrice":"$1.11 / 100G","locations":{"ALL":{"price":1,"discountRate":52,"promo":"","orgPrice":2.1}},"categoryIds":["w-pantry"],"similarProducts":[]},{"id":"w-230946-9300667035065","name":"Continental Pasta & Sauce Creamy Bacon Carbonara","brand":"Continental","imageUrls":["https://cdn0.woolworths.media/content/wowproductimages/large/230946.jpg"],"storeId":"woolworths","packageSize":"85g","cupPrice":"$1.18 / 100G","locations":{"ALL":{"price":1,"discountRate":52,"promo":"","orgPrice":2.1}},"categoryIds":["w-pantry"],"similarProducts":[]},{"id":"w-230941-9300667035027","name":"Continental Pasta & Sauce Macaroni Cheese","brand":"Continental","imageUrls":["https://cdn0.woolworths.media/content/wowproductimages/large/230941.jpg"],"storeId":"woolworths","packageSize":"105g","cupPrice":"$0.87 / 100G","locations":{"ALL":{"price":1,"discountRate":52,"promo":"","orgPrice":2.1}},"categoryIds":["w-pantry"],"similarProducts":[]},{"id":"w-230924-9300667035072","name":"Continental Pasta & Sauce Sour Cream & Chives","brand":"Continental","imageUrls":["https://cdn0.woolworths.media/content/wowproductimages/large/230924.jpg"],"storeId":"woolworths","packageSize":"85g","cupPrice":"$1.18 / 100G","locations":{"ALL":{"price":1,"discountRate":52,"promo":"","orgPrice":2.1}},"categoryIds":["w-pantry"],"similarProducts":[]},{"id":"w-62965-9300667006980","name":"Continental Rice Oriental","brand":"Continental","imageUrls":["https://cdn0.woolworths.media/content/wowproductimages/large/062965.jpg"],"storeId":"woolworths","packageSize":"115g","cupPrice":"$0.87 / 100G","locations":{"ALL":{"price":1,"discountRate":52,"promo":"","orgPrice":2.1}},"categoryIds":["w-pantry"],"similarProducts":[]},{"id":"w-678656-9300830045273","name":"Continental Liquid Vegetable Stock","brand":"Continental","imageUrls":["https://cdn0.woolworths.media/content/wowproductimages/large/678656.jpg"],"storeId":"woolworths","packageSize":"1l","cupPrice":"$0.20 / 100ML","locations":{"ALL":{"price":2,"discountRate":50,"promo":"","orgPrice":4}},"categoryIds":["w-pantry"],"similarProducts":[]},{"id":"w-96024-9310015249426","name":"Doritos Mountain Dew","brand":"Doritos","imageUrls":["https://cdn0.woolworths.media/content/wowproductimages/large/096024.jpg"],"storeId":"woolworths","packageSize":"150g","cupPrice":"$1.17 / 100G","locations":{"ALL":{"price":1.75,"discountRate":50,"promo":"2 for $7.00","orgPrice":3.5}},"categoryIds":["w-pantry"],"similarProducts":[]},{"id":"w-85468-5018357013098","name":"Dorset Berry Granola","brand":"Dorset","imageUrls":["https://cdn0.woolworths.media/content/wowproductimages/large/085468.jpg"],"storeId":"woolworths","packageSize":"450g","cupPrice":"$0.78 / 100G","locations":{"ALL":{"price":3.5,"discountRate":50,"promo":"","orgPrice":7}},"categoryIds":["w-pantry"],"similarProducts":[]},{"id":"w-85597-5018357013012","name":"Dorset Honey Granola","brand":"Dorset","imageUrls":["https://cdn0.woolworths.media/content/wowproductimages/large/085597.jpg"],"storeId":"woolworths","packageSize":"450g","cupPrice":"$0.78 / 100G","locations":{"ALL":{"price":3.5,"discountRate":50,"promo":"","orgPrice":7}},"categoryIds":["w-pantry"],"similarProducts":[]},{"id":"w-85470-5018357013074","name":"Dorset Nut Granola","brand":"Dorset","imageUrls":["https://cdn0.woolworths.media/content/wowproductimages/large/085470.jpg"],"storeId":"woolworths","packageSize":"450g","cupPrice":"$0.78 / 100G","locations":{"ALL":{"price":3.5,"discountRate":50,"promo":"","orgPrice":7}},"categoryIds":["w-pantry"],"similarProducts":[]},{"id":"w-490105-9310273123889","name":"Green's Cake Mix Caramel Mud","brand":"Green's","imageUrls":["https://cdn0.woolworths.media/content/wowproductimages/large/490105.jpg"],"storeId":"woolworths","packageSize":"600g","cupPrice":"$0.33 / 100G","locations":{"ALL":{"price":2,"discountRate":50,"promo":"","orgPrice":4}},"categoryIds":["w-pantry"],"similarProducts":[]},{"id":"w-335575-9310273723508","name":"Green's Cake Mix Chocolate Mud","brand":"Green's","imageUrls":["https://cdn0.woolworths.media/content/wowproductimages/large/335575.jpg"],"storeId":"woolworths","packageSize":"530g","cupPrice":"$0.38 / 100G","locations":{"ALL":{"price":2,"discountRate":50,"promo":"","orgPrice":4}},"categoryIds":["w-pantry"],"similarProducts":[]},{"id":"w-827339-9310273115860","name":"Green's Cookies & Cream Cupcakes Mix","brand":"Green's","imageUrls":["https://cdn0.woolworths.media/content/wowproductimages/large/827339.jpg"],"storeId":"woolworths","packageSize":"380g","cupPrice":"$0.53 / 100G","locations":{"ALL":{"price":2,"discountRate":50,"promo":"","orgPrice":4}},"categoryIds":["w-pantry"],"similarProducts":[]},{"id":"w-255149-9310273122684","name":"Green's Cupcake Vanilla Mix","brand":"Green's","imageUrls":["https://cdn0.woolworths.media/content/wowproductimages/large/255149.jpg"],"storeId":"woolworths","packageSize":"490g","cupPrice":"$0.41 / 100G","locations":{"ALL":{"price":2,"discountRate":50,"promo":"","orgPrice":4}},"categoryIds":["w-pantry"],"similarProducts":[]},{"id":"w-324843-9310273123155","name":"Green's Orange Poppyseed Cake Mix","brand":"Green's","imageUrls":["https://cdn0.woolworths.media/content/wowproductimages/large/324843.jpg"],"storeId":"woolworths","packageSize":"580g","cupPrice":"$0.34 / 100G","locations":{"ALL":{"price":2,"discountRate":50,"promo":"","orgPrice":4}},"categoryIds":["w-pantry"],"similarProducts":[]},{"id":"w-307799-9310273122622","name":"Green's Pink Cupcakes Mix","brand":"Green's","imageUrls":["https://cdn0.woolworths.media/content/wowproductimages/large/307799.jpg"],"storeId":"woolworths","packageSize":"490g","cupPrice":"$0.41 / 100G","locations":{"ALL":{"price":2,"discountRate":50,"promo":"","orgPrice":4}},"categoryIds":["w-pantry"],"similarProducts":[]},{"id":"w-575821-9310273124985","name":"Green's Raspberry Crumble Slice","brand":"Green's","imageUrls":["https://cdn0.woolworths.media/content/wowproductimages/large/575821.jpg"],"storeId":"woolworths","packageSize":"380g","cupPrice":"$0.53 / 100G","locations":{"ALL":{"price":2,"discountRate":50,"promo":"","orgPrice":4}},"categoryIds":["w-pantry"],"similarProducts":[]},{"id":"w-85456-9310273001347","name":"Green's Temptations Blueberry & Buttermilk Pancake Shake","brand":"Green's","imageUrls":["https://cdn0.woolworths.media/content/wowproductimages/large/085456.jpg"],"storeId":"woolworths","packageSize":"325g","cupPrice":"$0.62 / 100G","locations":{"ALL":{"price":2,"discountRate":50,"promo":"","orgPrice":4}},"categoryIds":["w-pantry"],"similarProducts":[]},{"id":"w-85049-9310273001545","name":"Green's Temptations Choc Chip Buttermilk Pancake Shake","brand":"Green's","imageUrls":["https://cdn0.woolworths.media/content/wowproductimages/large/085049.jpg"],"storeId":"woolworths","packageSize":"335g","cupPrice":"$0.60 / 100G","locations":{"ALL":{"price":2,"discountRate":50,"promo":"","orgPrice":4}},"categoryIds":["w-pantry"],"similarProducts":[]},{"id":"w-85691-9310273223589","name":"Green's Temptations Chocolate Cupcake Mix","brand":"Green's","imageUrls":["https://cdn0.woolworths.media/content/wowproductimages/large/085691.jpg"],"storeId":"woolworths","packageSize":"450g","cupPrice":"$0.44 / 100G","locations":{"ALL":{"price":2,"discountRate":50,"promo":"","orgPrice":4}},"categoryIds":["w-pantry"],"similarProducts":[]},{"id":"w-661633-9310273124893","name":"Green's Vanilla Mud Cake Mix","brand":"Green's","imageUrls":["https://cdn0.woolworths.media/content/wowproductimages/large/661633.jpg"],"storeId":"woolworths","packageSize":"600g","cupPrice":"$0.33 / 100G","locations":{"ALL":{"price":2,"discountRate":50,"promo":"","orgPrice":4}},"categoryIds":["w-pantry"],"similarProducts":[]},{"id":"w-21568-9300657008369","name":"Greenseas Tuna Chunk In Olive Oil","brand":"Greenseas","imageUrls":["https://cdn0.woolworths.media/content/wowproductimages/large/021568.jpg"],"storeId":"woolworths","packageSize":"95g","cupPrice":"$10.53 / 1KG","locations":{"ALL":{"price":1,"discountRate":50,"promo":"","orgPrice":2}},"categoryIds":["w-pantry"],"similarProducts":[]},{"id":"w-37250-9300657008444","name":"Greenseas Tuna Chunk In Spring Water","brand":"Greenseas","imageUrls":["https://cdn0.woolworths.media/content/wowproductimages/large/037250.jpg"],"storeId":"woolworths","packageSize":"95g","cupPrice":"$10.53 / 1KG","locations":{"ALL":{"price":1,"discountRate":50,"promo":"","orgPrice":2}},"categoryIds":["w-pantry"],"similarProducts":[]},{"id":"w-32153-93657341","name":"Greenseas Tuna Chunks In Brine","brand":"Greenseas","imageUrls":["https://cdn0.woolworths.media/content/wowproductimages/large/032153.jpg"],"storeId":"woolworths","packageSize":"95g","cupPrice":"$10.53 / 1KG","locations":{"ALL":{"price":1,"discountRate":50,"promo":"","orgPrice":2}},"categoryIds":["w-pantry"],"similarProducts":[]},{"id":"w-7733-93305143","name":"Greenseas Tuna Lemon Pepper","brand":"Greenseas","imageUrls":["https://cdn0.woolworths.media/content/wowproductimages/large/007733.jpg"],"storeId":"woolworths","packageSize":"95g","cupPrice":"$10.53 / 1KG","locations":{"ALL":{"price":1,"discountRate":50,"promo":"","orgPrice":2}},"categoryIds":["w-pantry"],"similarProducts":[]},{"id":"w-7707-93305150","name":"Greenseas Tuna Natural Smoked Flavour","brand":"Greenseas","imageUrls":["https://cdn0.woolworths.media/content/wowproductimages/large/007707.jpg"],"storeId":"woolworths","packageSize":"95g","cupPrice":"$10.53 / 1KG","locations":{"ALL":{"price":1,"discountRate":50,"promo":"","orgPrice":2}},"categoryIds":["w-pantry"],"similarProducts":[]},{"id":"w-21569-93657686","name":"Greenseas Tuna Sandwich Flakes","brand":"Greenseas","imageUrls":["https://cdn0.woolworths.media/content/wowproductimages/large/021569.jpg"],"storeId":"woolworths","packageSize":"95g","cupPrice":"$10.53 / 1KG","locations":{"ALL":{"price":1,"discountRate":50,"promo":"","orgPrice":2}},"categoryIds":["w-pantry"],"similarProducts":[]},{"id":"w-185814-9300657029357","name":"Greenseas Tuna Spicy Chilli","brand":"Greenseas","imageUrls":["https://cdn0.woolworths.media/content/wowproductimages/large/185814.jpg"],"storeId":"woolworths","packageSize":"95g","cupPrice":"$10.53 / 1KG","locations":{"ALL":{"price":1,"discountRate":50,"promo":"","orgPrice":2}},"categoryIds":["w-pantry"],"similarProducts":[]},{"id":"w-185815-9300657029364","name":"Greenseas Tuna Sundried Tomato & Onion","brand":"Greenseas","imageUrls":["https://cdn0.woolworths.media/content/wowproductimages/large/185815.jpg"],"storeId":"woolworths","packageSize":"95g","cupPrice":"$10.53 / 1KG","locations":{"ALL":{"price":1,"discountRate":50,"promo":"","orgPrice":2}},"categoryIds":["w-pantry"],"similarProducts":[]},{"id":"w-85719-93430906","name":"Greenseas Tuna Sweet Chilli","brand":"Greenseas","imageUrls":["https://cdn0.woolworths.media/content/wowproductimages/large/085719.jpg"],"storeId":"woolworths","packageSize":"95g","cupPrice":"$10.53 / 1KG","locations":{"ALL":{"price":1,"discountRate":50,"promo":"","orgPrice":2}},"categoryIds":["w-pantry"],"similarProducts":[]},{"id":"w-7648-93305174","name":"Greenseas Tuna Tomato & Onion","brand":"Greenseas","imageUrls":["https://cdn0.woolworths.media/content/wowproductimages/large/007648.jpg"],"storeId":"woolworths","packageSize":"95g","cupPrice":"$10.53 / 1KG","locations":{"ALL":{"price":1,"discountRate":50,"promo":"","orgPrice":2}},"categoryIds":["w-pantry"],"similarProducts":[]},{"id":"w-83808-9350007004534","name":"Hart & Soul All Natural Butter Chicken Recipe Base","brand":"Hart & Soul","imageUrls":["https://cdn0.woolworths.media/content/wowproductimages/large/083808.jpg"],"storeId":"woolworths","packageSize":"80g","cupPrice":"$1.56 / 100G","locations":{"ALL":{"price":1.25,"discountRate":50,"promo":"","orgPrice":2.5}},"categoryIds":["w-pantry"],"similarProducts":[]},{"id":"w-84052-9350007004480","name":"Hart & Soul All Natural Green Curry Recipe Base","brand":"Hart & Soul","imageUrls":["https://cdn0.woolworths.media/content/wowproductimages/large/084052.jpg"],"storeId":"woolworths","packageSize":"80g","cupPrice":"$1.56 / 100G","locations":{"ALL":{"price":1.25,"discountRate":50,"promo":"","orgPrice":2.5}},"categoryIds":["w-pantry"],"similarProducts":[]},{"id":"w-84049-9350007004510","name":"Hart & Soul All Natural Laksa Recipe Base","brand":"Hart & Soul","imageUrls":["https://cdn0.woolworths.media/content/wowproductimages/large/084049.jpg"],"storeId":"woolworths","packageSize":"80g","cupPrice":"$1.56 / 100G","locations":{"ALL":{"price":1.25,"discountRate":50,"promo":"","orgPrice":2.5}},"categoryIds":["w-pantry"],"similarProducts":[]},{"id":"w-84046-9350007004503","name":"Hart & Soul All Natural Massaman Curry Recipe Base","brand":"Hart & Soul","imageUrls":["https://cdn0.woolworths.media/content/wowproductimages/large/084046.jpg"],"storeId":"woolworths","packageSize":"80g","cupPrice":"$1.56 / 100G","locations":{"ALL":{"price":1.25,"discountRate":50,"promo":"","orgPrice":2.5}},"categoryIds":["w-pantry"],"similarProducts":[]},{"id":"w-84047-9350007004978","name":"Hart & Soul All Natural Moroccan Tagine Recipe Base","brand":"Hart & Soul","imageUrls":["https://cdn0.woolworths.media/content/wowproductimages/large/084047.jpg"],"storeId":"woolworths","packageSize":"80g","cupPrice":"$1.56 / 100G","locations":{"ALL":{"price":1.25,"discountRate":50,"promo":"","orgPrice":2.5}},"categoryIds":["w-pantry"],"similarProducts":[]},{"id":"w-84048-9350007004558","name":"Hart & Soul All Natural Nasi Goreng Recipe Base","brand":"Hart & Soul","imageUrls":["https://cdn0.woolworths.media/content/wowproductimages/large/084048.jpg"],"storeId":"woolworths","packageSize":"80g","cupPrice":"$1.56 / 100G","locations":{"ALL":{"price":1.25,"discountRate":50,"promo":"","orgPrice":2.5}},"categoryIds":["w-pantry"],"similarProducts":[]},{"id":"w-84042-9350007004572","name":"Hart & Soul All Natural Pad Thai Recipe Base","brand":"Hart & Soul","imageUrls":["https://cdn0.woolworths.media/content/wowproductimages/large/084042.jpg"],"storeId":"woolworths","packageSize":"80g","cupPrice":"$1.56 / 100G","locations":{"ALL":{"price":1.25,"discountRate":50,"promo":"","orgPrice":2.5}},"categoryIds":["w-pantry"],"similarProducts":[]},{"id":"w-84043-9350007004947","name":"Hart & Soul All Natural Panang Curry Recipe Base","brand":"Hart & Soul","imageUrls":["https://cdn0.woolworths.media/content/wowproductimages/large/084043.jpg"],"storeId":"woolworths","packageSize":"80g","cupPrice":"$1.56 / 100G","locations":{"ALL":{"price":1.25,"discountRate":50,"promo":"","orgPrice":2.5}},"categoryIds":["w-pantry"],"similarProducts":[]},{"id":"w-84044-9350007004497","name":"Hart & Soul All Natural Red Curry Recipe Base","brand":"Hart & Soul","imageUrls":["https://cdn0.woolworths.media/content/wowproductimages/large/084044.jpg"],"storeId":"woolworths","packageSize":"80g","cupPrice":"$1.56 / 100G","locations":{"ALL":{"price":1.25,"discountRate":50,"promo":"","orgPrice":2.5}},"categoryIds":["w-pantry"],"similarProducts":[]},{"id":"w-83821-9350007004589","name":"Hart & Soul All Natural Rendang Curry Recipe Base","brand":"Hart & Soul","imageUrls":["https://cdn0.woolworths.media/content/wowproductimages/large/083821.jpg"],"storeId":"woolworths","packageSize":"80g","cupPrice":"$1.56 / 100G","locations":{"ALL":{"price":1.25,"discountRate":50,"promo":"","orgPrice":2.5}},"categoryIds":["w-pantry"],"similarProducts":[]},{"id":"w-84053-9350007004954","name":"Hart & Soul All Natural Satay Curry Recipe Base","brand":"Hart & Soul","imageUrls":["https://cdn0.woolworths.media/content/wowproductimages/large/084053.jpg"],"storeId":"woolworths","packageSize":"80g","cupPrice":"$1.56 / 100G","locations":{"ALL":{"price":1.25,"discountRate":50,"promo":"","orgPrice":2.5}},"categoryIds":["w-pantry"],"similarProducts":[]},{"id":"w-83635-9350007004565","name":"Hart & Soul All Natural Stroganoff Recipe Base","brand":"Hart & Soul","imageUrls":["https://cdn0.woolworths.media/content/wowproductimages/large/083635.jpg"],"storeId":"woolworths","packageSize":"80g","cupPrice":"$1.56 / 100G","locations":{"ALL":{"price":1.25,"discountRate":50,"promo":"","orgPrice":2.5}},"categoryIds":["w-pantry"],"similarProducts":[]},{"id":"w-83820-9350007004527","name":"Hart & Soul All Natural Teriyaki Stir Fry Recipe Base","brand":"Hart & Soul","imageUrls":["https://cdn0.woolworths.media/content/wowproductimages/large/083820.jpg"],"storeId":"woolworths","packageSize":"80g","cupPrice":"$1.56 / 100G","locations":{"ALL":{"price":1.25,"discountRate":50,"promo":"","orgPrice":2.5}},"categoryIds":["w-pantry"],"similarProducts":[]},{"id":"w-84050-9350007004473","name":"Hart & Soul All Natural Tikka Masala Recipe Base","brand":"Hart & Soul","imageUrls":["https://cdn0.woolworths.media/content/wowproductimages/large/084050.jpg"],"storeId":"woolworths","packageSize":"80g","cupPrice":"$1.56 / 100G","locations":{"ALL":{"price":1.25,"discountRate":50,"promo":"","orgPrice":2.5}},"categoryIds":["w-pantry"],"similarProducts":[]},{"id":"w-811775-9349809001254","name":"Health Lab Kids Probiotic Berry Bites","brand":"Health Lab","imageUrls":["https://cdn0.woolworths.media/content/wowproductimages/large/811775.jpg"],"storeId":"woolworths","packageSize":"5 pack","cupPrice":"$2.75 / 100G","locations":{"ALL":{"price":2.75,"discountRate":50,"promo":"","orgPrice":5.5}},"categoryIds":["w-pantry"],"similarProducts":[]},{"id":"w-811777-9349809000844","name":"Health Lab Kids Probiotic Chocolate Coconut Bites","brand":"Health Lab","imageUrls":["https://cdn0.woolworths.media/content/wowproductimages/large/811777.jpg"],"storeId":"woolworths","packageSize":"5 pack","cupPrice":"$2.75 / 100G","locations":{"ALL":{"price":2.75,"discountRate":50,"promo":"","orgPrice":5.5}},"categoryIds":["w-pantry"],"similarProducts":[]},{"id":"w-664133-9300462119632","name":"John West Salmon Tempters Coriander Chilli & Lime","brand":"John West","imageUrls":["https://cdn0.woolworths.media/content/wowproductimages/large/664133.jpg"],"storeId":"woolworths","packageSize":"95g","cupPrice":"$14.21 / 1KG","locations":{"ALL":{"price":1.35,"discountRate":50,"promo":"","orgPrice":2.7}},"categoryIds":["w-pantry"],"similarProducts":[]},{"id":"w-715636-9300462345475","name":"John West Salmon Tempters In Olive Oil","brand":"John West","imageUrls":["https://cdn0.woolworths.media/content/wowproductimages/large/715636.jpg"],"storeId":"woolworths","packageSize":"95g","cupPrice":"$14.21 / 1KG","locations":{"ALL":{"price":1.35,"discountRate":50,"promo":"","orgPrice":2.7}},"categoryIds":["w-pantry"],"similarProducts":[]},{"id":"w-263414-9300462341187","name":"John West Salmon Tempters In Springwater","brand":"John West","imageUrls":["https://cdn0.woolworths.media/content/wowproductimages/large/263414.jpg"],"storeId":"woolworths","packageSize":"95g","cupPrice":"$14.21 / 1KG","locations":{"ALL":{"price":1.35,"discountRate":50,"promo":"","orgPrice":2.7}},"categoryIds":["w-pantry"],"similarProducts":[]},{"id":"w-72472-9300654000588","name":"John West Salmon Tempters Lemon & Cracked Pepper","brand":"John West","imageUrls":["https://cdn0.woolworths.media/content/wowproductimages/large/072472.jpg"],"storeId":"woolworths","packageSize":"95g","cupPrice":"$14.21 / 1KG","locations":{"ALL":{"price":1.35,"discountRate":50,"promo":"","orgPrice":2.7}},"categoryIds":["w-pantry"],"similarProducts":[]},{"id":"w-72540-9300654000571","name":"John West Salmon Tempters Naturally Smoked","brand":"John West","imageUrls":["https://cdn0.woolworths.media/content/wowproductimages/large/072540.jpg"],"storeId":"woolworths","packageSize":"95g","cupPrice":"$14.21 / 1KG","locations":{"ALL":{"price":1.35,"discountRate":50,"promo":"","orgPrice":2.7}},"categoryIds":["w-pantry"],"similarProducts":[]},{"id":"w-211290-9300462346267","name":"John West Salmon Tempters Onion & Tomato","brand":"John West","imageUrls":["https://cdn0.woolworths.media/content/wowproductimages/large/211290.jpg"],"storeId":"woolworths","packageSize":"95g","cupPrice":"$14.21 / 1KG","locations":{"ALL":{"price":1.35,"discountRate":50,"promo":"","orgPrice":2.7}},"categoryIds":["w-pantry"],"similarProducts":[]},{"id":"w-790810-5010477346216","name":"Jordans Bursting With Berries Crunchy Oat Granola","brand":"Jordans","imageUrls":["https://cdn0.woolworths.media/content/wowproductimages/large/790810.jpg"],"storeId":"woolworths","packageSize":"500g","cupPrice":"$0.70 / 100G","locations":{"ALL":{"price":3.5,"discountRate":50,"promo":"","orgPrice":7}},"categoryIds":["w-pantry"],"similarProducts":[]},{"id":"w-780739-5010477341273","name":"Jordans Chunky Nut Crispy Oat Clusters","brand":"Jordans","imageUrls":["https://cdn0.woolworths.media/content/wowproductimages/large/780739.jpg"],"storeId":"woolworths","packageSize":"500g","cupPrice":"$0.70 / 100G","locations":{"ALL":{"price":3.5,"discountRate":50,"promo":"","orgPrice":7}},"categoryIds":["w-pantry"],"similarProducts":[]},{"id":"w-85469-5010477356215","name":"Jordans Cluster Bites Honey Nut","brand":"Jordans","imageUrls":["https://cdn0.woolworths.media/content/wowproductimages/large/085469.jpg"],"storeId":"woolworths","packageSize":"500g","cupPrice":"$0.70 / 100G","locations":{"ALL":{"price":3.5,"discountRate":50,"promo":"","orgPrice":7}},"categoryIds":["w-pantry"],"similarProducts":[]},{"id":"w-85599-5010477356192","name":"Jordans Cluster Bites Milk Chocolate","brand":"Jordans","imageUrls":["https://cdn0.woolworths.media/content/wowproductimages/large/085599.jpg"],"storeId":"woolworths","packageSize":"500g","cupPrice":"$0.70 / 100G","locations":{"ALL":{"price":3.5,"discountRate":50,"promo":"","orgPrice":7}},"categoryIds":["w-pantry"],"similarProducts":[]},{"id":"w-686551-5010477353818","name":"Jordans Granola Low Sugar Almond Hazelnut","brand":"Jordans","imageUrls":["https://cdn0.woolworths.media/content/wowproductimages/large/686551.jpg"],"storeId":"woolworths","packageSize":"500g","cupPrice":"$0.70 / 100G","locations":{"ALL":{"price":3.5,"discountRate":50,"promo":"","orgPrice":7}},"categoryIds":["w-pantry"],"similarProducts":[]},{"id":"w-810344-5010477353795","name":"Jordans Granola Low Sugar Cherry Almond","brand":"Jordans","imageUrls":["https://cdn0.woolworths.media/content/wowproductimages/large/810344.jpg"],"storeId":"woolworths","packageSize":"500g","cupPrice":"$0.70 / 100G","locations":{"ALL":{"price":3.5,"discountRate":50,"promo":"","orgPrice":7}},"categoryIds":["w-pantry"],"similarProducts":[]},{"id":"w-85598-5010477357274","name":"Jordans Low Sugar Granola Blueberry & Coconut","brand":"Jordans","imageUrls":["https://cdn0.woolworths.media/content/wowproductimages/large/085598.jpg"],"storeId":"woolworths","packageSize":"500g","cupPrice":"$0.70 / 100G","locations":{"ALL":{"price":3.5,"discountRate":50,"promo":"","orgPrice":7}},"categoryIds":["w-pantry"],"similarProducts":[]},{"id":"w-609556-5010477349651","name":"Jordans Simply Crunchy Oat Granola Honey","brand":"Jordans","imageUrls":["https://cdn0.woolworths.media/content/wowproductimages/large/609556.jpg"],"storeId":"woolworths","packageSize":"750g","cupPrice":"$0.47 / 100G","locations":{"ALL":{"price":3.5,"discountRate":50,"promo":"","orgPrice":7}},"categoryIds":["w-pantry"],"similarProducts":[]},{"id":"w-780751-5010477341259","name":"Jordans Strawberry Crispy Oat Clusters","brand":"Jordans","imageUrls":["https://cdn0.woolworths.media/content/wowproductimages/large/780751.jpg"],"storeId":"woolworths","packageSize":"500g","cupPrice":"$0.70 / 100G","locations":{"ALL":{"price":3.5,"discountRate":50,"promo":"","orgPrice":7}},"categoryIds":["w-pantry"],"similarProducts":[]},{"id":"w-52003-8000380007264","name":"Loacker Chocolate Classic Wafer","brand":"Loacker","imageUrls":["https://cdn0.woolworths.media/content/wowproductimages/large/052003.jpg"],"storeId":"woolworths","packageSize":"175g","cupPrice":"$0.86 / 100G","locations":{"ALL":{"price":1.5,"discountRate":50,"promo":"","orgPrice":3}},"categoryIds":["w-pantry"],"similarProducts":[]},{"id":"w-52002-8000380007219","name":"Loacker Napolitaner Wafers","brand":"Loacker","imageUrls":["https://cdn0.woolworths.media/content/wowproductimages/large/052002.jpg"],"storeId":"woolworths","packageSize":"175g","cupPrice":"$0.86 / 100G","locations":{"ALL":{"price":1.5,"discountRate":50,"promo":"","orgPrice":3}},"categoryIds":["w-pantry"],"similarProducts":[]},{"id":"w-579-40000000396","name":"M&m's Mini's Chocolate Tube","brand":"M&m's","imageUrls":["https://cdn0.woolworths.media/content/wowproductimages/large/000579.jpg"],"storeId":"woolworths","packageSize":"35g","cupPrice":"$2.86 / 100G","locations":{"ALL":{"price":1,"discountRate":50,"promo":"","orgPrice":2}},"categoryIds":["w-pantry"],"similarProducts":[]},{"id":"w-90681-9300682057257","name":"Mars Caramel Sundae Chocolate Bar","brand":"Mars","imageUrls":["https://cdn0.woolworths.media/content/wowproductimages/large/090681.jpg"],"storeId":"woolworths","packageSize":"45.5g","cupPrice":"$2.20 / 100G","locations":{"ALL":{"price":1,"discountRate":50,"promo":"","orgPrice":2}},"categoryIds":["w-pantry"],"similarProducts":[]},{"id":"w-98378-93682459","name":"Mars Chocolate Bar","brand":"Mars","imageUrls":["https://cdn0.woolworths.media/content/wowproductimages/large/098378.jpg"],"storeId":"woolworths","packageSize":"53g","cupPrice":"$1.89 / 100G","locations":{"ALL":{"price":1,"discountRate":50,"promo":"","orgPrice":2}},"categoryIds":["w-pantry"],"similarProducts":[]},{"id":"w-609023-9310012049029","name":"Masterfoods Barbeque Sauce","brand":"Masterfoods","imageUrls":["https://cdn0.woolworths.media/content/wowproductimages/large/609023.jpg"],"storeId":"woolworths","packageSize":"2l","cupPrice":"$0.18 / 100ML","locations":{"ALL":{"price":3.5,"discountRate":50,"promo":"","orgPrice":7}},"categoryIds":["w-pantry"],"similarProducts":[]},{"id":"w-608987-9310012048992","name":"Masterfoods Tomato Sauce","brand":"Masterfoods","imageUrls":["https://cdn0.woolworths.media/content/wowproductimages/large/608987.jpg"],"storeId":"woolworths","packageSize":"2l","cupPrice":"$0.18 / 100ML","locations":{"ALL":{"price":3.5,"discountRate":50,"promo":"","orgPrice":7}},"categoryIds":["w-pantry"],"similarProducts":[]},{"id":"w-80165-9315090209945","name":"Messy Monkeys Berry Rice Puff Bars","brand":"Messy Monkeys","imageUrls":["https://cdn0.woolworths.media/content/wowproductimages/large/080165.jpg"],"storeId":"woolworths","packageSize":"6 pack","cupPrice":"$2.86 / 100G","locations":{"ALL":{"price":2.75,"discountRate":50,"promo":"","orgPrice":5.5}},"categoryIds":["w-pantry"],"similarProducts":[]},{"id":"w-79836-9315090209938","name":"Messy Monkeys Chocolate Rice Puff Bars","brand":"Messy Monkeys","imageUrls":["https://cdn0.woolworths.media/content/wowproductimages/large/079836.jpg"],"storeId":"woolworths","packageSize":"6 pack","cupPrice":"$2.86 / 100G","locations":{"ALL":{"price":2.75,"discountRate":50,"promo":"","orgPrice":5.5}},"categoryIds":["w-pantry"],"similarProducts":[]},{"id":"w-893090-9300682046480","name":"Milky Way Chocolate Bar","brand":"Milky Way","imageUrls":["https://cdn0.woolworths.media/content/wowproductimages/large/893090.jpg"],"storeId":"woolworths","packageSize":"53g","cupPrice":"$1.89 / 100G","locations":{"ALL":{"price":1,"discountRate":50,"promo":"","orgPrice":2}},"categoryIds":["w-pantry"],"similarProducts":[]},{"id":"w-827591-9300605038271","name":"Milo Cereal","brand":"Milo","imageUrls":["https://cdn0.woolworths.media/content/wowproductimages/large/827591.jpg"],"storeId":"woolworths","packageSize":"700g","cupPrice":"$0.54 / 100G","locations":{"ALL":{"price":3.75,"discountRate":50,"promo":"","orgPrice":7.5}},"categoryIds":["w-pantry"],"similarProducts":[]},{"id":"w-9833-9317224404806","name":"Mission Corn & Wheat Tortillas","brand":"Mission","imageUrls":["https://cdn0.woolworths.media/content/wowproductimages/large/009833.jpg"],"storeId":"woolworths","packageSize":"384g","cupPrice":"$0.49 / 100G","locations":{"ALL":{"price":1.9,"discountRate":50,"promo":"","orgPrice":3.8}},"categoryIds":["w-pantry"],"similarProducts":[]},{"id":"w-333941-9317224400440","name":"Mission Low Fat Tortillas","brand":"Mission","imageUrls":["https://cdn0.woolworths.media/content/wowproductimages/large/333941.jpg"],"storeId":"woolworths","packageSize":"8 pack","cupPrice":"$0.49 / 100G","locations":{"ALL":{"price":1.9,"discountRate":50,"promo":"","orgPrice":3.8}},"categoryIds":["w-pantry"],"similarProducts":[]},{"id":"w-333917-9317224400426","name":"Mission Multigrain Tortillas","brand":"Mission","imageUrls":["https://cdn0.woolworths.media/content/wowproductimages/large/333917.jpg"],"storeId":"woolworths","packageSize":"8 pack","cupPrice":"$0.49 / 100G","locations":{"ALL":{"price":1.9,"discountRate":50,"promo":"","orgPrice":3.8}},"categoryIds":["w-pantry"],"similarProducts":[]},{"id":"w-333915-9317224400402","name":"Mission Original Tortillas","brand":"Mission","imageUrls":["https://cdn0.woolworths.media/content/wowproductimages/large/333915.jpg"],"storeId":"woolworths","packageSize":"12 pack","cupPrice":"$0.36 / 100G","locations":{"ALL":{"price":2.07,"discountRate":50,"promo":"","orgPrice":4.15}},"categoryIds":["w-pantry"],"similarProducts":[]},{"id":"w-610345-9317224403304","name":"Mission Street Mini Tacos","brand":"Mission","imageUrls":["https://cdn0.woolworths.media/content/wowproductimages/large/610345.jpg"],"storeId":"woolworths","packageSize":"10 pack","cupPrice":"$0.53 / 100G","locations":{"ALL":{"price":2,"discountRate":50,"promo":"","orgPrice":4}},"categoryIds":["w-pantry"],"similarProducts":[]},{"id":"w-379736-9317224400464","name":"Mission White Corn Tortillas","brand":"Mission","imageUrls":["https://cdn0.woolworths.media/content/wowproductimages/large/379736.jpg"],"storeId":"woolworths","packageSize":"12 pack","cupPrice":"$0.61 / 100G","locations":{"ALL":{"price":1.9,"discountRate":50,"promo":"","orgPrice":3.8}},"categoryIds":["w-pantry"],"similarProducts":[]},{"id":"w-72596-8410076620958","name":"Nature Valley Cocoa Hazelnut Cups","brand":"Nature Valley","imageUrls":["https://cdn0.woolworths.media/content/wowproductimages/large/072596.jpg"],"storeId":"woolworths","packageSize":"4 pack","cupPrice":"$1.89 / 100G","locations":{"ALL":{"price":2.65,"discountRate":50,"promo":"","orgPrice":5.3}},"categoryIds":["w-pantry"],"similarProducts":[]},{"id":"w-809407-8410076620590","name":"Nature Valley Nut Butter Peanut Chocolate Cups","brand":"Nature Valley","imageUrls":["https://cdn0.woolworths.media/content/wowproductimages/large/809407.jpg"],"storeId":"woolworths","packageSize":"4 pack","cupPrice":"$1.89 / 100G","locations":{"ALL":{"price":2.65,"discountRate":50,"promo":"","orgPrice":5.3}},"categoryIds":["w-pantry"],"similarProducts":[]},{"id":"w-195108-5011546451466","name":"Nescafe Coffee Mixer Sachets Cappuccino","brand":"Nescafe","imageUrls":["https://cdn0.woolworths.media/content/wowproductimages/large/195108.jpg"],"storeId":"woolworths","packageSize":"10 pack","cupPrice":"$0.32 / 1EA","locations":{"ALL":{"price":3.15,"discountRate":50,"promo":"","orgPrice":6.3}},"categoryIds":["w-pantry","w-drinks"],"similarProducts":[]},{"id":"w-226908-8801055061815","name":"Nescafe Coffee Mixer Sachets Caramel Latte","brand":"Nescafe","imageUrls":["https://cdn0.woolworths.media/content/wowproductimages/large/226908.jpg"],"storeId":"woolworths","packageSize":"10 pack","cupPrice":"$0.32 / 1EA","locations":{"ALL":{"price":3.15,"discountRate":50,"promo":"","orgPrice":6.3}},"categoryIds":["w-pantry","w-drinks"],"similarProducts":[]},{"id":"w-226666-8801055061846","name":"Nescafe Coffee Mixer Sachets Latte Hazelnut","brand":"Nescafe","imageUrls":["https://cdn0.woolworths.media/content/wowproductimages/large/226666.jpg"],"storeId":"woolworths","packageSize":"10 pack","cupPrice":"$0.32 / 1EA","locations":{"ALL":{"price":3.15,"discountRate":50,"promo":"","orgPrice":6.3}},"categoryIds":["w-pantry","w-drinks"],"similarProducts":[]},{"id":"w-226906-8801055061808","name":"Nescafe Coffee Mixer Sachets Latte Vanilla","brand":"Nescafe","imageUrls":["https://cdn0.woolworths.media/content/wowproductimages/large/226906.jpg"],"storeId":"woolworths","packageSize":"10 pack","cupPrice":"$0.32 / 1EA","locations":{"ALL":{"price":3.15,"discountRate":50,"promo":"","orgPrice":6.3}},"categoryIds":["w-pantry","w-drinks"],"similarProducts":[]},{"id":"w-226106-8801055062799","name":"Nescafe Coffee Mixer Sachets Mocha","brand":"Nescafe","imageUrls":["https://cdn0.woolworths.media/content/wowproductimages/large/226106.jpg"],"storeId":"woolworths","packageSize":"10 pack","cupPrice":"$0.32 / 1EA","locations":{"ALL":{"price":3.15,"discountRate":50,"promo":"","orgPrice":6.3}},"categoryIds":["w-pantry","w-drinks"],"similarProducts":[]},{"id":"w-259079-8801055062287","name":"Nescafe Coffee Mixer Sachets Strong Cappucino","brand":"Nescafe","imageUrls":["https://cdn0.woolworths.media/content/wowproductimages/large/259079.jpg"],"storeId":"woolworths","packageSize":"10 pack","cupPrice":"$0.32 / 1EA","locations":{"ALL":{"price":3.15,"discountRate":50,"promo":"","orgPrice":6.3}},"categoryIds":["w-pantry","w-drinks"],"similarProducts":[]},{"id":"w-22780-9300605126411","name":"Nescafe Decaf Cappuccino Coffee Sachets","brand":"Nescafe","imageUrls":["https://cdn0.woolworths.media/content/wowproductimages/large/022780.jpg"],"storeId":"woolworths","packageSize":"10 pack","cupPrice":"$0.32 / 1EA","locations":{"ALL":{"price":3.15,"discountRate":50,"promo":"","orgPrice":6.3}},"categoryIds":["w-pantry","w-drinks"],"similarProducts":[]},{"id":"w-22769-9300605127395","name":"Nescafe Gold Cappuccino Intense","brand":"Nescafe","imageUrls":["https://cdn0.woolworths.media/content/wowproductimages/large/022769.jpg"],"storeId":"woolworths","packageSize":"8 pack","cupPrice":"$0.39 / 1EA","locations":{"ALL":{"price":3.15,"discountRate":50,"promo":"","orgPrice":6.3}},"categoryIds":["w-pantry","w-drinks"],"similarProducts":[]},{"id":"w-22774-9300605127388","name":"Nescafe Gold Cappucino","brand":"Nescafe","imageUrls":["https://cdn0.woolworths.media/content/wowproductimages/large/022774.jpg"],"storeId":"woolworths","packageSize":"8 pack","cupPrice":"$0.39 / 1EA","locations":{"ALL":{"price":3.15,"discountRate":50,"promo":"","orgPrice":6.3}},"categoryIds":["w-pantry","w-drinks"],"similarProducts":[]},{"id":"w-22768-9300605127104","name":"Nescafe Gold Creme Brulee","brand":"Nescafe","imageUrls":["https://cdn0.woolworths.media/content/wowproductimages/large/022768.jpg"],"storeId":"woolworths","packageSize":"8 pack","cupPrice":"$0.39 / 1EA","locations":{"ALL":{"price":3.15,"discountRate":50,"promo":"","orgPrice":6.3}},"categoryIds":["w-pantry","w-drinks"],"similarProducts":[]},{"id":"w-22823-9300605126466","name":"Nescafe Latte","brand":"Nescafe","imageUrls":["https://cdn0.woolworths.media/content/wowproductimages/large/022823.jpg"],"storeId":"woolworths","packageSize":"10 pack","cupPrice":"$0.32 / 1EA","locations":{"ALL":{"price":3.15,"discountRate":50,"promo":"","orgPrice":6.3}},"categoryIds":["w-pantry","w-drinks"],"similarProducts":[]},{"id":"w-247242-4800361334341","name":"Nesquik Cereal","brand":"Nesquik","imageUrls":["https://cdn0.woolworths.media/content/wowproductimages/large/247242.jpg"],"storeId":"woolworths","packageSize":"650g","cupPrice":"$0.58 / 100G","locations":{"ALL":{"price":3.75,"discountRate":50,"promo":"","orgPrice":7.5}},"categoryIds":["w-pantry"],"similarProducts":[]},{"id":"w-827594-9300605069275","name":"Nestle Milo Duo Cereal","brand":"Nestle","imageUrls":["https://cdn0.woolworths.media/content/wowproductimages/large/827594.jpg"],"storeId":"woolworths","packageSize":"660g","cupPrice":"$0.57 / 100G","locations":{"ALL":{"price":3.75,"discountRate":50,"promo":"","orgPrice":7.5}},"categoryIds":["w-pantry"],"similarProducts":[]},{"id":"w-248250-9310060406935","name":"Nestle Uncle Tobys Muesli Bars Chewy Apricot","brand":"Nestle","imageUrls":["https://cdn0.woolworths.media/content/wowproductimages/large/248250.jpg"],"storeId":"woolworths","packageSize":"6 pack","cupPrice":"$1.16 / 100G","locations":{"ALL":{"price":2.15,"discountRate":50,"promo":"","orgPrice":4.3}},"categoryIds":["w-pantry","w-lunch-box"],"similarProducts":[]},{"id":"w-248257-9310060407260","name":"Nestle Uncle Tobys Muesli Bars Yoghurt & Honeycomb","brand":"Nestle","imageUrls":["https://cdn0.woolworths.media/content/wowproductimages/large/248257.jpg"],"storeId":"woolworths","packageSize":"185g","cupPrice":"$1.16 / 100G","locations":{"ALL":{"price":2.15,"discountRate":50,"promo":"","orgPrice":4.3}},"categoryIds":["w-pantry","w-lunch-box"],"similarProducts":[]},{"id":"w-248248-9310060406997","name":"Nestle Uncle Tobys Muesli Bars Yoghurt & Mango & Passionfruit","brand":"Nestle","imageUrls":["https://cdn0.woolworths.media/content/wowproductimages/large/248248.jpg"],"storeId":"woolworths","packageSize":"6 pack","cupPrice":"$1.16 / 100G","locations":{"ALL":{"price":2.15,"discountRate":50,"promo":"","orgPrice":4.3}},"categoryIds":["w-pantry","w-lunch-box"],"similarProducts":[]},{"id":"w-954210-9400563448683","name":"Nice & Natural Chocolate Nut Bar Apricot","brand":"Nice & Natural","imageUrls":["https://cdn0.woolworths.media/content/wowproductimages/large/954210.jpg"],"storeId":"woolworths","packageSize":"180g x6 pack","cupPrice":"$1.11 / 100G","locations":{"ALL":{"price":2,"discountRate":50,"promo":"","orgPrice":4}},"categoryIds":["w-pantry"],"similarProducts":[]},{"id":"w-343910-9400563740565","name":"Nice & Natural Chocolate Nut Bar Peanut & Almond","brand":"Nice & Natural","imageUrls":["https://cdn0.woolworths.media/content/wowproductimages/large/343910.jpg"],"storeId":"woolworths","packageSize":"6 pack","cupPrice":"$1.11 / 100G","locations":{"ALL":{"price":2,"discountRate":50,"promo":"","orgPrice":4}},"categoryIds":["w-pantry","w-lunch-box"],"similarProducts":[]},{"id":"w-332059-9400563738944","name":"Nice & Natural Nut Bar Chocolate","brand":"Nice & Natural","imageUrls":["https://cdn0.woolworths.media/content/wowproductimages/large/332059.jpg"],"storeId":"woolworths","packageSize":"6 pack","cupPrice":"$1.04 / 100G","locations":{"ALL":{"price":2,"discountRate":50,"promo":"","orgPrice":4}},"categoryIds":["w-pantry","w-lunch-box"],"similarProducts":[]},{"id":"w-332068-9400563448652","name":"Nice & Natural Nut Bar Trail Mix","brand":"Nice & Natural","imageUrls":["https://cdn0.woolworths.media/content/wowproductimages/large/332068.jpg"],"storeId":"woolworths","packageSize":"6 pack","cupPrice":"$1.04 / 100G","locations":{"ALL":{"price":2,"discountRate":50,"promo":"","orgPrice":4}},"categoryIds":["w-pantry","w-lunch-box"],"similarProducts":[]},{"id":"w-332066-9400563738951","name":"Nice & Natural Nut Bar Yoghurt","brand":"Nice & Natural","imageUrls":["https://cdn0.woolworths.media/content/wowproductimages/large/332066.jpg"],"storeId":"woolworths","packageSize":"6 pack","cupPrice":"$1.04 / 100G","locations":{"ALL":{"price":2,"discountRate":50,"promo":"","orgPrice":4}},"categoryIds":["w-pantry","w-lunch-box"],"similarProducts":[]},{"id":"w-70654-9400563455667","name":"Nice & Natural Protein Whole Seed Bar With Sunflower & Pumpkin Seeds","brand":"Nice & Natural","imageUrls":["https://cdn0.woolworths.media/content/wowproductimages/large/070654.jpg"],"storeId":"woolworths","packageSize":"5 pack","cupPrice":"$1.67 / 100G","locations":{"ALL":{"price":2.5,"discountRate":50,"promo":"","orgPrice":5}},"categoryIds":["w-pantry"],"similarProducts":[]},{"id":"w-807865-9400563454608","name":"Nice & Natural Protein Wholeseed Bars Coconut & Goji Berry","brand":"Nice & Natural","imageUrls":["https://cdn0.woolworths.media/content/wowproductimages/large/807865.jpg"],"storeId":"woolworths","packageSize":"5 pack","cupPrice":"$1.67 / 100G","locations":{"ALL":{"price":2.5,"discountRate":50,"promo":"","orgPrice":5}},"categoryIds":["w-pantry"],"similarProducts":[]},{"id":"w-807862-9400563454615","name":"Nice & Natural Protein Wholeseed Bars Cranberry & Raspberry","brand":"Nice & Natural","imageUrls":["https://cdn0.woolworths.media/content/wowproductimages/large/807862.jpg"],"storeId":"woolworths","packageSize":"5 pack","cupPrice":"$1.67 / 100G","locations":{"ALL":{"price":2.5,"discountRate":50,"promo":"","orgPrice":5}},"categoryIds":["w-pantry"],"similarProducts":[]},{"id":"w-332070-9400563738982","name":"Nice & Natural Roasted Nut Bars Almond","brand":"Nice & Natural","imageUrls":["https://cdn0.woolworths.media/content/wowproductimages/large/332070.jpg"],"storeId":"woolworths","packageSize":"6 pack","cupPrice":"$1.04 / 100G","locations":{"ALL":{"price":2,"discountRate":50,"promo":"","orgPrice":4}},"categoryIds":["w-pantry"],"similarProducts":[]},{"id":"w-830008-9400563448607","name":"Nice & Natural Roasted Peanut & Cashew Bar With Milk Chocolate Drizzle","brand":"Nice & Natural","imageUrls":["https://cdn0.woolworths.media/content/wowproductimages/large/830008.jpg"],"storeId":"woolworths","packageSize":"6 pack","cupPrice":"$1.04 / 100G","locations":{"ALL":{"price":2,"discountRate":50,"promo":"","orgPrice":4}},"categoryIds":["w-pantry"],"similarProducts":[]},{"id":"w-96010-9312016005810","name":"Noya Abc Almond Brazil & Cashew Butter","brand":"Noya","imageUrls":["https://cdn0.woolworths.media/content/wowproductimages/large/096010.jpg"],"storeId":"woolworths","packageSize":"250g","cupPrice":"$1.70 / 100G","locations":{"ALL":{"price":4.25,"discountRate":50,"promo":"","orgPrice":8.5}},"categoryIds":["w-pantry"],"similarProducts":[]},{"id":"w-96804-9312016005827","name":"Noya Almond Nut Butter","brand":"Noya","imageUrls":["https://cdn0.woolworths.media/content/wowproductimages/large/096804.jpg"],"storeId":"woolworths","packageSize":"250g","cupPrice":"$1.70 / 100G","locations":{"ALL":{"price":4.25,"discountRate":50,"promo":"","orgPrice":8.5}},"categoryIds":["w-pantry"],"similarProducts":[]},{"id":"w-96906-9312016005780","name":"Noya Cashew Nut Butter","brand":"Noya","imageUrls":["https://cdn0.woolworths.media/content/wowproductimages/large/096906.jpg"],"storeId":"woolworths","packageSize":"250g","cupPrice":"$1.70 / 100G","locations":{"ALL":{"price":4.25,"discountRate":50,"promo":"","orgPrice":8.5}},"categoryIds":["w-pantry"],"similarProducts":[]},{"id":"w-97204-9312016034049","name":"Noya Hazelnut & Cashew Butter","brand":"Noya","imageUrls":["https://cdn0.woolworths.media/content/wowproductimages/large/097204.jpg"],"storeId":"woolworths","packageSize":"200g","cupPrice":"$2.13 / 100G","locations":{"ALL":{"price":4.25,"discountRate":50,"promo":"","orgPrice":8.5}},"categoryIds":["w-pantry"],"similarProducts":[]},{"id":"w-96905-9312016034056","name":"Noya Macadamia & Cashew Butter","brand":"Noya","imageUrls":["https://cdn0.woolworths.media/content/wowproductimages/large/096905.jpg"],"storeId":"woolworths","packageSize":"200g","cupPrice":"$3.00 / 100G","locations":{"ALL":{"price":6,"discountRate":50,"promo":"","orgPrice":12}},"categoryIds":["w-pantry"],"similarProducts":[]},{"id":"w-819744-9310034001197","name":"Oreo Wafer Bites Vanilla","brand":"Oreo","imageUrls":["https://cdn0.woolworths.media/content/wowproductimages/large/819744.jpg"],"storeId":"woolworths","packageSize":"47g","cupPrice":"$1.60 / 100G","locations":{"ALL":{"price":0.75,"discountRate":50,"promo":"","orgPrice":1.5}},"categoryIds":["w-pantry"],"similarProducts":[]},{"id":"w-21463-9300617075608","name":"Pascall Choc Mallows Bites Raspberry","brand":"Pascall","imageUrls":["https://cdn0.woolworths.media/content/wowproductimages/large/021463.jpg"],"storeId":"woolworths","packageSize":"160g","cupPrice":"$1.25 / 100G","locations":{"ALL":{"price":2,"discountRate":50,"promo":"","orgPrice":4}},"categoryIds":["w-pantry"],"similarProducts":[]},{"id":"w-21454-9300617075592","name":"Pascall Choc Mallows Bites Vanilla","brand":"Pascall","imageUrls":["https://cdn0.woolworths.media/content/wowproductimages/large/021454.jpg"],"storeId":"woolworths","packageSize":"160g","cupPrice":"$1.25 / 100G","locations":{"ALL":{"price":2,"discountRate":50,"promo":"","orgPrice":4}},"categoryIds":["w-pantry"],"similarProducts":[]},{"id":"w-828997-9300617042990","name":"Pascall Jubes","brand":"Pascall","imageUrls":["https://cdn0.woolworths.media/content/wowproductimages/large/828997.jpg"],"storeId":"woolworths","packageSize":"350g bag","cupPrice":"$0.57 / 100G","locations":{"ALL":{"price":2,"discountRate":50,"promo":"","orgPrice":4}},"categoryIds":["w-pantry"],"similarProducts":[]},{"id":"w-828996-9300617042976","name":"Pascall Marshmallows Vanilla Raspberry","brand":"Pascall","imageUrls":["https://cdn0.woolworths.media/content/wowproductimages/large/828996.jpg"],"storeId":"woolworths","packageSize":"280g bag","cupPrice":"$0.71 / 100G","locations":{"ALL":{"price":2,"discountRate":50,"promo":"","orgPrice":4}},"categoryIds":["w-pantry"],"similarProducts":[]},{"id":"w-828969-9400550005226","name":"Pascall Pineapple Lumps","brand":"Pascall","imageUrls":["https://cdn0.woolworths.media/content/wowproductimages/large/828969.jpg"],"storeId":"woolworths","packageSize":"185g bag","cupPrice":"$1.08 / 100G","locations":{"ALL":{"price":2,"discountRate":50,"promo":"","orgPrice":4}},"categoryIds":["w-pantry"],"similarProducts":[]},{"id":"w-4021-9322969000039","name":"Real Foods Corn Thins Multigrain","brand":"Real Foods","imageUrls":["https://cdn0.woolworths.media/content/wowproductimages/large/004021.jpg"],"storeId":"woolworths","packageSize":"150g","cupPrice":"$0.67 / 100G","locations":{"ALL":{"price":1,"discountRate":50,"promo":"","orgPrice":2}},"categoryIds":["w-pantry","w-lunch-box"],"similarProducts":[]},{"id":"w-71422-9322969000015","name":"Real Foods Corn Thins Original","brand":"Real Foods","imageUrls":["https://cdn0.woolworths.media/content/wowproductimages/large/071422.jpg"],"storeId":"woolworths","packageSize":"150g","cupPrice":"$0.67 / 100G","locations":{"ALL":{"price":1,"discountRate":50,"promo":"","orgPrice":2}},"categoryIds":["w-pantry","w-lunch-box"],"similarProducts":[]},{"id":"w-113797-9322969000046","name":"Real Foods Corn Thins Sesame","brand":"Real Foods","imageUrls":["https://cdn0.woolworths.media/content/wowproductimages/large/113797.jpg"],"storeId":"woolworths","packageSize":"150g","cupPrice":"$0.67 / 100G","locations":{"ALL":{"price":1,"discountRate":50,"promo":"","orgPrice":2}},"categoryIds":["w-pantry","w-lunch-box"],"similarProducts":[]},{"id":"w-3961-9322969000022","name":"Real Foods Corn Thins Soy And Linseed","brand":"Real Foods","imageUrls":["https://cdn0.woolworths.media/content/wowproductimages/large/003961.jpg"],"storeId":"woolworths","packageSize":"150g","cupPrice":"$0.67 / 100G","locations":{"ALL":{"price":1,"discountRate":50,"promo":"","orgPrice":2}},"categoryIds":["w-pantry","w-lunch-box"],"similarProducts":[]},{"id":"w-747180-9322969000961","name":"Real Foods Corn Thins Tasty Cheese","brand":"Real Foods","imageUrls":["https://cdn0.woolworths.media/content/wowproductimages/large/747180.jpg"],"storeId":"woolworths","packageSize":"125g","cupPrice":"$0.80 / 100G","locations":{"ALL":{"price":1,"discountRate":50,"promo":"","orgPrice":2}},"categoryIds":["w-pantry","w-lunch-box"],"similarProducts":[]},{"id":"w-727530-9322969000190","name":"Real Foods Grain Thins Sorghum","brand":"Real Foods","imageUrls":["https://cdn0.woolworths.media/content/wowproductimages/large/727530.jpg"],"storeId":"woolworths","packageSize":"150g","cupPrice":"$0.67 / 100G","locations":{"ALL":{"price":1,"discountRate":50,"promo":"","orgPrice":2}},"categoryIds":["w-pantry","w-lunch-box"],"similarProducts":[]},{"id":"w-257879-9333404000231","name":"Red Island Extra Virgin Olive Oil Cold Pressed","brand":"Red Island","imageUrls":["https://cdn0.woolworths.media/content/wowproductimages/large/257879.jpg"],"storeId":"woolworths","packageSize":"1l","cupPrice":"$0.80 / 100ML","locations":{"ALL":{"price":8,"discountRate":50,"promo":"","orgPrice":16}},"categoryIds":["w-pantry"],"similarProducts":[]},{"id":"w-55380-9310015247422","name":"Red Rock Deli Deluxe Crisps Chilli Roast Garlic & Lemon Oil","brand":"Red Rock Deli","imageUrls":["https://cdn0.woolworths.media/content/wowproductimages/large/055380.jpg"],"storeId":"woolworths","packageSize":"135g","cupPrice":"$1.67 / 100G","locations":{"ALL":{"price":2.25,"discountRate":50,"promo":"","orgPrice":4.5}},"categoryIds":["w-pantry"],"similarProducts":[]},{"id":"w-54674-9310015247460","name":"Red Rock Deli Mixed Nuts Caramelised Garlic And Lemon","brand":"Red Rock Deli","imageUrls":["https://cdn0.woolworths.media/content/wowproductimages/large/054674.jpg"],"storeId":"woolworths","packageSize":"100g","cupPrice":"$20.00 / 1KG","locations":{"ALL":{"price":2,"discountRate":50,"promo":"","orgPrice":4}},"categoryIds":["w-pantry"],"similarProducts":[]},{"id":"w-369908-9300652955637","name":"Sanitarium Up&go Liquid Breakfast Banana","brand":"Sanitarium","imageUrls":["https://cdn0.woolworths.media/content/wowproductimages/large/369908.jpg"],"storeId":"woolworths","packageSize":"6 pack","cupPrice":"$3.00 / 1L","locations":{"ALL":{"price":4.5,"discountRate":50,"promo":"","orgPrice":9}},"categoryIds":["w-pantry","w-lunch-box"],"similarProducts":[]},{"id":"w-167863-9300652009309","name":"Sanitarium Up&go Liquid Breakfast Choc Ice","brand":"Sanitarium","imageUrls":["https://cdn0.woolworths.media/content/wowproductimages/large/167863.jpg"],"storeId":"woolworths","packageSize":"6 pack","cupPrice":"$3.00 / 1L","locations":{"ALL":{"price":4.5,"discountRate":50,"promo":"","orgPrice":9}},"categoryIds":["w-pantry","w-lunch-box"],"similarProducts":[]},{"id":"w-78775-9300652809602","name":"Sanitarium Up&go Liquid Breakfast No Added Sugar Choc Ice","brand":"Sanitarium","imageUrls":["https://cdn0.woolworths.media/content/wowproductimages/large/078775.jpg"],"storeId":"woolworths","packageSize":"250ml x6 pack","cupPrice":"$3.00 / 1L","locations":{"ALL":{"price":4.5,"discountRate":50,"promo":"","orgPrice":9}},"categoryIds":["w-pantry"],"similarProducts":[]},{"id":"w-77956-9300652809633","name":"Sanitarium Up&go Liquid Breakfast No Added Sugar Vanilla Ice","brand":"Sanitarium","imageUrls":["https://cdn0.woolworths.media/content/wowproductimages/large/077956.jpg"],"storeId":"woolworths","packageSize":"250ml x6 pack","cupPrice":"$3.00 / 1L","locations":{"ALL":{"price":4.5,"discountRate":50,"promo":"","orgPrice":9}},"categoryIds":["w-pantry"],"similarProducts":[]},{"id":"w-189655-9300652010213","name":"Sanitarium Up&go Liquid Breakfast Strawberry","brand":"Sanitarium","imageUrls":["https://cdn0.woolworths.media/content/wowproductimages/large/189655.jpg"],"storeId":"woolworths","packageSize":"6 pack","cupPrice":"$3.00 / 1L","locations":{"ALL":{"price":4.5,"discountRate":50,"promo":"","orgPrice":9}},"categoryIds":["w-pantry","w-lunch-box"],"similarProducts":[]},{"id":"w-201407-9300652011395","name":"Sanitarium Up&go Liquid Breakfast Vanilla Ice","brand":"Sanitarium","imageUrls":["https://cdn0.woolworths.media/content/wowproductimages/large/201407.jpg"],"storeId":"woolworths","packageSize":"6 pack","cupPrice":"$3.00 / 1L","locations":{"ALL":{"price":4.5,"discountRate":50,"promo":"","orgPrice":9}},"categoryIds":["w-pantry","w-lunch-box"],"similarProducts":[]},{"id":"w-717254-9300652803204","name":"Sanitarium Up&go Protein Energize Choc","brand":"Sanitarium","imageUrls":["https://cdn0.woolworths.media/content/wowproductimages/large/717254.jpg"],"storeId":"woolworths","packageSize":"250ml x6 pack","cupPrice":"$3.00 / 1L","locations":{"ALL":{"price":4.5,"discountRate":50,"promo":"","orgPrice":9}},"categoryIds":["w-pantry","w-lunch-box"],"similarProducts":[]},{"id":"w-750104-9300652803792","name":"Sanitarium Up&go Protein Energize Coffee","brand":"Sanitarium","imageUrls":["https://cdn0.woolworths.media/content/wowproductimages/large/750104.jpg"],"storeId":"woolworths","packageSize":"250ml x6 pack","cupPrice":"$3.00 / 1L","locations":{"ALL":{"price":4.5,"discountRate":50,"promo":"","orgPrice":9}},"categoryIds":["w-pantry","w-lunch-box"],"similarProducts":[]},{"id":"w-750079-9300652803808","name":"Sanitarium Up&go Protein Energize Vanilla","brand":"Sanitarium","imageUrls":["https://cdn0.woolworths.media/content/wowproductimages/large/750079.jpg"],"storeId":"woolworths","packageSize":"250ml x6 pack","cupPrice":"$3.00 / 1L","locations":{"ALL":{"price":4.5,"discountRate":50,"promo":"","orgPrice":9}},"categoryIds":["w-pantry","w-lunch-box"],"similarProducts":[]},{"id":"w-793114-9300652805048","name":"Sanitarium Weet-bix Breakfast Cereal","brand":"Sanitarium","imageUrls":["https://cdn0.woolworths.media/content/wowproductimages/large/793114.jpg"],"storeId":"woolworths","packageSize":"575g","cupPrice":"$0.33 / 100G","locations":{"ALL":{"price":1.9,"discountRate":50,"promo":"","orgPrice":3.8}},"categoryIds":["w-pantry"],"similarProducts":[]},{"id":"w-80115-5010034007857","name":"Seeds Of Change Organic Mediterranean Style Brown Rice","brand":"Seeds Of Change","imageUrls":["https://cdn0.woolworths.media/content/wowproductimages/large/080115.jpg"],"storeId":"woolworths","packageSize":"240g","cupPrice":"$0.73 / 100G","locations":{"ALL":{"price":1.75,"discountRate":50,"promo":"","orgPrice":3.5}},"categoryIds":["w-pantry"],"similarProducts":[]},{"id":"w-785455-9300682052825","name":"Snickers Chocolate Bar","brand":"Snickers","imageUrls":["https://cdn0.woolworths.media/content/wowproductimages/large/785455.jpg"],"storeId":"woolworths","packageSize":"50g","cupPrice":"$2.00 / 100G","locations":{"ALL":{"price":1,"discountRate":50,"promo":"","orgPrice":2}},"categoryIds":["w-pantry"],"similarProducts":[]},{"id":"w-87796-4607065738624","name":"Snickers Crisper Chocolate Bar","brand":"Snickers","imageUrls":["https://cdn0.woolworths.media/content/wowproductimages/large/087796.jpg"],"storeId":"woolworths","packageSize":"40g","cupPrice":"$2.50 / 100G","locations":{"ALL":{"price":1,"discountRate":50,"promo":"","orgPrice":2}},"categoryIds":["w-pantry"],"similarProducts":[]},{"id":"w-95394-9310006419470","name":"Spc Baked Beans Rich Tomato","brand":"Spc","imageUrls":["https://cdn0.woolworths.media/content/wowproductimages/large/095394.jpg"],"storeId":"woolworths","packageSize":"140g x12 pack","cupPrice":"$0.30 / 100G","locations":{"ALL":{"price":5,"discountRate":52,"promo":"","orgPrice":10.5}},"categoryIds":["w-pantry"],"similarProducts":[]},{"id":"w-95412-9310006828821","name":"Spc Spaghetti Rich Tomato","brand":"Spc","imageUrls":["https://cdn0.woolworths.media/content/wowproductimages/large/095412.jpg"],"storeId":"woolworths","packageSize":"140g x12 pack","cupPrice":"$0.30 / 100G","locations":{"ALL":{"price":5,"discountRate":52,"promo":"","orgPrice":10.5}},"categoryIds":["w-pantry"],"similarProducts":[]},{"id":"w-941242-9310162720090","name":"Sunbeam Gourmet Mixed Fruit","brand":"Sunbeam","imageUrls":["https://cdn0.woolworths.media/content/wowproductimages/large/941242.jpg"],"storeId":"woolworths","packageSize":"500g","cupPrice":"$7.50 / 1KG","locations":{"ALL":{"price":3.75,"discountRate":50,"promo":"","orgPrice":7.5}},"categoryIds":["w-pantry"],"similarProducts":[]},{"id":"w-87868-9310140010724","name":"Sunrice Brown Rice Chips Sea Salt","brand":"Sunrice","imageUrls":["https://cdn0.woolworths.media/content/wowproductimages/large/087868.jpg"],"storeId":"woolworths","packageSize":"150g","cupPrice":"$1.67 / 100G","locations":{"ALL":{"price":2.5,"discountRate":50,"promo":"","orgPrice":5}},"categoryIds":["w-pantry"],"similarProducts":[]},{"id":"w-88663-9310140010748","name":"Sunrice Brown Rice Chips Smokehouse Bbq & Paprika","brand":"Sunrice","imageUrls":["https://cdn0.woolworths.media/content/wowproductimages/large/088663.jpg"],"storeId":"woolworths","packageSize":"150g","cupPrice":"$1.67 / 100G","locations":{"ALL":{"price":2.5,"discountRate":50,"promo":"","orgPrice":5}},"categoryIds":["w-pantry"],"similarProducts":[]},{"id":"w-88167-9310140010731","name":"Sunrice Brown Rice Chips Wild Rice","brand":"Sunrice","imageUrls":["https://cdn0.woolworths.media/content/wowproductimages/large/088167.jpg"],"storeId":"woolworths","packageSize":"150g","cupPrice":"$1.67 / 100G","locations":{"ALL":{"price":2.5,"discountRate":50,"promo":"","orgPrice":5}},"categoryIds":["w-pantry"],"similarProducts":[]},{"id":"w-354357-9310988009461","name":"Thins Cheese & Onion Chips","brand":"Thins","imageUrls":["https://cdn0.woolworths.media/content/wowproductimages/large/354357.jpg"],"storeId":"woolworths","packageSize":"175g","cupPrice":"$1.00 / 100G","locations":{"ALL":{"price":1.75,"discountRate":50,"promo":"","orgPrice":3.5}},"categoryIds":["w-pantry"],"similarProducts":[]},{"id":"w-319967-9310988009478","name":"Thins Chips Chicken","brand":"Thins","imageUrls":["https://cdn0.woolworths.media/content/wowproductimages/large/319967.jpg"],"storeId":"woolworths","packageSize":"175g","cupPrice":"$1.00 / 100G","locations":{"ALL":{"price":1.75,"discountRate":50,"promo":"","orgPrice":3.5}},"categoryIds":["w-pantry"],"similarProducts":[]},{"id":"w-274324-9310988009287","name":"Thins Chips Original","brand":"Thins","imageUrls":["https://cdn0.woolworths.media/content/wowproductimages/large/274324.jpg"],"storeId":"woolworths","packageSize":"175g","cupPrice":"$1.00 / 100G","locations":{"ALL":{"price":1.75,"discountRate":50,"promo":"","orgPrice":3.5}},"categoryIds":["w-pantry"],"similarProducts":[]},{"id":"w-274326-9310988009294","name":"Thins Chips Light & Tangy","brand":"Thins","imageUrls":["https://cdn0.woolworths.media/content/wowproductimages/large/274326.jpg"],"storeId":"woolworths","packageSize":"175g","cupPrice":"$1.00 / 100G","locations":{"ALL":{"price":1.75,"discountRate":50,"promo":"","orgPrice":3.5}},"categoryIds":["w-pantry"],"similarProducts":[]},{"id":"w-319951-9310988009270","name":"Thins Chips Salt & Vinegar","brand":"Thins","imageUrls":["https://cdn0.woolworths.media/content/wowproductimages/large/319951.jpg"],"storeId":"woolworths","packageSize":"175g","cupPrice":"$1.00 / 100G","locations":{"ALL":{"price":1.75,"discountRate":50,"promo":"","orgPrice":3.5}},"categoryIds":["w-pantry"],"similarProducts":[]},{"id":"w-55497-9310988017664","name":"Thins Hot & Spicy Potato Chips","brand":"Thins","imageUrls":["https://cdn0.woolworths.media/content/wowproductimages/large/055497.jpg"],"storeId":"woolworths","packageSize":"175g","cupPrice":"$1.00 / 100G","locations":{"ALL":{"price":1.75,"discountRate":50,"promo":"","orgPrice":3.5}},"categoryIds":["w-pantry"],"similarProducts":[]},{"id":"w-47011-76145513","name":"Toblerone Milk Chocolate Bar","brand":"Toblerone","imageUrls":["https://cdn0.woolworths.media/content/wowproductimages/large/047011.jpg"],"storeId":"woolworths","packageSize":"50g","cupPrice":"$2.00 / 100G","locations":{"ALL":{"price":1,"discountRate":50,"promo":"","orgPrice":2}},"categoryIds":["w-pantry"],"similarProducts":[]},{"id":"w-684471-9300617071594","name":"Toblerone Milk Chocolate Sharepack","brand":"Toblerone","imageUrls":["https://cdn0.woolworths.media/content/wowproductimages/large/684471.jpg"],"storeId":"woolworths","packageSize":"200g","cupPrice":"$1.00 / 100G","locations":{"ALL":{"price":2,"discountRate":60,"promo":"","orgPrice":5}},"categoryIds":["w-pantry"],"similarProducts":[]},{"id":"w-728313-70177194826","name":"Twinings Assam Bold Tea","brand":"Twinings","imageUrls":["https://cdn0.woolworths.media/content/wowproductimages/large/728313.jpg"],"storeId":"woolworths","packageSize":"80 pack","cupPrice":"$0.07 / 1EA","locations":{"ALL":{"price":5.5,"discountRate":50,"promo":"","orgPrice":11}},"categoryIds":["w-pantry","w-drinks"],"similarProducts":[]},{"id":"w-714457-70177187699","name":"Twinings Australian Afternoon Tea Bags","brand":"Twinings","imageUrls":["https://cdn0.woolworths.media/content/wowproductimages/large/714457.jpg"],"storeId":"woolworths","packageSize":"100 pack","cupPrice":"$0.06 / 1EA","locations":{"ALL":{"price":5.5,"discountRate":50,"promo":"","orgPrice":11}},"categoryIds":["w-pantry","w-drinks"],"similarProducts":[]},{"id":"w-94179-70177227166","name":"Twinings Chai Vanilla Flavoures Tea Bags","brand":"Twinings","imageUrls":["https://cdn0.woolworths.media/content/wowproductimages/large/094179.jpg"],"storeId":"woolworths","packageSize":"80 pack","cupPrice":"$0.07 / 1EA","locations":{"ALL":{"price":5.5,"discountRate":50,"promo":"","orgPrice":11}},"categoryIds":["w-pantry","w-drinks"],"similarProducts":[]},{"id":"w-72617-70177025694","name":"Twinings Earl Grey Tea Bags","brand":"Twinings","imageUrls":["https://cdn0.woolworths.media/content/wowproductimages/large/072617.jpg"],"storeId":"woolworths","packageSize":"100 pack","cupPrice":"$0.06 / 1EA","locations":{"ALL":{"price":5.5,"discountRate":50,"promo":"","orgPrice":11}},"categoryIds":["w-pantry","w-drinks"],"similarProducts":[]},{"id":"w-72618-70177025700","name":"Twinings English Breakfast Tea Bags","brand":"Twinings","imageUrls":["https://cdn0.woolworths.media/content/wowproductimages/large/072618.jpg"],"storeId":"woolworths","packageSize":"100pk 200g","cupPrice":"$0.06 / 1EA","locations":{"ALL":{"price":5.5,"discountRate":50,"promo":"","orgPrice":11}},"categoryIds":["w-pantry","w-drinks"],"similarProducts":[]},{"id":"w-829281-70177106348","name":"Twinings Extra Strong English Breakfast Tea Bags","brand":"Twinings","imageUrls":["https://cdn0.woolworths.media/content/wowproductimages/large/829281.jpg"],"storeId":"woolworths","packageSize":"80 pack","cupPrice":"$0.07 / 1EA","locations":{"ALL":{"price":5.5,"discountRate":50,"promo":"","orgPrice":11}},"categoryIds":["w-pantry","w-drinks"],"similarProducts":[]},{"id":"w-318680-70177261863","name":"Twinings Green Tea Bags","brand":"Twinings","imageUrls":["https://cdn0.woolworths.media/content/wowproductimages/large/318680.jpg"],"storeId":"woolworths","packageSize":"150g","cupPrice":"$0.06 / 1EA","locations":{"ALL":{"price":5.5,"discountRate":50,"promo":"","orgPrice":11}},"categoryIds":["w-pantry","w-drinks"],"similarProducts":[]},{"id":"w-701969-70177225667","name":"Twinings In'fuse Watermelon Strawberry & Mint","brand":"Twinings","imageUrls":["https://cdn0.woolworths.media/content/wowproductimages/large/701969.jpg"],"storeId":"woolworths","packageSize":"3 pack","cupPrice":"$0.33 / 1EA","locations":{"ALL":{"price":1,"discountRate":50,"promo":"","orgPrice":2}},"categoryIds":["w-pantry","w-drinks"],"similarProducts":[]},{"id":"w-701972-70177225650","name":"Twinings Infuse Blueberry Apple & Blackcurrant","brand":"Twinings","imageUrls":["https://cdn0.woolworths.media/content/wowproductimages/large/701972.jpg"],"storeId":"woolworths","packageSize":"3 pack","cupPrice":"$0.33 / 1EA","locations":{"ALL":{"price":1,"discountRate":50,"promo":"","orgPrice":2}},"categoryIds":["w-pantry","w-drinks"],"similarProducts":[]},{"id":"w-701975-70177225674","name":"Twinings Infuse Passionfruit Mango & Blood Orange","brand":"Twinings","imageUrls":["https://cdn0.woolworths.media/content/wowproductimages/large/701975.jpg"],"storeId":"woolworths","packageSize":"3 pack","cupPrice":"$0.33 / 1EA","locations":{"ALL":{"price":1,"discountRate":50,"promo":"","orgPrice":2}},"categoryIds":["w-pantry","w-drinks"],"similarProducts":[]},{"id":"w-8647-70177043117","name":"Twinings Irish Breakfast Tea Bags","brand":"Twinings","imageUrls":["https://cdn0.woolworths.media/content/wowproductimages/large/008647.jpg"],"storeId":"woolworths","packageSize":"100pk 200g","cupPrice":"$0.06 / 1EA","locations":{"ALL":{"price":5.5,"discountRate":50,"promo":"","orgPrice":11}},"categoryIds":["w-pantry","w-drinks"],"similarProducts":[]},{"id":"w-257224-70177156916","name":"Twinings Lady Grey Tea Bags","brand":"Twinings","imageUrls":["https://cdn0.woolworths.media/content/wowproductimages/large/257224.jpg"],"storeId":"woolworths","packageSize":"100 pack","cupPrice":"$0.06 / 1EA","locations":{"ALL":{"price":5.5,"discountRate":50,"promo":"","orgPrice":11}},"categoryIds":["w-pantry","w-drinks"],"similarProducts":[]},{"id":"w-575832-70177176174","name":"Twinings Morning Tea","brand":"Twinings","imageUrls":["https://cdn0.woolworths.media/content/wowproductimages/large/575832.jpg"],"storeId":"woolworths","packageSize":"100 pack","cupPrice":"$0.06 / 1EA","locations":{"ALL":{"price":5.5,"discountRate":50,"promo":"","orgPrice":11}},"categoryIds":["w-pantry","w-drinks"],"similarProducts":[]},{"id":"w-888464-70177169916","name":"Twinings Pure Camomile Tea Bags","brand":"Twinings","imageUrls":["https://cdn0.woolworths.media/content/wowproductimages/large/888464.jpg"],"storeId":"woolworths","packageSize":"80 pack","cupPrice":"$0.07 / 1EA","locations":{"ALL":{"price":5.5,"discountRate":50,"promo":"","orgPrice":11}},"categoryIds":["w-pantry"],"similarProducts":[]},{"id":"w-888487-70177169923","name":"Twinings Pure Peppermint Tea Bags","brand":"Twinings","imageUrls":["https://cdn0.woolworths.media/content/wowproductimages/large/888487.jpg"],"storeId":"woolworths","packageSize":"80 pack","cupPrice":"$0.07 / 1EA","locations":{"ALL":{"price":5.5,"discountRate":50,"promo":"","orgPrice":11}},"categoryIds":["w-pantry"],"similarProducts":[]},{"id":"w-931160-70177169909","name":"Twinings Tea Bags Lemon & Ginger","brand":"Twinings","imageUrls":["https://cdn0.woolworths.media/content/wowproductimages/large/931160.jpg"],"storeId":"woolworths","packageSize":"80 pack","cupPrice":"$0.07 / 1EA","locations":{"ALL":{"price":5.5,"discountRate":50,"promo":"","orgPrice":11}},"categoryIds":["w-pantry"],"similarProducts":[]},{"id":"w-657419-9300682051385","name":"Twix Chocolate Bar","brand":"Twix","imageUrls":["https://cdn0.woolworths.media/content/wowproductimages/large/657419.jpg"],"storeId":"woolworths","packageSize":"50g","cupPrice":"$2.00 / 100G","locations":{"ALL":{"price":1,"discountRate":50,"promo":"","orgPrice":2}},"categoryIds":["w-pantry"],"similarProducts":[]},{"id":"w-471954-9350515001018","name":"Tyrrell's Chips Cheddar & Chives","brand":"Tyrrell's","imageUrls":["https://cdn0.woolworths.media/content/wowproductimages/large/471954.jpg"],"storeId":"woolworths","packageSize":"165g bag","cupPrice":"$1.36 / 100G","locations":{"ALL":{"price":2.25,"discountRate":50,"promo":"","orgPrice":4.5}},"categoryIds":["w-pantry"],"similarProducts":[]},{"id":"w-471968-9350515001001","name":"Tyrrell's Chips Lightly Salted","brand":"Tyrrell's","imageUrls":["https://cdn0.woolworths.media/content/wowproductimages/large/471968.jpg"],"storeId":"woolworths","packageSize":"165g bag","cupPrice":"$1.36 / 100G","locations":{"ALL":{"price":2.25,"discountRate":50,"promo":"","orgPrice":4.5}},"categoryIds":["w-pantry"],"similarProducts":[]},{"id":"w-827596-9300605063587","name":"Uncle Tobys Cereal Plus Antioxidant","brand":"Uncle Tobys","imageUrls":["https://cdn0.woolworths.media/content/wowproductimages/large/827596.jpg"],"storeId":"woolworths","packageSize":"765g","cupPrice":"$0.49 / 100G","locations":{"ALL":{"price":3.75,"discountRate":50,"promo":"","orgPrice":7.5}},"categoryIds":["w-pantry"],"similarProducts":[]},{"id":"w-827635-9300605088122","name":"Uncle Tobys Cereal Plus Calcium","brand":"Uncle Tobys","imageUrls":["https://cdn0.woolworths.media/content/wowproductimages/large/827635.jpg"],"storeId":"woolworths","packageSize":"690g","cupPrice":"$0.54 / 100G","locations":{"ALL":{"price":3.75,"discountRate":50,"promo":"","orgPrice":7.5}},"categoryIds":["w-pantry"],"similarProducts":[]},{"id":"w-827627-9300605073500","name":"Uncle Tobys Cereal Plus Fibre","brand":"Uncle Tobys","imageUrls":["https://cdn0.woolworths.media/content/wowproductimages/large/827627.jpg"],"storeId":"woolworths","packageSize":"775g","cupPrice":"$0.48 / 100G","locations":{"ALL":{"price":3.75,"discountRate":50,"promo":"","orgPrice":7.5}},"categoryIds":["w-pantry"],"similarProducts":[]},{"id":"w-827588-9300605101388","name":"Uncle Tobys Cereal Plus Iron","brand":"Uncle Tobys","imageUrls":["https://cdn0.woolworths.media/content/wowproductimages/large/827588.jpg"],"storeId":"woolworths","packageSize":"710g","cupPrice":"$0.53 / 100G","locations":{"ALL":{"price":3.75,"discountRate":50,"promo":"","orgPrice":7.5}},"categoryIds":["w-pantry"],"similarProducts":[]},{"id":"w-827655-9300605073470","name":"Uncle Tobys Cereal Plus Muesli Flakes","brand":"Uncle Tobys","imageUrls":["https://cdn0.woolworths.media/content/wowproductimages/large/827655.jpg"],"storeId":"woolworths","packageSize":"820g","cupPrice":"$0.46 / 100G","locations":{"ALL":{"price":3.75,"discountRate":50,"promo":"","orgPrice":7.5}},"categoryIds":["w-pantry"],"similarProducts":[]},{"id":"w-827601-9300605073494","name":"Uncle Tobys Cereal Plus Omega","brand":"Uncle Tobys","imageUrls":["https://cdn0.woolworths.media/content/wowproductimages/large/827601.jpg"],"storeId":"woolworths","packageSize":"775g","cupPrice":"$0.48 / 100G","locations":{"ALL":{"price":3.75,"discountRate":50,"promo":"","orgPrice":7.5}},"categoryIds":["w-pantry"],"similarProducts":[]},{"id":"w-827636-9300605073487","name":"Uncle Tobys Cereal Plus Protein","brand":"Uncle Tobys","imageUrls":["https://cdn0.woolworths.media/content/wowproductimages/large/827636.jpg"],"storeId":"woolworths","packageSize":"705g","cupPrice":"$0.53 / 100G","locations":{"ALL":{"price":3.75,"discountRate":50,"promo":"","orgPrice":7.5}},"categoryIds":["w-pantry"],"similarProducts":[]},{"id":"w-248249-9310060406942","name":"Uncle Tobys Muesli Bars Chewy Choc Chip","brand":"Uncle Tobys","imageUrls":["https://cdn0.woolworths.media/content/wowproductimages/large/248249.jpg"],"storeId":"woolworths","packageSize":"6 pack","cupPrice":"$1.16 / 100G","locations":{"ALL":{"price":2.15,"discountRate":50,"promo":"","orgPrice":4.3}},"categoryIds":["w-pantry","w-lunch-box"],"similarProducts":[]},{"id":"w-248251-9310060406928","name":"Uncle Tobys Muesli Bars Chewy Forest Fruits","brand":"Uncle Tobys","imageUrls":["https://cdn0.woolworths.media/content/wowproductimages/large/248251.jpg"],"storeId":"woolworths","packageSize":"6 pack","cupPrice":"$1.16 / 100G","locations":{"ALL":{"price":2.15,"discountRate":50,"promo":"","orgPrice":4.3}},"categoryIds":["w-pantry","w-lunch-box"],"similarProducts":[]},{"id":"w-254169-9310060406959","name":"Uncle Tobys Muesli Bars Chewy White Choc Chip","brand":"Uncle Tobys","imageUrls":["https://cdn0.woolworths.media/content/wowproductimages/large/254169.jpg"],"storeId":"woolworths","packageSize":"6 pack","cupPrice":"$1.16 / 100G","locations":{"ALL":{"price":2.15,"discountRate":50,"promo":"","orgPrice":4.3}},"categoryIds":["w-pantry","w-lunch-box"],"similarProducts":[]},{"id":"w-248247-9310060406973","name":"Uncle Tobys Muesli Bars Yoghurt & Strawberry","brand":"Uncle Tobys","imageUrls":["https://cdn0.woolworths.media/content/wowproductimages/large/248247.jpg"],"storeId":"woolworths","packageSize":"6 pack","cupPrice":"$1.16 / 100G","locations":{"ALL":{"price":2.15,"discountRate":50,"promo":"","orgPrice":4.3}},"categoryIds":["w-pantry","w-lunch-box"],"similarProducts":[]},{"id":"w-28617-9300605124790","name":"Uncle Tobys Oats Breakfast Bakes Apple & Cinnamon","brand":"Uncle Tobys","imageUrls":["https://cdn0.woolworths.media/content/wowproductimages/large/028617.jpg"],"storeId":"woolworths","packageSize":"260g","cupPrice":"$1.15 / 100G","locations":{"ALL":{"price":3,"discountRate":50,"promo":"","orgPrice":6}},"categoryIds":["w-pantry"],"similarProducts":[]},{"id":"w-28589-9300605124899","name":"Uncle Tobys Oats Breakfast Bakes Honey & Roasted Almond","brand":"Uncle Tobys","imageUrls":["https://cdn0.woolworths.media/content/wowproductimages/large/028589.jpg"],"storeId":"woolworths","packageSize":"260g","cupPrice":"$1.15 / 100G","locations":{"ALL":{"price":3,"discountRate":50,"promo":"","orgPrice":6}},"categoryIds":["w-pantry"],"similarProducts":[]},{"id":"w-86387-9300605132306","name":"Uncle Tobys Oats Breakfast Bakes Classic Peanut Butter","brand":"Uncle Tobys","imageUrls":["https://cdn0.woolworths.media/content/wowproductimages/large/086387.jpg"],"storeId":"woolworths","packageSize":"4 pack","cupPrice":"$1.15 / 100G","locations":{"ALL":{"price":3,"discountRate":50,"promo":"","orgPrice":6}},"categoryIds":["w-pantry"],"similarProducts":[]},{"id":"w-86682-9300605132344","name":"Uncle Tobys Oats Breakfast Bakes Roasted Cashew & Vanilla Flavour","brand":"Uncle Tobys","imageUrls":["https://cdn0.woolworths.media/content/wowproductimages/large/086682.jpg"],"storeId":"woolworths","packageSize":"4 pack","cupPrice":"$1.15 / 100G","locations":{"ALL":{"price":3,"discountRate":50,"promo":"","orgPrice":6}},"categoryIds":["w-pantry"],"similarProducts":[]},{"id":"w-324234-9300605048522","name":"Uncle Tobys Roll-ups Rainbow Berry","brand":"Uncle Tobys","imageUrls":["https://cdn0.woolworths.media/content/wowproductimages/large/324234.jpg"],"storeId":"woolworths","packageSize":"6 pack","cupPrice":"$2.13 / 100G","locations":{"ALL":{"price":2,"discountRate":50,"promo":"","orgPrice":4}},"categoryIds":["w-pantry","w-lunch-box"],"similarProducts":[]},{"id":"w-324233-9300605048430","name":"Uncle Tobys Roll-ups Rainbow Fruit Salad","brand":"Uncle Tobys","imageUrls":["https://cdn0.woolworths.media/content/wowproductimages/large/324233.jpg"],"storeId":"woolworths","packageSize":"6 pack","cupPrice":"$2.13 / 100G","locations":{"ALL":{"price":2,"discountRate":50,"promo":"","orgPrice":4}},"categoryIds":["w-pantry","w-lunch-box"],"similarProducts":[]},{"id":"w-324231-9300605048454","name":"Uncle Tobys Roll-ups Strawberry Fun Prints","brand":"Uncle Tobys","imageUrls":["https://cdn0.woolworths.media/content/wowproductimages/large/324231.jpg"],"storeId":"woolworths","packageSize":"6 pack","cupPrice":"$2.13 / 100G","locations":{"ALL":{"price":2,"discountRate":50,"promo":"","orgPrice":4}},"categoryIds":["w-pantry","w-lunch-box"],"similarProducts":[]},{"id":"w-61687-9350007006026","name":"Upbeat Coconut Curried Lentils","brand":"Upbeat","imageUrls":["https://cdn0.woolworths.media/content/wowproductimages/large/061687.jpg"],"storeId":"woolworths","packageSize":"80g","cupPrice":"$3.13 / 100G","locations":{"ALL":{"price":2.5,"discountRate":50,"promo":"","orgPrice":5}},"categoryIds":["w-pantry"],"similarProducts":[]},{"id":"w-61686-9350007006019","name":"Upbeat Creamy Mushroom Buckwheat","brand":"Upbeat","imageUrls":["https://cdn0.woolworths.media/content/wowproductimages/large/061686.jpg"],"storeId":"woolworths","packageSize":"80g","cupPrice":"$3.13 / 100G","locations":{"ALL":{"price":2.5,"discountRate":50,"promo":"","orgPrice":5}},"categoryIds":["w-pantry"],"similarProducts":[]},{"id":"w-61711-9350007005036","name":"Upbeat Spiced Apricot Buckwheat Porridge","brand":"Upbeat","imageUrls":["https://cdn0.woolworths.media/content/wowproductimages/large/061711.jpg"],"storeId":"woolworths","packageSize":"65g","cupPrice":"$3.08 / 100G","locations":{"ALL":{"price":2,"discountRate":50,"promo":"","orgPrice":4}},"categoryIds":["w-pantry"],"similarProducts":[]},{"id":"w-61674-9350007005067","name":"Upbeat Tex Mex Quinoa","brand":"Upbeat","imageUrls":["https://cdn0.woolworths.media/content/wowproductimages/large/061674.jpg"],"storeId":"woolworths","packageSize":"80g","cupPrice":"$3.13 / 100G","locations":{"ALL":{"price":2.5,"discountRate":50,"promo":"","orgPrice":5}},"categoryIds":["w-pantry"],"similarProducts":[]},{"id":"w-61685-9350007005081","name":"Upbeat Thai Curry Lentils","brand":"Upbeat","imageUrls":["https://cdn0.woolworths.media/content/wowproductimages/large/061685.jpg"],"storeId":"woolworths","packageSize":"80g","cupPrice":"$3.13 / 100G","locations":{"ALL":{"price":2.5,"discountRate":50,"promo":"","orgPrice":5}},"categoryIds":["w-pantry"],"similarProducts":[]},{"id":"w-61684-9350007005050","name":"Upbeat Three Grain Raspberry Porridge","brand":"Upbeat","imageUrls":["https://cdn0.woolworths.media/content/wowproductimages/large/061684.jpg"],"storeId":"woolworths","packageSize":"70g","cupPrice":"$2.86 / 100G","locations":{"ALL":{"price":2,"discountRate":50,"promo":"","orgPrice":4}},"categoryIds":["w-pantry"],"similarProducts":[]},{"id":"w-186602-9310631617265","name":"Vittoria Mountain Grown Ground Coffee","brand":"Vittoria","imageUrls":["https://cdn0.woolworths.media/content/wowproductimages/large/186602.jpg"],"storeId":"woolworths","packageSize":"1kg","cupPrice":"$1.80 / 100G","locations":{"ALL":{"price":18,"discountRate":51,"promo":"","orgPrice":36.5}},"categoryIds":["w-pantry","w-drinks"],"similarProducts":[]},{"id":"w-61585-9300652809220","name":"Weet-bix Weet-bix Protein","brand":"Weet-bix","imageUrls":["https://cdn0.woolworths.media/content/wowproductimages/large/061585.jpg"],"storeId":"woolworths","packageSize":"500g","cupPrice":"$0.60 / 100G","locations":{"ALL":{"price":3,"discountRate":50,"promo":"","orgPrice":6}},"categoryIds":["w-pantry"],"similarProducts":[]},{"id":"w-297415-94314243","name":"Whittaker's Almond Slab Milk Chocolate","brand":"Whittaker's","imageUrls":["https://cdn0.woolworths.media/content/wowproductimages/large/297415.jpg"],"storeId":"woolworths","packageSize":"45g bar","cupPrice":"$2.22 / 100G","locations":{"ALL":{"price":1,"discountRate":50,"promo":"","orgPrice":2}},"categoryIds":["w-pantry"],"similarProducts":[]},{"id":"w-224461-94314205","name":"Whittaker's Coconut Slab Milk Chocolate","brand":"Whittaker's","imageUrls":["https://cdn0.woolworths.media/content/wowproductimages/large/224461.jpg"],"storeId":"woolworths","packageSize":"50g bar","cupPrice":"$2.00 / 100G","locations":{"ALL":{"price":1,"discountRate":50,"promo":"","orgPrice":2}},"categoryIds":["w-pantry"],"similarProducts":[]},{"id":"w-71484-94314212","name":"Whittaker's Peanut Slab Milk Chocolate","brand":"Whittaker's","imageUrls":["https://cdn0.woolworths.media/content/wowproductimages/large/071484.jpg"],"storeId":"woolworths","packageSize":"50g bar","cupPrice":"$2.00 / 100G","locations":{"ALL":{"price":1,"discountRate":50,"promo":"","orgPrice":2}},"categoryIds":["w-pantry"],"similarProducts":[]},{"id":"w-839441-9310081104988","name":"Birds Eye Steam Plus Cous Cous","brand":"Birds Eye","imageUrls":["https://cdn0.woolworths.media/content/wowproductimages/large/839441.jpg"],"storeId":"woolworths","packageSize":"400g","cupPrice":"$6.25 / 1KG","locations":{"ALL":{"price":2.5,"discountRate":50,"promo":"","orgPrice":5}},"categoryIds":["w-freezer"],"similarProducts":[]},{"id":"w-780110-9310081122647","name":"Birds Eye Steam Fresh Parsley & Citrus Sauce","brand":"Birds Eye","imageUrls":["https://cdn0.woolworths.media/content/wowproductimages/large/780110.jpg"],"storeId":"woolworths","packageSize":"380g","cupPrice":"$11.84 / 1KG","locations":{"ALL":{"price":4.5,"discountRate":50,"promo":"","orgPrice":9}},"categoryIds":["w-freezer"],"similarProducts":[]},{"id":"w-780212-9310081122654","name":"Birds Eye Steam Fresh Thai Red Curry Sauce","brand":"Birds Eye","imageUrls":["https://cdn0.woolworths.media/content/wowproductimages/large/780212.jpg"],"storeId":"woolworths","packageSize":"380g","cupPrice":"$11.84 / 1KG","locations":{"ALL":{"price":4.5,"discountRate":50,"promo":"","orgPrice":9}},"categoryIds":["w-freezer"],"similarProducts":[]},{"id":"w-60154-9310081122661","name":"Birds Eye Steam Lemongrass Garlic & Lemongrass Sauce","brand":"Birds Eye","imageUrls":["https://cdn0.woolworths.media/content/wowproductimages/large/060154.jpg"],"storeId":"woolworths","packageSize":"380g","cupPrice":"$11.84 / 1KG","locations":{"ALL":{"price":4.5,"discountRate":50,"promo":"","orgPrice":9}},"categoryIds":["w-freezer"],"similarProducts":[]},{"id":"w-63592-9310081125099","name":"Birds Eye Steamfresh Plus Japanese","brand":"Birds Eye","imageUrls":["https://cdn0.woolworths.media/content/wowproductimages/large/063592.jpg"],"storeId":"woolworths","packageSize":"400g","cupPrice":"$6.25 / 1KG","locations":{"ALL":{"price":2.5,"discountRate":50,"promo":"","orgPrice":5}},"categoryIds":["w-freezer"],"similarProducts":[]},{"id":"w-63573-9310081125105","name":"Birds Eye Steamfresh Plus Vietnamese","brand":"Birds Eye","imageUrls":["https://cdn0.woolworths.media/content/wowproductimages/large/063573.jpg"],"storeId":"woolworths","packageSize":"400g","cupPrice":"$6.25 / 1KG","locations":{"ALL":{"price":2.5,"discountRate":50,"promo":"","orgPrice":5}},"categoryIds":["w-freezer"],"similarProducts":[]},{"id":"w-259540-9310076667498","name":"Ho Mai Asian Entertainer Pack","brand":"Ho Mai","imageUrls":["https://cdn0.woolworths.media/content/wowproductimages/large/259540.jpg"],"storeId":"woolworths","packageSize":"1kg","cupPrice":"$0.70 / 100G","locations":{"ALL":{"price":7,"discountRate":50,"promo":"","orgPrice":14}},"categoryIds":["w-freezer"],"similarProducts":[]},{"id":"w-259537-9310076667443","name":"Ho Mai Spring Rolls Cocktail","brand":"Ho Mai","imageUrls":["https://cdn0.woolworths.media/content/wowproductimages/large/259537.jpg"],"storeId":"woolworths","packageSize":"1kg","cupPrice":"$0.70 / 100G","locations":{"ALL":{"price":7,"discountRate":50,"promo":"","orgPrice":14}},"categoryIds":["w-freezer"],"similarProducts":[]},{"id":"w-60278-9349673002654","name":"Mr Chen's Eggplant & Miso Gyoza","brand":"Mr Chen's","imageUrls":["https://cdn0.woolworths.media/content/wowproductimages/large/060278.jpg"],"storeId":"woolworths","packageSize":"300g","cupPrice":"$1.25 / 100G","locations":{"ALL":{"price":3.75,"discountRate":50,"promo":"","orgPrice":7.5}},"categoryIds":["w-freezer"],"similarProducts":[]},{"id":"w-733157-9344988000319","name":"Papa Giuseppi's Panini Tomato & Cheese","brand":"Papa Giuseppi's","imageUrls":["https://cdn0.woolworths.media/content/wowproductimages/large/733157.jpg"],"storeId":"woolworths","packageSize":"250g 2pk","cupPrice":"$1.00 / 100G","locations":{"ALL":{"price":2.5,"discountRate":50,"promo":"","orgPrice":5}},"categoryIds":["w-freezer"],"similarProducts":[]},{"id":"w-743224-9311008044486","name":"Patties Mini Party Quiche Caramelised Onion & Cheese","brand":"Patties","imageUrls":["https://cdn0.woolworths.media/content/wowproductimages/large/743224.jpg"],"storeId":"woolworths","packageSize":"12 pack","cupPrice":"$0.95 / 100G","locations":{"ALL":{"price":4,"discountRate":50,"promo":"","orgPrice":8}},"categoryIds":["w-freezer"],"similarProducts":[]},{"id":"w-743213-9311008044462","name":"Patties Mini Party Quiche Lorraine","brand":"Patties","imageUrls":["https://cdn0.woolworths.media/content/wowproductimages/large/743213.jpg"],"storeId":"woolworths","packageSize":"12 pack","cupPrice":"$0.95 / 100G","locations":{"ALL":{"price":4,"discountRate":50,"promo":"","orgPrice":8}},"categoryIds":["w-freezer"],"similarProducts":[]},{"id":"w-62045-9421009434046","name":"Patties Vegetarian Broccoli & Cheese Bites","brand":"Patties","imageUrls":["https://cdn0.woolworths.media/content/wowproductimages/large/062045.jpg"],"storeId":"woolworths","packageSize":"300g","cupPrice":"$1.33 / 100G","locations":{"ALL":{"price":4,"discountRate":50,"promo":"","orgPrice":8}},"categoryIds":["w-freezer"],"similarProducts":[]},{"id":"w-62052-9421009434039","name":"Patties Vegetarian Jalapeno Cheese & Corn Bites","brand":"Patties","imageUrls":["https://cdn0.woolworths.media/content/wowproductimages/large/062052.jpg"],"storeId":"woolworths","packageSize":"300g","cupPrice":"$1.33 / 100G","locations":{"ALL":{"price":4,"discountRate":50,"promo":"","orgPrice":8}},"categoryIds":["w-freezer"],"similarProducts":[]},{"id":"w-62053-9421009434091","name":"Patties Vegetarian Sundried Tomato & Basil Croquettes","brand":"Patties","imageUrls":["https://cdn0.woolworths.media/content/wowproductimages/large/062053.jpg"],"storeId":"woolworths","packageSize":"300g","cupPrice":"$1.33 / 100G","locations":{"ALL":{"price":4,"discountRate":50,"promo":"","orgPrice":8}},"categoryIds":["w-freezer"],"similarProducts":[]},{"id":"w-63571-9310135176312","name":"Sara Lee Dulce De Leche Ice Cream Tub","brand":"Sara Lee","imageUrls":["https://cdn0.woolworths.media/content/wowproductimages/large/063571.jpg"],"storeId":"woolworths","packageSize":"1l","cupPrice":"$0.45 / 100ML","locations":{"ALL":{"price":4.5,"discountRate":50,"promo":"","orgPrice":9}},"categoryIds":["w-freezer"],"similarProducts":[]},{"id":"w-12347-9310147095823","name":"Sara Lee Ice Cream Classic Ultra Chocolate","brand":"Sara Lee","imageUrls":["https://cdn0.woolworths.media/content/wowproductimages/large/012347.jpg"],"storeId":"woolworths","packageSize":"1l tub","cupPrice":"$0.45 / 100ML","locations":{"ALL":{"price":4.5,"discountRate":50,"promo":"","orgPrice":9}},"categoryIds":["w-freezer"],"similarProducts":[]},{"id":"w-12311-9310147095830","name":"Sara Lee Ice Cream French Vanilla","brand":"Sara Lee","imageUrls":["https://cdn0.woolworths.media/content/wowproductimages/large/012311.jpg"],"storeId":"woolworths","packageSize":"1l tub","cupPrice":"$0.45 / 100ML","locations":{"ALL":{"price":4.5,"discountRate":50,"promo":"","orgPrice":9}},"categoryIds":["w-freezer"],"similarProducts":[]},{"id":"w-215514-9310135096016","name":"Sara Lee Ice Cream Indulgence Rocky Road Overload","brand":"Sara Lee","imageUrls":["https://cdn0.woolworths.media/content/wowproductimages/large/215514.jpg"],"storeId":"woolworths","packageSize":"1l tub","cupPrice":"$0.45 / 100ML","locations":{"ALL":{"price":4.5,"discountRate":50,"promo":"","orgPrice":9}},"categoryIds":["w-freezer"],"similarProducts":[]},{"id":"w-781530-9310135093312","name":"Sara Lee Ice Cream Salted Caramel","brand":"Sara Lee","imageUrls":["https://cdn0.woolworths.media/content/wowproductimages/large/781530.jpg"],"storeId":"woolworths","packageSize":"1l tub","cupPrice":"$0.45 / 100ML","locations":{"ALL":{"price":4.5,"discountRate":50,"promo":"","orgPrice":9}},"categoryIds":["w-freezer"],"similarProducts":[]},{"id":"w-781541-9310135093213","name":"Sara Lee Strawberries & Cream Ice Cream","brand":"Sara Lee","imageUrls":["https://cdn0.woolworths.media/content/wowproductimages/large/781541.jpg"],"storeId":"woolworths","packageSize":"1l","cupPrice":"$0.45 / 100ML","locations":{"ALL":{"price":4.5,"discountRate":50,"promo":"","orgPrice":9}},"categoryIds":["w-freezer"],"similarProducts":[]},{"id":"w-679660-9339687034307","name":"Woolworths Frozen Lemon Slices","brand":"Woolworths","imageUrls":["https://cdn0.woolworths.media/content/wowproductimages/large/679660.jpg"],"storeId":"woolworths","packageSize":"450g","cupPrice":"$4.44 / 1KG","locations":{"ALL":{"price":2,"discountRate":50,"promo":"","orgPrice":4}},"categoryIds":["w-freezer"],"similarProducts":[]},{"id":"w-829628-9315626000305","name":"Frantelle Spring Water","brand":"Frantelle","imageUrls":["https://cdn0.woolworths.media/content/wowproductimages/large/829628.jpg"],"storeId":"woolworths","packageSize":"600ml x20 pack","cupPrice":"$0.42 / 1L","locations":{"ALL":{"price":5,"discountRate":55,"promo":"","orgPrice":11}},"categoryIds":["w-drinks","w-lunch-box"],"similarProducts":[]},{"id":"w-663675-9310179198356","name":"Golden Circle Apple & Blackcurrant Fruit Drink Multipack","brand":"Golden Circle","imageUrls":["https://cdn0.woolworths.media/content/wowproductimages/large/663675.jpg"],"storeId":"woolworths","packageSize":"6x250ml","cupPrice":"$1.27 / 1L","locations":{"ALL":{"price":1.9,"discountRate":50,"promo":"","orgPrice":3.8}},"categoryIds":["w-drinks"],"similarProducts":[]},{"id":"w-94950-9310179007306","name":"Golden Circle Apple Fruit Drink Multipack","brand":"Golden Circle","imageUrls":["https://cdn0.woolworths.media/content/wowproductimages/large/094950.jpg"],"storeId":"woolworths","packageSize":"6x250ml","cupPrice":"$1.27 / 1L","locations":{"ALL":{"price":1.9,"discountRate":50,"promo":"","orgPrice":3.8}},"categoryIds":["w-drinks"],"similarProducts":[]},{"id":"w-49967-9310179198349","name":"Golden Circle Apple Raspberry Fruit Juice","brand":"Golden Circle","imageUrls":["https://cdn0.woolworths.media/content/wowproductimages/large/049967.jpg"],"storeId":"woolworths","packageSize":"6x250ml","cupPrice":"$1.27 / 1L","locations":{"ALL":{"price":1.9,"discountRate":50,"promo":"","orgPrice":3.8}},"categoryIds":["w-drinks"],"similarProducts":[]},{"id":"w-43802-9310179005159","name":"Golden Circle Drink Tropical","brand":"Golden Circle","imageUrls":["https://cdn0.woolworths.media/content/wowproductimages/large/043802.jpg"],"storeId":"woolworths","packageSize":"6x250ml","cupPrice":"$1.27 / 1L","locations":{"ALL":{"price":1.9,"discountRate":50,"promo":"","orgPrice":3.8}},"categoryIds":["w-drinks"],"similarProducts":[]},{"id":"w-7576-9310179007191","name":"Golden Circle Juice Golden Pash Drink Multipack","brand":"Golden Circle","imageUrls":["https://cdn0.woolworths.media/content/wowproductimages/large/007576.jpg"],"storeId":"woolworths","packageSize":"6x250ml","cupPrice":"$1.27 / 1L","locations":{"ALL":{"price":1.9,"discountRate":50,"promo":"","orgPrice":3.8}},"categoryIds":["w-drinks"],"similarProducts":[]},{"id":"w-43801-9310179005142","name":"Golden Circle Orange Drink Multipack","brand":"Golden Circle","imageUrls":["https://cdn0.woolworths.media/content/wowproductimages/large/043801.jpg"],"storeId":"woolworths","packageSize":"6x250ml","cupPrice":"$1.27 / 1L","locations":{"ALL":{"price":1.9,"discountRate":50,"promo":"","orgPrice":3.8}},"categoryIds":["w-drinks"],"similarProducts":[]},{"id":"w-43800-9310179007221","name":"Golden Circle Pine Orange Fruit Juice","brand":"Golden Circle","imageUrls":["https://cdn0.woolworths.media/content/wowproductimages/large/043800.jpg"],"storeId":"woolworths","packageSize":"6x250ml","cupPrice":"$1.27 / 1L","locations":{"ALL":{"price":1.9,"discountRate":50,"promo":"","orgPrice":3.8}},"categoryIds":["w-drinks"],"similarProducts":[]},{"id":"w-49969-9310179198332","name":"Golden Circle Summer Berries Fruit Juice","brand":"Golden Circle","imageUrls":["https://cdn0.woolworths.media/content/wowproductimages/large/049969.jpg"],"storeId":"woolworths","packageSize":"6x250ml","cupPrice":"$1.27 / 1L","locations":{"ALL":{"price":1.9,"discountRate":50,"promo":"","orgPrice":3.8}},"categoryIds":["w-drinks"],"similarProducts":[]},{"id":"w-36182-9310179007283","name":"Golden Circle Sunshine Punch Fruit Juice","brand":"Golden Circle","imageUrls":["https://cdn0.woolworths.media/content/wowproductimages/large/036182.jpg"],"storeId":"woolworths","packageSize":"6x250ml","cupPrice":"$1.27 / 1L","locations":{"ALL":{"price":1.9,"discountRate":50,"promo":"","orgPrice":3.8}},"categoryIds":["w-drinks"],"similarProducts":[]},{"id":"w-51557-9300675087902","name":"Powerade Active Water Apple & Peach","brand":"Powerade","imageUrls":["https://cdn0.woolworths.media/content/wowproductimages/large/051557.jpg"],"storeId":"woolworths","packageSize":"600ml","cupPrice":"$2.92 / 1L","locations":{"ALL":{"price":1.75,"discountRate":50,"promo":"","orgPrice":3.5}},"categoryIds":["w-drinks"],"similarProducts":[]},{"id":"w-51569-9300675087889","name":"Powerade Active Water Mango","brand":"Powerade","imageUrls":["https://cdn0.woolworths.media/content/wowproductimages/large/051569.jpg"],"storeId":"woolworths","packageSize":"600ml","cupPrice":"$2.92 / 1L","locations":{"ALL":{"price":1.75,"discountRate":50,"promo":"","orgPrice":3.5}},"categoryIds":["w-drinks"],"similarProducts":[]},{"id":"w-662713-9315596006345","name":"Schweppes Agrum Blood Orange Blood Orange","brand":"Schweppes","imageUrls":["https://cdn0.woolworths.media/content/wowproductimages/large/662713.jpg"],"storeId":"woolworths","packageSize":"1.1l","cupPrice":"$0.91 / 1L","locations":{"ALL":{"price":1,"discountRate":50,"promo":"","orgPrice":2}},"categoryIds":["w-drinks"],"similarProducts":[]},{"id":"w-634291-9315596006321","name":"Schweppes Agrum Citrus Blend Zero Sugar Agrum Citrus","brand":"Schweppes","imageUrls":["https://cdn0.woolworths.media/content/wowproductimages/large/634291.jpg"],"storeId":"woolworths","packageSize":"1.1l","cupPrice":"$0.91 / 1L","locations":{"ALL":{"price":1,"discountRate":50,"promo":"","orgPrice":2}},"categoryIds":["w-drinks"],"similarProducts":[]},{"id":"w-707972-9315596006864","name":"Schweppes Brown Cream Soda","brand":"Schweppes","imageUrls":["https://cdn0.woolworths.media/content/wowproductimages/large/707972.jpg"],"storeId":"woolworths","packageSize":"1.1l","cupPrice":"$0.91 / 1L","locations":{"ALL":{"price":1,"discountRate":50,"promo":"","orgPrice":2}},"categoryIds":["w-drinks"],"similarProducts":[]},{"id":"w-634266-9315596006369","name":"Schweppes Dry Ginger Ale","brand":"Schweppes","imageUrls":["https://cdn0.woolworths.media/content/wowproductimages/large/634266.jpg"],"storeId":"woolworths","packageSize":"1.1l","cupPrice":"$0.91 / 1L","locations":{"ALL":{"price":1,"discountRate":50,"promo":"","orgPrice":2}},"categoryIds":["w-drinks"],"similarProducts":[]},{"id":"w-634268-9315596006437","name":"Schweppes Dry Ginger Ale Zero Sugar Dry Ginger Ale","brand":"Schweppes","imageUrls":["https://cdn0.woolworths.media/content/wowproductimages/large/634268.jpg"],"storeId":"woolworths","packageSize":"1.1l","cupPrice":"$0.91 / 1L","locations":{"ALL":{"price":1,"discountRate":50,"promo":"","orgPrice":2}},"categoryIds":["w-drinks"],"similarProducts":[]},{"id":"w-634277-9315596006413","name":"Schweppes Indian Tonic Water","brand":"Schweppes","imageUrls":["https://cdn0.woolworths.media/content/wowproductimages/large/634277.jpg"],"storeId":"woolworths","packageSize":"1.1l","cupPrice":"$0.91 / 1L","locations":{"ALL":{"price":1,"discountRate":50,"promo":"","orgPrice":2}},"categoryIds":["w-drinks"],"similarProducts":[]},{"id":"w-634274-9315596006338","name":"Schweppes Indian Tonic Water Zero Sugar","brand":"Schweppes","imageUrls":["https://cdn0.woolworths.media/content/wowproductimages/large/634274.jpg"],"storeId":"woolworths","packageSize":"1.1l","cupPrice":"$0.91 / 1L","locations":{"ALL":{"price":1,"discountRate":50,"promo":"","orgPrice":2}},"categoryIds":["w-drinks"],"similarProducts":[]},{"id":"w-80533-9315596007564","name":"Schweppes Infused Natural Mineral Water With Blood Orange & Mango","brand":"Schweppes","imageUrls":["https://cdn0.woolworths.media/content/wowproductimages/large/080533.jpg"],"storeId":"woolworths","packageSize":"1.1l","cupPrice":"$0.91 / 1L","locations":{"ALL":{"price":1,"discountRate":50,"promo":"","orgPrice":2}},"categoryIds":["w-drinks"],"similarProducts":[]},{"id":"w-80544-9315596006482","name":"Schweppes Infused Natural Mineral Water With Grapefruit","brand":"Schweppes","imageUrls":["https://cdn0.woolworths.media/content/wowproductimages/large/080544.jpg"],"storeId":"woolworths","packageSize":"1.1l","cupPrice":"$0.91 / 1L","locations":{"ALL":{"price":1,"discountRate":50,"promo":"","orgPrice":2}},"categoryIds":["w-drinks"],"similarProducts":[]},{"id":"w-634299-9315596006468","name":"Schweppes Infused Natural Mineral Water With Lime","brand":"Schweppes","imageUrls":["https://cdn0.woolworths.media/content/wowproductimages/large/634299.jpg"],"storeId":"woolworths","packageSize":"1.1l","cupPrice":"$0.91 / 1L","locations":{"ALL":{"price":1,"discountRate":50,"promo":"","orgPrice":2}},"categoryIds":["w-drinks"],"similarProducts":[]},{"id":"w-634298-9315596006475","name":"Schweppes Infused Natural Mineral Water With Raspberry","brand":"Schweppes","imageUrls":["https://cdn0.woolworths.media/content/wowproductimages/large/634298.jpg"],"storeId":"woolworths","packageSize":"1.1l","cupPrice":"$0.91 / 1L","locations":{"ALL":{"price":1,"discountRate":50,"promo":"","orgPrice":2}},"categoryIds":["w-drinks"],"similarProducts":[]},{"id":"w-634290-9315596006406","name":"Schweppes Lemon Lime & Bitters","brand":"Schweppes","imageUrls":["https://cdn0.woolworths.media/content/wowproductimages/large/634290.jpg"],"storeId":"woolworths","packageSize":"1.1l","cupPrice":"$0.91 / 1L","locations":{"ALL":{"price":1,"discountRate":50,"promo":"","orgPrice":2}},"categoryIds":["w-drinks"],"similarProducts":[]},{"id":"w-89801-9315596007656","name":"Schweppes Lemon Lime & Bitters Flavour Zero Sugar","brand":"Schweppes","imageUrls":["https://cdn0.woolworths.media/content/wowproductimages/large/089801.jpg"],"storeId":"woolworths","packageSize":"1.1l","cupPrice":"$0.91 / 1L","locations":{"ALL":{"price":1,"discountRate":50,"promo":"","orgPrice":2}},"categoryIds":["w-drinks"],"similarProducts":[]},{"id":"w-703393-9315596006840","name":"Schweppes Lemonade","brand":"Schweppes","imageUrls":["https://cdn0.woolworths.media/content/wowproductimages/large/703393.jpg"],"storeId":"woolworths","packageSize":"1.1l","cupPrice":"$0.91 / 1L","locations":{"ALL":{"price":1,"discountRate":50,"promo":"","orgPrice":2}},"categoryIds":["w-drinks"],"similarProducts":[]},{"id":"w-708254-9315596006925","name":"Schweppes Lemonade Zero Sugar","brand":"Schweppes","imageUrls":["https://cdn0.woolworths.media/content/wowproductimages/large/708254.jpg"],"storeId":"woolworths","packageSize":"1.1l","cupPrice":"$0.91 / 1L","locations":{"ALL":{"price":1,"discountRate":50,"promo":"","orgPrice":2}},"categoryIds":["w-drinks"],"similarProducts":[]},{"id":"w-81784-9315596006895","name":"Schweppes Lime","brand":"Schweppes","imageUrls":["https://cdn0.woolworths.media/content/wowproductimages/large/081784.jpg"],"storeId":"woolworths","packageSize":"1.1l","cupPrice":"$0.91 / 1L","locations":{"ALL":{"price":1,"discountRate":50,"promo":"","orgPrice":2}},"categoryIds":["w-drinks"],"similarProducts":[]},{"id":"w-634281-9315596006352","name":"Schweppes Lime Soda Water Lime","brand":"Schweppes","imageUrls":["https://cdn0.woolworths.media/content/wowproductimages/large/634281.jpg"],"storeId":"woolworths","packageSize":"1.1l","cupPrice":"$0.91 / 1L","locations":{"ALL":{"price":1,"discountRate":50,"promo":"","orgPrice":2}},"categoryIds":["w-drinks"],"similarProducts":[]},{"id":"w-634292-9315596006376","name":"Schweppes Natural Mineral Water Natural","brand":"Schweppes","imageUrls":["https://cdn0.woolworths.media/content/wowproductimages/large/634292.jpg"],"storeId":"woolworths","packageSize":"1.1l","cupPrice":"$0.91 / 1L","locations":{"ALL":{"price":1,"discountRate":50,"promo":"","orgPrice":2}},"categoryIds":["w-drinks"],"similarProducts":[]},{"id":"w-634297-9315596006512","name":"Schweppes Natural Mineral Water Pineapple & Lemon","brand":"Schweppes","imageUrls":["https://cdn0.woolworths.media/content/wowproductimages/large/634297.jpg"],"storeId":"woolworths","packageSize":"1.1l","cupPrice":"$0.91 / 1L","locations":{"ALL":{"price":1,"discountRate":50,"promo":"","orgPrice":2}},"categoryIds":["w-drinks"],"similarProducts":[]},{"id":"w-634286-9315596006529","name":"Schweppes Natural Mineral Water Apple & Cranberry","brand":"Schweppes","imageUrls":["https://cdn0.woolworths.media/content/wowproductimages/large/634286.jpg"],"storeId":"woolworths","packageSize":"1.1l","cupPrice":"$0.91 / 1L","locations":{"ALL":{"price":1,"discountRate":50,"promo":"","orgPrice":2}},"categoryIds":["w-drinks"],"similarProducts":[]},{"id":"w-634285-9315596006505","name":"Schweppes Natural Mineral Water Blood Orange & Passionfruit","brand":"Schweppes","imageUrls":["https://cdn0.woolworths.media/content/wowproductimages/large/634285.jpg"],"storeId":"woolworths","packageSize":"1.1l","cupPrice":"$0.91 / 1L","locations":{"ALL":{"price":1,"discountRate":50,"promo":"","orgPrice":2}},"categoryIds":["w-drinks"],"similarProducts":[]},{"id":"w-634293-9315596006383","name":"Schweppes Natural Mineral Water Lemon & Lime","brand":"Schweppes","imageUrls":["https://cdn0.woolworths.media/content/wowproductimages/large/634293.jpg"],"storeId":"woolworths","packageSize":"1.1l","cupPrice":"$0.91 / 1L","locations":{"ALL":{"price":1,"discountRate":50,"promo":"","orgPrice":2}},"categoryIds":["w-drinks"],"similarProducts":[]},{"id":"w-634284-9315596006390","name":"Schweppes Natural Mineral Water Orange & Mango","brand":"Schweppes","imageUrls":["https://cdn0.woolworths.media/content/wowproductimages/large/634284.jpg"],"storeId":"woolworths","packageSize":"1.1l","cupPrice":"$0.91 / 1L","locations":{"ALL":{"price":1,"discountRate":50,"promo":"","orgPrice":2}},"categoryIds":["w-drinks"],"similarProducts":[]},{"id":"w-703402-9315596006888","name":"Schweppes Raspberry","brand":"Schweppes","imageUrls":["https://cdn0.woolworths.media/content/wowproductimages/large/703402.jpg"],"storeId":"woolworths","packageSize":"1.1l","cupPrice":"$0.91 / 1L","locations":{"ALL":{"price":1,"discountRate":50,"promo":"","orgPrice":2}},"categoryIds":["w-drinks"],"similarProducts":[]},{"id":"w-61963-9315596006901","name":"Schweppes Raspberry Zero Sugar","brand":"Schweppes","imageUrls":["https://cdn0.woolworths.media/content/wowproductimages/large/061963.jpg"],"storeId":"woolworths","packageSize":"1.1l","cupPrice":"$0.91 / 1L","locations":{"ALL":{"price":1,"discountRate":50,"promo":"","orgPrice":2}},"categoryIds":["w-drinks"],"similarProducts":[]},{"id":"w-703411-9315596006871","name":"Schweppes Sarsparilla","brand":"Schweppes","imageUrls":["https://cdn0.woolworths.media/content/wowproductimages/large/703411.jpg"],"storeId":"woolworths","packageSize":"1.1l","cupPrice":"$0.91 / 1L","locations":{"ALL":{"price":1,"discountRate":50,"promo":"","orgPrice":2}},"categoryIds":["w-drinks"],"similarProducts":[]},{"id":"w-635960-9315596006260","name":"Schweppes Soda Water","brand":"Schweppes","imageUrls":["https://cdn0.woolworths.media/content/wowproductimages/large/635960.jpg"],"storeId":"woolworths","packageSize":"1.1l","cupPrice":"$0.91 / 1L","locations":{"ALL":{"price":1,"discountRate":50,"promo":"","orgPrice":2}},"categoryIds":["w-drinks"],"similarProducts":[]},{"id":"w-769629-9344960000016","name":"Thankyou. Still Water","brand":"Thankyou.","imageUrls":["https://cdn0.woolworths.media/content/wowproductimages/large/769629.jpg"],"storeId":"woolworths","packageSize":"1.5l","cupPrice":"$0.43 / 1L","locations":{"ALL":{"price":0.65,"discountRate":68,"promo":"","orgPrice":2}},"categoryIds":["w-drinks"],"similarProducts":[]},{"id":"w-24570-9310631001941","name":"Vittoria Chocochino Drinking Chocolate","brand":"Vittoria","imageUrls":["https://cdn0.woolworths.media/content/wowproductimages/large/024570.jpg"],"storeId":"woolworths","packageSize":"375g","cupPrice":"$0.65 / 100G","locations":{"ALL":{"price":2.45,"discountRate":50,"promo":"","orgPrice":4.9}},"categoryIds":["w-drinks"],"similarProducts":[]},{"id":"w-305908-9310631620814","name":"Vittoria Chocochino Dark Drinking Chocolate","brand":"Vittoria","imageUrls":["https://cdn0.woolworths.media/content/wowproductimages/large/305908.jpg"],"storeId":"woolworths","packageSize":"375g","cupPrice":"$0.65 / 100G","locations":{"ALL":{"price":2.45,"discountRate":50,"promo":"","orgPrice":4.9}},"categoryIds":["w-drinks"],"similarProducts":[]},{"id":"w-817339-9321855000184","name":"The Natural Paw Company Tofu Cat Litter Original","brand":"The Natural Paw Company","imageUrls":["https://cdn0.woolworths.media/content/wowproductimages/large/817339.jpg"],"storeId":"woolworths","packageSize":"2kg","cupPrice":"$3.00 / 1KG","locations":{"ALL":{"price":6,"discountRate":50,"promo":"","orgPrice":12}},"categoryIds":["w-pet"],"similarProducts":[]},{"id":"w-58874-9340621000531","name":"Vitarapid Skin & Coat Daily Dog Treat","brand":"Vitarapid","imageUrls":["https://cdn0.woolworths.media/content/wowproductimages/large/058874.jpg"],"storeId":"woolworths","packageSize":"210g","cupPrice":"$3.10 / 100G","locations":{"ALL":{"price":6.5,"discountRate":50,"promo":"","orgPrice":13}},"categoryIds":["w-pet"],"similarProducts":[]},{"id":"w-83072-9339687154630","name":"Bath Fun 2 In 1 Bath Organiser-penguin","brand":"Bath Fun","imageUrls":["https://cdn0.woolworths.media/content/wowproductimages/large/083072.jpg"],"storeId":"woolworths","packageSize":"each","cupPrice":"$0.00 / 0","locations":{"ALL":{"price":5,"discountRate":50,"promo":"","orgPrice":10}},"categoryIds":["w-baby","w-household"],"similarProducts":[]},{"id":"w-721040-9420015017076","name":"Ecostore Baby Bubble Bath","brand":"Ecostore","imageUrls":["https://cdn0.woolworths.media/content/wowproductimages/large/721040.jpg"],"storeId":"woolworths","packageSize":"500ml","cupPrice":"$1.40 / 100ML","locations":{"ALL":{"price":7,"discountRate":50,"promo":"","orgPrice":14}},"categoryIds":["w-baby"],"similarProducts":[]},{"id":"w-269452-9420015002003","name":"Ecostore Baby Shampoo","brand":"Ecostore","imageUrls":["https://cdn0.woolworths.media/content/wowproductimages/large/269452.jpg"],"storeId":"woolworths","packageSize":"200ml","cupPrice":"$2.00 / 100ML","locations":{"ALL":{"price":4,"discountRate":50,"promo":"","orgPrice":8}},"categoryIds":["w-baby","w-health-beauty"],"similarProducts":[]},{"id":"w-269451-9420015002065","name":"Ecostore Baby Soap","brand":"Ecostore","imageUrls":["https://cdn0.woolworths.media/content/wowproductimages/large/269451.jpg"],"storeId":"woolworths","packageSize":"80g","cupPrice":"$1.56 / 100G","locations":{"ALL":{"price":1.25,"discountRate":50,"promo":"","orgPrice":2.5}},"categoryIds":["w-baby"],"similarProducts":[]},{"id":"w-866573-887961735789","name":"Fisher-price Laugh & Learn On The Glow Coffee Cup","brand":"Fisher-price","imageUrls":["https://cdn0.woolworths.media/content/wowproductimages/large/866573.jpg"],"storeId":"woolworths","packageSize":"each","cupPrice":"$0.00 / 0","locations":{"ALL":{"price":6.5,"discountRate":50,"promo":"","orgPrice":13}},"categoryIds":["w-baby","w-household"],"similarProducts":[]},{"id":"w-568657-9310088011715","name":"Huggies Nappy Pants Junior Girl","brand":"Huggies","imageUrls":["https://cdn0.woolworths.media/content/wowproductimages/large/568657.jpg"],"storeId":"woolworths","packageSize":"24pk","cupPrice":"$0.35 / 1EA","locations":{"ALL":{"price":8.5,"discountRate":50,"promo":"","orgPrice":17}},"categoryIds":["w-baby"],"similarProducts":[]},{"id":"w-568616-9310088011661","name":"Huggies Nappy Pants Toddler Boy","brand":"Huggies","imageUrls":["https://cdn0.woolworths.media/content/wowproductimages/large/568616.jpg"],"storeId":"woolworths","packageSize":"29 pack","cupPrice":"$0.29 / 1EA","locations":{"ALL":{"price":8.5,"discountRate":50,"promo":"","orgPrice":17}},"categoryIds":["w-baby"],"similarProducts":[]},{"id":"w-568619-9310088011678","name":"Huggies Nappy Pants Toddler Girl","brand":"Huggies","imageUrls":["https://cdn0.woolworths.media/content/wowproductimages/large/568619.jpg"],"storeId":"woolworths","packageSize":"29pk","cupPrice":"$0.29 / 1EA","locations":{"ALL":{"price":8.5,"discountRate":50,"promo":"","orgPrice":17}},"categoryIds":["w-baby"],"similarProducts":[]},{"id":"w-568730-9310088011685","name":"Huggies Nappy Pants Walker Boy","brand":"Huggies","imageUrls":["https://cdn0.woolworths.media/content/wowproductimages/large/568730.jpg"],"storeId":"woolworths","packageSize":"26pk","cupPrice":"$0.33 / 1EA","locations":{"ALL":{"price":8.5,"discountRate":50,"promo":"","orgPrice":17}},"categoryIds":["w-baby"],"similarProducts":[]},{"id":"w-568731-9310088011692","name":"Huggies Nappy Pants Walker Girl","brand":"Huggies","imageUrls":["https://cdn0.woolworths.media/content/wowproductimages/large/568731.jpg"],"storeId":"woolworths","packageSize":"26pk","cupPrice":"$0.33 / 1EA","locations":{"ALL":{"price":8.5,"discountRate":50,"promo":"","orgPrice":17}},"categoryIds":["w-baby"],"similarProducts":[]},{"id":"w-894372-7330933245012","name":"Naty Baby Wipes Unscented","brand":"Naty","imageUrls":["https://cdn0.woolworths.media/content/wowproductimages/large/894372.jpg"],"storeId":"woolworths","packageSize":"56 pack","cupPrice":"$4.46 / 100EA","locations":{"ALL":{"price":2.5,"discountRate":50,"promo":"","orgPrice":5}},"categoryIds":["w-baby"],"similarProducts":[]},{"id":"w-83071-9339687154647","name":"Play 6 In 1 Activity Cube","brand":"Play","imageUrls":["https://cdn0.woolworths.media/content/wowproductimages/large/083071.jpg"],"storeId":"woolworths","packageSize":"each","cupPrice":"$0.00 / 0","locations":{"ALL":{"price":7.5,"discountRate":50,"promo":"","orgPrice":15}},"categoryIds":["w-baby","w-household"],"similarProducts":[]},{"id":"w-83070-9339687154654","name":"Play Action Triangle","brand":"Play","imageUrls":["https://cdn0.woolworths.media/content/wowproductimages/large/083070.jpg"],"storeId":"woolworths","packageSize":"each","cupPrice":"$0.00 / 0","locations":{"ALL":{"price":7.5,"discountRate":50,"promo":"","orgPrice":15}},"categoryIds":["w-baby","w-household"],"similarProducts":[]},{"id":"w-83067-9339687154678","name":"Play Baby Shake & Wiggle Set Assorted","brand":"Play","imageUrls":["https://cdn0.woolworths.media/content/wowproductimages/large/083067.jpg"],"storeId":"woolworths","packageSize":"each","cupPrice":"$0.00 / 0","locations":{"ALL":{"price":6,"discountRate":50,"promo":"","orgPrice":12}},"categoryIds":["w-baby","w-household"],"similarProducts":[]},{"id":"w-491777-71463104444","name":"The First Years Paw Patrol Toddler Sectioned Plate","brand":"The First Years","imageUrls":["https://cdn0.woolworths.media/content/wowproductimages/large/491777.jpg"],"storeId":"woolworths","packageSize":"each","cupPrice":"$0.00 / 0","locations":{"ALL":{"price":3,"discountRate":50,"promo":"","orgPrice":6}},"categoryIds":["w-baby"],"similarProducts":[]},{"id":"w-695280-5055192062744","name":"The Gro Egg Digital Room Thermometer","brand":"The Gro","imageUrls":["https://cdn0.woolworths.media/content/wowproductimages/large/695280.jpg"],"storeId":"woolworths","packageSize":"each","cupPrice":"$0.00 / 0","locations":{"ALL":{"price":25,"discountRate":50,"promo":"","orgPrice":50}},"categoryIds":["w-baby"],"similarProducts":[]},{"id":"w-217314-5060074622176","name":"Atkins Advantage Bar Chocolate Decadence","brand":"Atkins","imageUrls":["https://cdn0.woolworths.media/content/wowproductimages/large/217314.jpg"],"storeId":"woolworths","packageSize":"60g","cupPrice":"$3.75 / 100G","locations":{"ALL":{"price":2.25,"discountRate":50,"promo":"","orgPrice":4.5}},"categoryIds":["w-health-beauty"],"similarProducts":[]},{"id":"w-422351-5060074630591","name":"Atkins Advantage Fudge Caramel Bar","brand":"Atkins","imageUrls":["https://cdn0.woolworths.media/content/wowproductimages/large/422351.jpg"],"storeId":"woolworths","packageSize":"60g","cupPrice":"$3.75 / 100G","locations":{"ALL":{"price":2.25,"discountRate":50,"promo":"","orgPrice":4.5}},"categoryIds":["w-health-beauty"],"similarProducts":[]},{"id":"w-757183-5060074628949","name":"Atkins Day Break Hazelnut Bar","brand":"Atkins","imageUrls":["https://cdn0.woolworths.media/content/wowproductimages/large/757183.jpg"],"storeId":"woolworths","packageSize":"5 pack","cupPrice":"$3.11 / 100G","locations":{"ALL":{"price":5.75,"discountRate":50,"promo":"","orgPrice":11.5}},"categoryIds":["w-health-beauty"],"similarProducts":[]},{"id":"w-798333-5060074629786","name":"Atkins Endulge 3 Bar Chocolate Break","brand":"Atkins","imageUrls":["https://cdn0.woolworths.media/content/wowproductimages/large/798333.jpg"],"storeId":"woolworths","packageSize":"64.5g","cupPrice":"$5.43 / 100G","locations":{"ALL":{"price":3.5,"discountRate":50,"promo":"","orgPrice":7}},"categoryIds":["w-health-beauty"],"similarProducts":[]},{"id":"w-244810-637480452915","name":"Atkins Endulge Bar Caramel Nut Chew","brand":"Atkins","imageUrls":["https://cdn0.woolworths.media/content/wowproductimages/large/244810.jpg"],"storeId":"woolworths","packageSize":"34g","cupPrice":"$4.41 / 100G","locations":{"ALL":{"price":1.5,"discountRate":50,"promo":"","orgPrice":3}},"categoryIds":["w-health-beauty"],"similarProducts":[]},{"id":"w-730668-637480010580","name":"Atkins Endulge Bar Chcocolate & Coconut","brand":"Atkins","imageUrls":["https://cdn0.woolworths.media/content/wowproductimages/large/730668.jpg"],"storeId":"woolworths","packageSize":"5 pack","cupPrice":"$1.35 / 1EA","locations":{"ALL":{"price":6.75,"discountRate":50,"promo":"","orgPrice":13.5}},"categoryIds":["w-health-beauty"],"similarProducts":[]},{"id":"w-224197-5060074623333","name":"Atkins Endulge Bar Milk Chocolate","brand":"Atkins","imageUrls":["https://cdn0.woolworths.media/content/wowproductimages/large/224197.jpg"],"storeId":"woolworths","packageSize":"30g","cupPrice":"$5.00 / 100G","locations":{"ALL":{"price":1.5,"discountRate":50,"promo":"","orgPrice":3}},"categoryIds":["w-health-beauty"],"similarProducts":[]},{"id":"w-18038-5060074633738","name":"Atkins Endulge Caramel Nougat","brand":"Atkins","imageUrls":["https://cdn0.woolworths.media/content/wowproductimages/large/018038.jpg"],"storeId":"woolworths","packageSize":"35g","cupPrice":"$4.29 / 100G","locations":{"ALL":{"price":1.5,"discountRate":50,"promo":"","orgPrice":3}},"categoryIds":["w-health-beauty"],"similarProducts":[]},{"id":"w-701636-5060074629281","name":"Atkins Endulge Cherry Coconut","brand":"Atkins","imageUrls":["https://cdn0.woolworths.media/content/wowproductimages/large/701636.jpg"],"storeId":"woolworths","packageSize":"34g","cupPrice":"$1.35 / 1EA","locations":{"ALL":{"price":6.75,"discountRate":50,"promo":"","orgPrice":13.5}},"categoryIds":["w-health-beauty"],"similarProducts":[]},{"id":"w-676753-5060074633516","name":"Atkins Endulge Milk Chocolate","brand":"Atkins","imageUrls":["https://cdn0.woolworths.media/content/wowproductimages/large/676753.jpg"],"storeId":"woolworths","packageSize":"5 pack","cupPrice":"$1.35 / 1EA","locations":{"ALL":{"price":6.75,"discountRate":50,"promo":"","orgPrice":13.5}},"categoryIds":["w-health-beauty"],"similarProducts":[]},{"id":"w-19071-5060074634056","name":"Atkins Plus Protein Dark Chocolate","brand":"Atkins","imageUrls":["https://cdn0.woolworths.media/content/wowproductimages/large/019071.jpg"],"storeId":"woolworths","packageSize":"400ml","cupPrice":"$0.54 / 100ML","locations":{"ALL":{"price":2.15,"discountRate":50,"promo":"","orgPrice":4.3}},"categoryIds":["w-health-beauty"],"similarProducts":[]},{"id":"w-29528-5060074634070","name":"Atkins Plus Protein Iced Coffee","brand":"Atkins","imageUrls":["https://cdn0.woolworths.media/content/wowproductimages/large/029528.jpg"],"storeId":"woolworths","packageSize":"400ml","cupPrice":"$0.54 / 100ML","locations":{"ALL":{"price":2.15,"discountRate":50,"promo":"","orgPrice":4.3}},"categoryIds":["w-health-beauty"],"similarProducts":[]},{"id":"w-730676-5060074627751","name":"Atkins Advantage Bar Chocolate & Mint","brand":"Atkins","imageUrls":["https://cdn0.woolworths.media/content/wowproductimages/large/730676.jpg"],"storeId":"woolworths","packageSize":"60g","cupPrice":"$3.75 / 100G","locations":{"ALL":{"price":2.25,"discountRate":50,"promo":"","orgPrice":4.5}},"categoryIds":["w-health-beauty"],"similarProducts":[]},{"id":"w-324645-5060074625092","name":"Atkins Advantage Bar Chocolate Brownie","brand":"Atkins","imageUrls":["https://cdn0.woolworths.media/content/wowproductimages/large/324645.jpg"],"storeId":"woolworths","packageSize":"60g","cupPrice":"$3.75 / 100G","locations":{"ALL":{"price":2.25,"discountRate":50,"promo":"","orgPrice":4.5}},"categoryIds":["w-health-beauty"],"similarProducts":[]},{"id":"w-378529-5060074626341","name":"Atkins Day Break Bar Cappuccino","brand":"Atkins","imageUrls":["https://cdn0.woolworths.media/content/wowproductimages/large/378529.jpg"],"storeId":"woolworths","packageSize":"5x37g","cupPrice":"$3.11 / 100G","locations":{"ALL":{"price":5.75,"discountRate":50,"promo":"","orgPrice":11.5}},"categoryIds":["w-health-beauty"],"similarProducts":[]},{"id":"w-378526-5060074626365","name":"Atkins Day Break Bar Chocolate Chip Crisp","brand":"Atkins","imageUrls":["https://cdn0.woolworths.media/content/wowproductimages/large/378526.jpg"],"storeId":"woolworths","packageSize":"5x37g","cupPrice":"$3.11 / 100G","locations":{"ALL":{"price":5.75,"discountRate":50,"promo":"","orgPrice":11.5}},"categoryIds":["w-health-beauty"],"similarProducts":[]},{"id":"w-376747-637480010559","name":"Atkins Endulge Bar Caramel Nut Multi Pack","brand":"Atkins","imageUrls":["https://cdn0.woolworths.media/content/wowproductimages/large/376747.jpg"],"storeId":"woolworths","packageSize":"5x34g","cupPrice":"$1.35 / 1EA","locations":{"ALL":{"price":6.75,"discountRate":50,"promo":"","orgPrice":13.5}},"categoryIds":["w-health-beauty"],"similarProducts":[]},{"id":"w-306940-637480324618","name":"Atkins Endulge Bar Chocolate Coconut","brand":"Atkins","imageUrls":["https://cdn0.woolworths.media/content/wowproductimages/large/306940.jpg"],"storeId":"woolworths","packageSize":"40g","cupPrice":"$3.75 / 100G","locations":{"ALL":{"price":1.5,"discountRate":50,"promo":"","orgPrice":3}},"categoryIds":["w-health-beauty"],"similarProducts":[]},{"id":"w-378444-5060074626716","name":"Atkins Endulge Bar Milk Chocolate Mint Crisp","brand":"Atkins","imageUrls":["https://cdn0.woolworths.media/content/wowproductimages/large/378444.jpg"],"storeId":"woolworths","packageSize":"30g","cupPrice":"$5.00 / 100G","locations":{"ALL":{"price":1.5,"discountRate":50,"promo":"","orgPrice":3}},"categoryIds":["w-health-beauty"],"similarProducts":[]},{"id":"w-60004-9324917000603","name":"Australian Garlic Oil Soft Gel Caps","brand":"Australian Garlic Oil","imageUrls":["https://cdn0.woolworths.media/content/wowproductimages/large/060004.jpg"],"storeId":"woolworths","packageSize":"30 pack","cupPrice":"$33.33 / 100EA","locations":{"ALL":{"price":10,"discountRate":50,"promo":"","orgPrice":20}},"categoryIds":["w-health-beauty"],"similarProducts":[]},{"id":"w-63111-9421029556551","name":"Bar None Conditioner Damaged Hair","brand":"Bar None","imageUrls":["https://cdn0.woolworths.media/content/wowproductimages/large/063111.jpg"],"storeId":"woolworths","packageSize":"400ml","cupPrice":"$2.50 / 100ML","locations":{"ALL":{"price":10,"discountRate":50,"promo":"","orgPrice":20}},"categoryIds":["w-health-beauty"],"similarProducts":[]},{"id":"w-63124-9421029556612","name":"Bar None Conditioner Hydrating Hair","brand":"Bar None","imageUrls":["https://cdn0.woolworths.media/content/wowproductimages/large/063124.jpg"],"storeId":"woolworths","packageSize":"400ml","cupPrice":"$2.50 / 100ML","locations":{"ALL":{"price":10,"discountRate":50,"promo":"","orgPrice":20}},"categoryIds":["w-health-beauty"],"similarProducts":[]},{"id":"w-63123-9421029556599","name":"Bar None Conditioner Normal Hair","brand":"Bar None","imageUrls":["https://cdn0.woolworths.media/content/wowproductimages/large/063123.jpg"],"storeId":"woolworths","packageSize":"400ml","cupPrice":"$2.50 / 100ML","locations":{"ALL":{"price":10,"discountRate":50,"promo":"","orgPrice":20}},"categoryIds":["w-health-beauty"],"similarProducts":[]},{"id":"w-810677-9421029554014","name":"Bar None Hydrating Conditioner Bar","brand":"Bar None","imageUrls":["https://cdn0.woolworths.media/content/wowproductimages/large/810677.jpg"],"storeId":"woolworths","packageSize":"100g","cupPrice":"$8.00 / 100G","locations":{"ALL":{"price":8,"discountRate":50,"promo":"","orgPrice":16}},"categoryIds":["w-health-beauty"],"similarProducts":[]},{"id":"w-810659-9421029554007","name":"Bar None Hydrating Shampoo Bar","brand":"Bar None","imageUrls":["https://cdn0.woolworths.media/content/wowproductimages/large/810659.jpg"],"storeId":"woolworths","packageSize":"100g","cupPrice":"$8.00 / 100G","locations":{"ALL":{"price":8,"discountRate":50,"promo":"","orgPrice":16}},"categoryIds":["w-health-beauty"],"similarProducts":[]},{"id":"w-63110-9421029556544","name":"Bar None Shampoo Damaged Hair","brand":"Bar None","imageUrls":["https://cdn0.woolworths.media/content/wowproductimages/large/063110.jpg"],"storeId":"woolworths","packageSize":"400ml","cupPrice":"$2.50 / 100ML","locations":{"ALL":{"price":10,"discountRate":50,"promo":"","orgPrice":20}},"categoryIds":["w-health-beauty"],"similarProducts":[]},{"id":"w-63113-9421029556582","name":"Bar None Shampoo Normal Hair","brand":"Bar None","imageUrls":["https://cdn0.woolworths.media/content/wowproductimages/large/063113.jpg"],"storeId":"woolworths","packageSize":"400ml","cupPrice":"$2.50 / 100ML","locations":{"ALL":{"price":10,"discountRate":50,"promo":"","orgPrice":20}},"categoryIds":["w-health-beauty"],"similarProducts":[]},{"id":"w-745783-5010724527375","name":"Batiste Blush Dry Shampoo","brand":"Batiste","imageUrls":["https://cdn0.woolworths.media/content/wowproductimages/large/745783.jpg"],"storeId":"woolworths","packageSize":"200ml","cupPrice":"$2.50 / 100ML","locations":{"ALL":{"price":5,"discountRate":50,"promo":"","orgPrice":10}},"categoryIds":["w-health-beauty"],"similarProducts":[]},{"id":"w-759166-5010724527382","name":"Batiste Blush Dry Shampoo","brand":"Batiste","imageUrls":["https://cdn0.woolworths.media/content/wowproductimages/large/759166.jpg"],"storeId":"woolworths","packageSize":"400ml","cupPrice":"$2.00 / 100ML","locations":{"ALL":{"price":8,"discountRate":50,"promo":"","orgPrice":16}},"categoryIds":["w-health-beauty"],"similarProducts":[]},{"id":"w-601362-5010724530740","name":"Batiste Brunette Dry Shampoo","brand":"Batiste","imageUrls":["https://cdn0.woolworths.media/content/wowproductimages/large/601362.jpg"],"storeId":"woolworths","packageSize":"400ml","cupPrice":"$2.50 / 100ML","locations":{"ALL":{"price":10,"discountRate":50,"promo":"","orgPrice":20}},"categoryIds":["w-health-beauty"],"similarProducts":[]},{"id":"w-82075-5010724533130","name":"Batiste Dry Shampoo Colour Protect","brand":"Batiste","imageUrls":["https://cdn0.woolworths.media/content/wowproductimages/large/082075.jpg"],"storeId":"woolworths","packageSize":"200ml","cupPrice":"$3.25 / 100ML","locations":{"ALL":{"price":6.5,"discountRate":50,"promo":"","orgPrice":13}},"categoryIds":["w-health-beauty"],"similarProducts":[]},{"id":"w-571025-5010724527481","name":"Batiste Dry Shampoo Original","brand":"Batiste","imageUrls":["https://cdn0.woolworths.media/content/wowproductimages/large/571025.jpg"],"storeId":"woolworths","packageSize":"200ml","cupPrice":"$2.50 / 100ML","locations":{"ALL":{"price":5,"discountRate":50,"promo":"","orgPrice":10}},"categoryIds":["w-health-beauty"],"similarProducts":[]},{"id":"w-856989-5010724532973","name":"Batiste Dry Shampoo & De-frizz","brand":"Batiste","imageUrls":["https://cdn0.woolworths.media/content/wowproductimages/large/856989.jpg"],"storeId":"woolworths","packageSize":"200ml","cupPrice":"$3.25 / 100ML","locations":{"ALL":{"price":6.5,"discountRate":50,"promo":"","orgPrice":13}},"categoryIds":["w-health-beauty"],"similarProducts":[]},{"id":"w-856993-5010724533628","name":"Batiste Dry Shampoo & Tempt","brand":"Batiste","imageUrls":["https://cdn0.woolworths.media/content/wowproductimages/large/856993.jpg"],"storeId":"woolworths","packageSize":"200ml","cupPrice":"$2.50 / 100ML","locations":{"ALL":{"price":5,"discountRate":50,"promo":"","orgPrice":10}},"categoryIds":["w-health-beauty"],"similarProducts":[]},{"id":"w-856988-5010724532966","name":"Batiste Dry Shampoo & Volume","brand":"Batiste","imageUrls":["https://cdn0.woolworths.media/content/wowproductimages/large/856988.jpg"],"storeId":"woolworths","packageSize":"200ml","cupPrice":"$3.25 / 100ML","locations":{"ALL":{"price":6.5,"discountRate":50,"promo":"","orgPrice":13}},"categoryIds":["w-health-beauty"],"similarProducts":[]},{"id":"w-683106-5010724532256","name":"Batiste Dry Shampoo Luxe","brand":"Batiste","imageUrls":["https://cdn0.woolworths.media/content/wowproductimages/large/683106.jpg"],"storeId":"woolworths","packageSize":"200ml","cupPrice":"$2.50 / 100ML","locations":{"ALL":{"price":5,"discountRate":50,"promo":"","orgPrice":10}},"categoryIds":["w-health-beauty"],"similarProducts":[]},{"id":"w-842060-5010724528952","name":"Batiste Limited Edition Eden Dry Shampoo","brand":"Batiste","imageUrls":["https://cdn0.woolworths.media/content/wowproductimages/large/842060.jpg"],"storeId":"woolworths","packageSize":"200ml","cupPrice":"$2.50 / 100ML","locations":{"ALL":{"price":5,"discountRate":50,"promo":"","orgPrice":10}},"categoryIds":["w-health-beauty"],"similarProducts":[]},{"id":"w-745781-5020480028481","name":"Batiste Tropical Dry Shampoo","brand":"Batiste","imageUrls":["https://cdn0.woolworths.media/content/wowproductimages/large/745781.jpg"],"storeId":"woolworths","packageSize":"200ml","cupPrice":"$2.50 / 100ML","locations":{"ALL":{"price":5,"discountRate":50,"promo":"","orgPrice":10}},"categoryIds":["w-health-beauty"],"similarProducts":[]},{"id":"w-6571-93807920","name":"Blackmores Bio C Tablets 1000mg","brand":"Blackmores","imageUrls":["https://cdn0.woolworths.media/content/wowproductimages/large/006571.jpg"],"storeId":"woolworths","packageSize":"62 pack","cupPrice":"$14.19 / 100EA","locations":{"ALL":{"price":8.8,"discountRate":50,"promo":"","orgPrice":17.6}},"categoryIds":["w-health-beauty"],"similarProducts":[]},{"id":"w-86565-9300807324950","name":"Blackmores Bio C Chewable 500","brand":"Blackmores","imageUrls":["https://cdn0.woolworths.media/content/wowproductimages/large/086565.jpg"],"storeId":"woolworths","packageSize":"125 pack","cupPrice":"$6.00 / 100EA","locations":{"ALL":{"price":7.5,"discountRate":50,"promo":"","orgPrice":15}},"categoryIds":["w-health-beauty"],"similarProducts":[]},{"id":"w-86532-93558624","name":"Blackmores Bio C Chewable 500","brand":"Blackmores","imageUrls":["https://cdn0.woolworths.media/content/wowproductimages/large/086532.jpg"],"storeId":"woolworths","packageSize":"50 pack","cupPrice":"$7.50 / 100EA","locations":{"ALL":{"price":3.75,"discountRate":50,"promo":"","orgPrice":7.5}},"categoryIds":["w-health-beauty"],"similarProducts":[]},{"id":"w-85715-93558853","name":"Blackmores Echinacea Ace & Zinc","brand":"Blackmores","imageUrls":["https://cdn0.woolworths.media/content/wowproductimages/large/085715.jpg"],"storeId":"woolworths","packageSize":"60 pack","cupPrice":"$16.67 / 100EA","locations":{"ALL":{"price":10,"discountRate":50,"promo":"","orgPrice":20}},"categoryIds":["w-health-beauty"],"similarProducts":[]},{"id":"w-192702-9300807220115","name":"Blackmores Executive B Tablets","brand":"Blackmores","imageUrls":["https://cdn0.woolworths.media/content/wowproductimages/large/192702.jpg"],"storeId":"woolworths","packageSize":"125 pack","cupPrice":"$13.52 / 100EA","locations":{"ALL":{"price":16.9,"discountRate":50,"promo":"","orgPrice":33.8}},"categoryIds":["w-health-beauty"],"similarProducts":[]},{"id":"w-6259-93808200","name":"Blackmores Executive B Stress Formula Tablets","brand":"Blackmores","imageUrls":["https://cdn0.woolworths.media/content/wowproductimages/large/006259.jpg"],"storeId":"woolworths","packageSize":"28 pack","cupPrice":"$20.54 / 100EA","locations":{"ALL":{"price":5.75,"discountRate":50,"promo":"","orgPrice":11.5}},"categoryIds":["w-health-beauty"],"similarProducts":[]},{"id":"w-828172-9300807287446","name":"Blackmores Fish Oil 1000mg","brand":"Blackmores","imageUrls":["https://cdn0.woolworths.media/content/wowproductimages/large/828172.jpg"],"storeId":"woolworths","packageSize":"200 pack","cupPrice":"$4.50 / 100EA","locations":{"ALL":{"price":9,"discountRate":50,"promo":"","orgPrice":18}},"categoryIds":["w-health-beauty"],"similarProducts":[]},{"id":"w-828148-9300807287439","name":"Blackmores Fish Oil Odourless 1000mg","brand":"Blackmores","imageUrls":["https://cdn0.woolworths.media/content/wowproductimages/large/828148.jpg"],"storeId":"woolworths","packageSize":"200 pack","cupPrice":"$5.00 / 100EA","locations":{"ALL":{"price":10,"discountRate":50,"promo":"","orgPrice":20}},"categoryIds":["w-health-beauty"],"similarProducts":[]},{"id":"w-228483-93333535","name":"Blackmores For Women Nails Hair & Skin Tablets","brand":"Blackmores","imageUrls":["https://cdn0.woolworths.media/content/wowproductimages/large/228483.jpg"],"storeId":"woolworths","packageSize":"60 pack","cupPrice":"$12.92 / 100EA","locations":{"ALL":{"price":7.75,"discountRate":50,"promo":"","orgPrice":15.5}},"categoryIds":["w-health-beauty"],"similarProducts":[]},{"id":"w-572397-9300807307076","name":"Blackmores Glucosamine Sulfate 1500mg Tablets","brand":"Blackmores","imageUrls":["https://cdn0.woolworths.media/content/wowproductimages/large/572397.jpg"],"storeId":"woolworths","packageSize":"60 pack","cupPrice":"$16.67 / 100EA","locations":{"ALL":{"price":10,"discountRate":50,"promo":"","orgPrice":20}},"categoryIds":["w-health-beauty"],"similarProducts":[]},{"id":"w-771915-93894456","name":"Blackmores Horseradish Garlic Plus","brand":"Blackmores","imageUrls":["https://cdn0.woolworths.media/content/wowproductimages/large/771915.jpg"],"storeId":"woolworths","packageSize":"50pk","cupPrice":"$17.50 / 100EA","locations":{"ALL":{"price":8.75,"discountRate":50,"promo":"","orgPrice":17.5}},"categoryIds":["w-health-beauty"],"similarProducts":[]},{"id":"w-8595-9300807019405","name":"Blackmores Lyp-sine Coldsore Relief Tablets","brand":"Blackmores","imageUrls":["https://cdn0.woolworths.media/content/wowproductimages/large/008595.jpg"],"storeId":"woolworths","packageSize":"30 pack","cupPrice":"$17.00 / 100EA","locations":{"ALL":{"price":5.1,"discountRate":50,"promo":"","orgPrice":10.2}},"categoryIds":["w-health-beauty"],"similarProducts":[]},{"id":"w-6370-93808804","name":"Blackmores Mega B Complex Tablets","brand":"Blackmores","imageUrls":["https://cdn0.woolworths.media/content/wowproductimages/large/006370.jpg"],"storeId":"woolworths","packageSize":"75 pack","cupPrice":"$16.00 / 100EA","locations":{"ALL":{"price":12,"discountRate":50,"promo":"","orgPrice":24}},"categoryIds":["w-health-beauty"],"similarProducts":[]},{"id":"w-202368-93487788","name":"Blackmores Mens Performance Multi","brand":"Blackmores","imageUrls":["https://cdn0.woolworths.media/content/wowproductimages/large/202368.jpg"],"storeId":"woolworths","packageSize":"50 pack","cupPrice":"$20.00 / 100EA","locations":{"ALL":{"price":10,"discountRate":50,"promo":"","orgPrice":20}},"categoryIds":["w-health-beauty"],"similarProducts":[]},{"id":"w-89860-93807357","name":"Blackmores Milk Thistle Liver Tonic Tablets","brand":"Blackmores","imageUrls":["https://cdn0.woolworths.media/content/wowproductimages/large/089860.jpg"],"storeId":"woolworths","packageSize":"42 pack","cupPrice":"$14.76 / 100EA","locations":{"ALL":{"price":6.2,"discountRate":50,"promo":"","orgPrice":12.4}},"categoryIds":["w-health-beauty"],"similarProducts":[]},{"id":"w-86396-93558662","name":"Blackmores Multivitamin & Immune","brand":"Blackmores","imageUrls":["https://cdn0.woolworths.media/content/wowproductimages/large/086396.jpg"],"storeId":"woolworths","packageSize":"50 pack","cupPrice":"$20.00 / 100EA","locations":{"ALL":{"price":10,"discountRate":50,"promo":"","orgPrice":20}},"categoryIds":["w-health-beauty"],"similarProducts":[]},{"id":"w-215177-93367134","name":"Blackmores Multivitamin For Women","brand":"Blackmores","imageUrls":["https://cdn0.woolworths.media/content/wowproductimages/large/215177.jpg"],"storeId":"woolworths","packageSize":"50 pack","cupPrice":"$20.00 / 100EA","locations":{"ALL":{"price":10,"discountRate":50,"promo":"","orgPrice":20}},"categoryIds":["w-health-beauty"],"similarProducts":[]},{"id":"w-59320-9300807319932","name":"Blackmores Omega Double High Strength Fish Oil Capsules","brand":"Blackmores","imageUrls":["https://cdn0.woolworths.media/content/wowproductimages/large/059320.jpg"],"storeId":"woolworths","packageSize":"90 pack","cupPrice":"$11.11 / 100EA","locations":{"ALL":{"price":10,"discountRate":50,"promo":"","orgPrice":20}},"categoryIds":["w-health-beauty"],"similarProducts":[]},{"id":"w-92206-9300807232675","name":"Blackmores Pregnancy & Breastfeeding Gold Capsules","brand":"Blackmores","imageUrls":["https://cdn0.woolworths.media/content/wowproductimages/large/092206.jpg"],"storeId":"woolworths","packageSize":"60 pack","cupPrice":"$17.08 / 100EA","locations":{"ALL":{"price":10.25,"discountRate":50,"promo":"","orgPrice":20.5}},"categoryIds":["w-health-beauty"],"similarProducts":[{"productId":"cw-50953","storeId":"chemist-warehouse"}]},{"id":"w-804279-93550710","name":"Blackmores Probiotics Womens Flora Balance","brand":"Blackmores","imageUrls":["https://cdn0.woolworths.media/content/wowproductimages/large/804279.jpg"],"storeId":"woolworths","packageSize":"30 capsules","cupPrice":"$53.33 / 100EA","locations":{"ALL":{"price":16,"discountRate":50,"promo":"","orgPrice":32}},"categoryIds":["w-health-beauty"],"similarProducts":[]},{"id":"w-572423-93550642","name":"Blackmores Probiotics+ Daily Health","brand":"Blackmores","imageUrls":["https://cdn0.woolworths.media/content/wowproductimages/large/572423.jpg"],"storeId":"woolworths","packageSize":"30 pack","cupPrice":"$46.67 / 100EA","locations":{"ALL":{"price":14,"discountRate":50,"promo":"","orgPrice":28}},"categoryIds":["w-health-beauty"],"similarProducts":[]},{"id":"w-572424-93550659","name":"Blackmores Probiotics+ Immunity Defence","brand":"Blackmores","imageUrls":["https://cdn0.woolworths.media/content/wowproductimages/large/572424.jpg"],"storeId":"woolworths","packageSize":"30 pack","cupPrice":"$46.67 / 100EA","locations":{"ALL":{"price":14,"discountRate":50,"promo":"","orgPrice":28}},"categoryIds":["w-health-beauty"],"similarProducts":[]},{"id":"w-360038-9300807251737","name":"Blackmores Sleep Support Sleep Sound Formula","brand":"Blackmores","imageUrls":["https://cdn0.woolworths.media/content/wowproductimages/large/360038.jpg"],"storeId":"woolworths","packageSize":"30pk","cupPrice":"$31.67 / 100EA","locations":{"ALL":{"price":9.5,"discountRate":50,"promo":"","orgPrice":19}},"categoryIds":["w-health-beauty"],"similarProducts":[]},{"id":"w-20732-93808545","name":"Blackmores Sleep Support Valerian Forte Tablets","brand":"Blackmores","imageUrls":["https://cdn0.woolworths.media/content/wowproductimages/large/020732.jpg"],"storeId":"woolworths","packageSize":"30 pack","cupPrice":"$26.67 / 100EA","locations":{"ALL":{"price":8,"discountRate":50,"promo":"","orgPrice":16}},"categoryIds":["w-health-beauty"],"similarProducts":[]},{"id":"w-59366-93550703","name":"Blackmores Super Coq10 300mg Capsules","brand":"Blackmores","imageUrls":["https://cdn0.woolworths.media/content/wowproductimages/large/059366.jpg"],"storeId":"woolworths","packageSize":"30 pack","cupPrice":"$0.55 / 1EA","locations":{"ALL":{"price":16.5,"discountRate":50,"promo":"","orgPrice":33}},"categoryIds":["w-health-beauty"],"similarProducts":[]},{"id":"w-641891-9300807308745","name":"Blackmores Superkids Immune Gummies","brand":"Blackmores","imageUrls":["https://cdn0.woolworths.media/content/wowproductimages/large/641891.jpg"],"storeId":"woolworths","packageSize":"60 pack","cupPrice":"$12.50 / 100EA","locations":{"ALL":{"price":7.5,"discountRate":50,"promo":"","orgPrice":15}},"categoryIds":["w-health-beauty"],"similarProducts":[]},{"id":"w-206378-9300807219508","name":"Blackmores Total Calcium + Magnesium + D3 Tablets Value Pack","brand":"Blackmores","imageUrls":["https://cdn0.woolworths.media/content/wowproductimages/large/206378.jpg"],"storeId":"woolworths","packageSize":"125 pack","cupPrice":"$8.80 / 100EA","locations":{"ALL":{"price":11,"discountRate":50,"promo":"","orgPrice":22}},"categoryIds":["w-health-beauty"],"similarProducts":[]},{"id":"w-73124-9300807003701","name":"Blackmores Travel Calm Tablets With Ginger","brand":"Blackmores","imageUrls":["https://cdn0.woolworths.media/content/wowproductimages/large/073124.jpg"],"storeId":"woolworths","packageSize":"45 pack","cupPrice":"$12.76 / 100EA","locations":{"ALL":{"price":5.74,"discountRate":50,"promo":"","orgPrice":11.49}},"categoryIds":["w-health-beauty"],"similarProducts":[]},{"id":"w-86293-93558563","name":"Blackmores Vegan Omega-3 Oil","brand":"Blackmores","imageUrls":["https://cdn0.woolworths.media/content/wowproductimages/large/086293.jpg"],"storeId":"woolworths","packageSize":"60 pack","cupPrice":"$20.83 / 100EA","locations":{"ALL":{"price":12.5,"discountRate":50,"promo":"","orgPrice":25}},"categoryIds":["w-health-beauty"],"similarProducts":[]},{"id":"w-771709-93807845","name":"Blackmores Vit B12 Tablets","brand":"Blackmores","imageUrls":["https://cdn0.woolworths.media/content/wowproductimages/large/771709.jpg"],"storeId":"woolworths","packageSize":"75pk","cupPrice":"$500.00 / 100EA","locations":{"ALL":{"price":5,"discountRate":50,"promo":"","orgPrice":10}},"categoryIds":["w-health-beauty"],"similarProducts":[]},{"id":"w-819600-93555883","name":"Blackmores Vitamin C & Echinacea Effervescent","brand":"Blackmores","imageUrls":["https://cdn0.woolworths.media/content/wowproductimages/large/819600.jpg"],"storeId":"woolworths","packageSize":"10 pack","cupPrice":"$0.35 / 1EA","locations":{"ALL":{"price":3.5,"discountRate":50,"promo":"","orgPrice":7}},"categoryIds":["w-health-beauty"],"similarProducts":[]},{"id":"w-86483-9300807318492","name":"Blackmores Vitamin C & Elderberry Gummies","brand":"Blackmores","imageUrls":["https://cdn0.woolworths.media/content/wowproductimages/large/086483.jpg"],"storeId":"woolworths","packageSize":"120 pack","cupPrice":"$10.42 / 100EA","locations":{"ALL":{"price":12.5,"discountRate":50,"promo":"","orgPrice":25}},"categoryIds":["w-health-beauty"],"similarProducts":[]},{"id":"w-85697-9300807324172","name":"Blackmores Vitamin C 500 Tablets","brand":"Blackmores","imageUrls":["https://cdn0.woolworths.media/content/wowproductimages/large/085697.jpg"],"storeId":"woolworths","packageSize":"120 pack","cupPrice":"$5.21 / 100EA","locations":{"ALL":{"price":6.25,"discountRate":50,"promo":"","orgPrice":12.5}},"categoryIds":["w-health-beauty"],"similarProducts":[]},{"id":"w-134174-93391078","name":"Blackmores Vitamin E 1000iu Capsules","brand":"Blackmores","imageUrls":["https://cdn0.woolworths.media/content/wowproductimages/large/134174.jpg"],"storeId":"woolworths","packageSize":"30 pack","cupPrice":"$25.00 / 100EA","locations":{"ALL":{"price":7.5,"discountRate":50,"promo":"","orgPrice":15}},"categoryIds":["w-health-beauty"],"similarProducts":[{"productId":"cw-55289","storeId":"chemist-warehouse"}]},{"id":"w-95857-9349282000560","name":"Bodiez Isotonic Protein Water - Tropic Crush","brand":"Bodiez","imageUrls":["https://cdn0.woolworths.media/content/wowproductimages/large/095857.jpg"],"storeId":"woolworths","packageSize":"500ml","cupPrice":"$0.50 / 100ML","locations":{"ALL":{"price":2.5,"discountRate":50,"promo":"","orgPrice":5}},"categoryIds":["w-health-beauty"],"similarProducts":[]},{"id":"w-66760-9349282000591","name":"Bodiez Protein Water Berry Optimum","brand":"Bodiez","imageUrls":["https://cdn0.woolworths.media/content/wowproductimages/large/066760.jpg"],"storeId":"woolworths","packageSize":"500ml","cupPrice":"$0.55 / 100ML","locations":{"ALL":{"price":2.75,"discountRate":50,"promo":"","orgPrice":5.5}},"categoryIds":["w-health-beauty"],"similarProducts":[]},{"id":"w-66761-9349282000607","name":"Bodiez Protein Water Kiwi Optimum","brand":"Bodiez","imageUrls":["https://cdn0.woolworths.media/content/wowproductimages/large/066761.jpeg"],"storeId":"woolworths","packageSize":"500ml","cupPrice":"$0.55 / 100ML","locations":{"ALL":{"price":2.75,"discountRate":50,"promo":"","orgPrice":5.5}},"categoryIds":["w-health-beauty"],"similarProducts":[]},{"id":"w-700604-9335805001626","name":"Bounce Cashew Caramel Energy Ball","brand":"Bounce","imageUrls":["https://cdn0.woolworths.media/content/wowproductimages/large/700604.jpg"],"storeId":"woolworths","packageSize":"42g","cupPrice":"$3.75 / 100G","locations":{"ALL":{"price":1.5,"discountRate":50,"promo":"","orgPrice":3}},"categoryIds":["w-health-beauty"],"similarProducts":[]},{"id":"w-98355-9335805002050","name":"Bounce Keto Almond Vanilla Low Carb Bar","brand":"Bounce","imageUrls":["https://cdn0.woolworths.media/content/wowproductimages/large/098355.jpg"],"storeId":"woolworths","packageSize":"35g","cupPrice":"$4.29 / 100G","locations":{"ALL":{"price":1.5,"discountRate":50,"promo":"","orgPrice":3}},"categoryIds":["w-health-beauty"],"similarProducts":[]},{"id":"w-95994-9335805002067","name":"Bounce Keto Salted Caramel Low Carb Bar","brand":"Bounce","imageUrls":["https://cdn0.woolworths.media/content/wowproductimages/large/095994.jpg"],"storeId":"woolworths","packageSize":"35g","cupPrice":"$4.29 / 100G","locations":{"ALL":{"price":1.5,"discountRate":50,"promo":"","orgPrice":3}},"categoryIds":["w-health-beauty"],"similarProducts":[]},{"id":"w-771791-9335805000322","name":"Bounce Natural Energy Ball Cacao, Mint & Protein Ball","brand":"Bounce","imageUrls":["https://cdn0.woolworths.media/content/wowproductimages/large/771791.jpg"],"storeId":"woolworths","packageSize":"42g","cupPrice":"$3.57 / 100G","locations":{"ALL":{"price":1.5,"discountRate":50,"promo":"","orgPrice":3}},"categoryIds":["w-health-beauty"],"similarProducts":[]},{"id":"w-723680-9335805000384","name":"Bounce Natural Energy Ball Coconut Macadamia Protein","brand":"Bounce","imageUrls":["https://cdn0.woolworths.media/content/wowproductimages/large/723680.jpg"],"storeId":"woolworths","packageSize":"40g","cupPrice":"$3.75 / 100G","locations":{"ALL":{"price":1.5,"discountRate":50,"promo":"","orgPrice":3}},"categoryIds":["w-health-beauty"],"similarProducts":[]},{"id":"w-281271-9335805000018","name":"Bounce Natural Energy Ball Peanut","brand":"Bounce","imageUrls":["https://cdn0.woolworths.media/content/wowproductimages/large/281271.jpg"],"storeId":"woolworths","packageSize":"49g","cupPrice":"$3.06 / 100G","locations":{"ALL":{"price":1.5,"discountRate":50,"promo":"","orgPrice":3}},"categoryIds":["w-health-beauty"],"similarProducts":[]},{"id":"w-802720-9335805001602","name":"Bounce Plant Protein Almond Butter","brand":"Bounce","imageUrls":["https://cdn0.woolworths.media/content/wowproductimages/large/802720.jpg"],"storeId":"woolworths","packageSize":"42g","cupPrice":"$3.57 / 100G","locations":{"ALL":{"price":1.5,"discountRate":50,"promo":"","orgPrice":3}},"categoryIds":["w-health-beauty"],"similarProducts":[]},{"id":"w-99367-9335805001961","name":"Bounce Plant Protein Cacao Nut Butter Energy Ball","brand":"Bounce","imageUrls":["https://cdn0.woolworths.media/content/wowproductimages/large/099367.jpg"],"storeId":"woolworths","packageSize":"40g","cupPrice":"$3.75 / 100G","locations":{"ALL":{"price":1.5,"discountRate":50,"promo":"","orgPrice":3}},"categoryIds":["w-health-beauty"],"similarProducts":[]},{"id":"w-966493-9421029551839","name":"Brite Organix Semi Permanent Hair Colour Pastel Blue","brand":"Brite","imageUrls":["https://cdn0.woolworths.media/content/wowproductimages/large/966493.jpg"],"storeId":"woolworths","packageSize":"75ml","cupPrice":"$6.67 / 100ML","locations":{"ALL":{"price":5,"discountRate":50,"promo":"","orgPrice":10}},"categoryIds":["w-health-beauty"],"similarProducts":[]},{"id":"w-781823-9421903034618","name":"Brite Semi Permanent Hair Colour Colour Limited Edition Red","brand":"Brite","imageUrls":["https://cdn0.woolworths.media/content/wowproductimages/large/781823.jpg"],"storeId":"woolworths","packageSize":"75ml","cupPrice":"$6.67 / 100ML","locations":{"ALL":{"price":5,"discountRate":50,"promo":"","orgPrice":10}},"categoryIds":["w-health-beauty"],"similarProducts":[]},{"id":"w-840411-9421029550726","name":"Brite Semi Permanent Hair Colour Colour Pastel Purple","brand":"Brite","imageUrls":["https://cdn0.woolworths.media/content/wowproductimages/large/840411.jpg"],"storeId":"woolworths","packageSize":"75ml","cupPrice":"$6.67 / 100ML","locations":{"ALL":{"price":5,"discountRate":50,"promo":"","orgPrice":10}},"categoryIds":["w-health-beauty"],"similarProducts":[]},{"id":"w-755334-9421903034168","name":"Brite Semi Permanent Hair Colour Colour Pink","brand":"Brite","imageUrls":["https://cdn0.woolworths.media/content/wowproductimages/large/755334.jpg"],"storeId":"woolworths","packageSize":"75ml","cupPrice":"$6.67 / 100ML","locations":{"ALL":{"price":5,"discountRate":50,"promo":"","orgPrice":10}},"categoryIds":["w-health-beauty"],"similarProducts":[]},{"id":"w-815155-9314807065492","name":"Brut Anti-perspirant Enduro Ice","brand":"Brut","imageUrls":["https://cdn0.woolworths.media/content/wowproductimages/large/815155.jpg"],"storeId":"woolworths","packageSize":"150g","cupPrice":"$2.00 / 100G","locations":{"ALL":{"price":3,"discountRate":52,"promo":"","orgPrice":6.3}},"categoryIds":["w-health-beauty"],"similarProducts":[]},{"id":"w-815156-9314807065508","name":"Brut Anti-perspirant Max Defence","brand":"Brut","imageUrls":["https://cdn0.woolworths.media/content/wowproductimages/large/815156.jpg"],"storeId":"woolworths","packageSize":"150g","cupPrice":"$2.00 / 100G","locations":{"ALL":{"price":3,"discountRate":52,"promo":"","orgPrice":6.3}},"categoryIds":["w-health-beauty"],"similarProducts":[]},{"id":"w-754728-9314807040833","name":"Brut Body Wash Endurance","brand":"Brut","imageUrls":["https://cdn0.woolworths.media/content/wowproductimages/large/754728.jpg"],"storeId":"woolworths","packageSize":"400ml","cupPrice":"$0.79 / 100ML","locations":{"ALL":{"price":3.15,"discountRate":50,"promo":"","orgPrice":6.3}},"categoryIds":["w-health-beauty"],"similarProducts":[]},{"id":"w-248071-9314807015480","name":"Brut Deodorant Aerosol Anti Perspirant Endurance","brand":"Brut","imageUrls":["https://cdn0.woolworths.media/content/wowproductimages/large/248071.jpg"],"storeId":"woolworths","packageSize":"150g","cupPrice":"$1.22 / 100ML","locations":{"ALL":{"price":3,"discountRate":52,"promo":"","orgPrice":6.3}},"categoryIds":["w-health-beauty"],"similarProducts":[]},{"id":"w-10830-9300666383242","name":"Brut Deodorant Aerosol Anti Perspirant Ultra Dry","brand":"Brut","imageUrls":["https://cdn0.woolworths.media/content/wowproductimages/large/010830.jpg"],"storeId":"woolworths","packageSize":"150g","cupPrice":"$1.22 / 100ML","locations":{"ALL":{"price":3,"discountRate":52,"promo":"","orgPrice":6.3}},"categoryIds":["w-health-beauty"],"similarProducts":[]},{"id":"w-10829-9300666383235","name":"Brut Deodorant Aerosol Original","brand":"Brut","imageUrls":["https://cdn0.woolworths.media/content/wowproductimages/large/010829.jpg"],"storeId":"woolworths","packageSize":"150g","cupPrice":"$1.22 / 100ML","locations":{"ALL":{"price":3,"discountRate":52,"promo":"","orgPrice":6.3}},"categoryIds":["w-health-beauty"],"similarProducts":[]},{"id":"w-235626-93503037","name":"Brut Deodorant Roll On Original","brand":"Brut","imageUrls":["https://cdn0.woolworths.media/content/wowproductimages/large/235626.jpg"],"storeId":"woolworths","packageSize":"50ml","cupPrice":"$4.00 / 100ML","locations":{"ALL":{"price":2,"discountRate":50,"promo":"","orgPrice":4}},"categoryIds":["w-health-beauty"],"similarProducts":[]},{"id":"w-53310-5060144644008","name":"Bulldog Oil Control Face Wash","brand":"Bulldog","imageUrls":["https://cdn0.woolworths.media/content/wowproductimages/large/053310.jpg"],"storeId":"woolworths","packageSize":"150ml","cupPrice":"$3.33 / 100ML","locations":{"ALL":{"price":5,"discountRate":50,"promo":"","orgPrice":10}},"categoryIds":["w-health-beauty"],"similarProducts":[]},{"id":"w-53343-5060144643988","name":"Bulldog Oil Control Moisturiser","brand":"Bulldog","imageUrls":["https://cdn0.woolworths.media/content/wowproductimages/large/053343.jpg"],"storeId":"woolworths","packageSize":"100ml","cupPrice":"$6.25 / 100ML","locations":{"ALL":{"price":6.25,"discountRate":50,"promo":"","orgPrice":12.5}},"categoryIds":["w-health-beauty"],"similarProducts":[]},{"id":"w-673259-5060144643940","name":"Bulldog Original Beard Balm","brand":"Bulldog","imageUrls":["https://cdn0.woolworths.media/content/wowproductimages/large/673259.jpg"],"storeId":"woolworths","packageSize":"75ml","cupPrice":"$8.00 / 100ML","locations":{"ALL":{"price":6,"discountRate":50,"promo":"","orgPrice":12}},"categoryIds":["w-health-beauty"],"similarProducts":[]},{"id":"w-673258-5060144643926","name":"Bulldog Original Beard Oil","brand":"Bulldog","imageUrls":["https://cdn0.woolworths.media/content/wowproductimages/large/673258.jpg"],"storeId":"woolworths","packageSize":"30ml","cupPrice":"$20.00 / 100ML","locations":{"ALL":{"price":6,"discountRate":50,"promo":"","orgPrice":12}},"categoryIds":["w-health-beauty"],"similarProducts":[]},{"id":"w-765739-5060144640222","name":"Bulldog Face Care Sensitive Moisturizer","brand":"Bulldog","imageUrls":["https://cdn0.woolworths.media/content/wowproductimages/large/765739.jpg"],"storeId":"woolworths","packageSize":"100ml","cupPrice":"$6.25 / 100ML","locations":{"ALL":{"price":6.25,"discountRate":50,"promo":"","orgPrice":12.5}},"categoryIds":["w-health-beauty"],"similarProducts":[]},{"id":"w-787245-9310488001637","name":"Caltrate 1000iu Bone And Muscle Health Tablets","brand":"Caltrate","imageUrls":["https://cdn0.woolworths.media/content/wowproductimages/large/787245.jpg"],"storeId":"woolworths","packageSize":"60pk","cupPrice":"$7.50 / 100EA","locations":{"ALL":{"price":4.5,"discountRate":50,"promo":"","orgPrice":9}},"categoryIds":["w-health-beauty"],"similarProducts":[]},{"id":"w-805415-9310488003532","name":"Caltrate Bone & Muscle 50 Plus","brand":"Caltrate","imageUrls":["https://cdn0.woolworths.media/content/wowproductimages/large/805415.jpg"],"storeId":"woolworths","packageSize":"100 pack","cupPrice":"$8.50 / 100EA","locations":{"ALL":{"price":8.5,"discountRate":50,"promo":"","orgPrice":17}},"categoryIds":["w-health-beauty"],"similarProducts":[]},{"id":"w-738842-9333583003900","name":"Celebrity Slim Low Carb Shake Mix 7 Day Meal Replacement Assort","brand":"Celebrity Slim","imageUrls":["https://cdn0.woolworths.media/content/wowproductimages/large/738842.jpg"],"storeId":"woolworths","packageSize":"14pk","cupPrice":"$1.54 / 1EA","locations":{"ALL":{"price":21.5,"discountRate":50,"promo":"","orgPrice":43}},"categoryIds":["w-health-beauty"],"similarProducts":[]},{"id":"w-731213-9333583008844","name":"Celebrity Slim Shake Mix Cafe Latte Sachet","brand":"Celebrity Slim","imageUrls":["https://cdn0.woolworths.media/content/wowproductimages/large/731213.jpg"],"storeId":"woolworths","packageSize":"55g","cupPrice":"$3.18 / 100G","locations":{"ALL":{"price":1.75,"discountRate":50,"promo":"","orgPrice":3.5}},"categoryIds":["w-health-beauty"],"similarProducts":[]},{"id":"w-780016-9300705604949","name":"Cenovis Cold Sore Complex Tablets","brand":"Cenovis","imageUrls":["https://cdn0.woolworths.media/content/wowproductimages/large/780016.jpg"],"storeId":"woolworths","packageSize":"30 pack","cupPrice":"$23.33 / 100EA","locations":{"ALL":{"price":7,"discountRate":50,"promo":"","orgPrice":14}},"categoryIds":["w-health-beauty"],"similarProducts":[]},{"id":"w-205649-9300705602648","name":"Cenovis Echinacea 5000 Capsules","brand":"Cenovis","imageUrls":["https://cdn0.woolworths.media/content/wowproductimages/large/205649.jpg"],"storeId":"woolworths","packageSize":"60 pack","cupPrice":"$12.50 / 100EA","locations":{"ALL":{"price":7.5,"discountRate":50,"promo":"","orgPrice":15}},"categoryIds":["w-health-beauty"],"similarProducts":[]},{"id":"w-82194-9300705031455","name":"Cenovis Echinacea, Garlic, Zinc + C Tablets","brand":"Cenovis","imageUrls":["https://cdn0.woolworths.media/content/wowproductimages/large/082194.jpg"],"storeId":"woolworths","packageSize":"60 pack","cupPrice":"$13.33 / 100EA","locations":{"ALL":{"price":8,"discountRate":50,"promo":"","orgPrice":16}},"categoryIds":["w-health-beauty"],"similarProducts":[]},{"id":"w-324756-9300705603768","name":"Cenovis Echinacea, Garlic, Zinc + C Tablets","brand":"Cenovis","imageUrls":["https://cdn0.woolworths.media/content/wowproductimages/large/324756.jpg"],"storeId":"woolworths","packageSize":"125 pack","cupPrice":"$10.40 / 100EA","locations":{"ALL":{"price":13,"discountRate":50,"promo":"","orgPrice":26}},"categoryIds":["w-health-beauty"],"similarProducts":[]},{"id":"w-233149-9300705602839","name":"Cenovis Garlic, Horseradish + C Complex Capsules","brand":"Cenovis","imageUrls":["https://cdn0.woolworths.media/content/wowproductimages/large/233149.jpg"],"storeId":"woolworths","packageSize":"120 pack","cupPrice":"$6.88 / 100EA","locations":{"ALL":{"price":8.25,"discountRate":50,"promo":"","orgPrice":16.5}},"categoryIds":["w-health-beauty"],"similarProducts":[]},{"id":"w-85465-9300705605809","name":"Cenovis Glucosamine + Fish Oil Capsules","brand":"Cenovis","imageUrls":["https://cdn0.woolworths.media/content/wowproductimages/large/085465.jpg"],"storeId":"woolworths","packageSize":"200 pack","cupPrice":"$6.25 / 100EA","locations":{"ALL":{"price":12.5,"discountRate":50,"promo":"","orgPrice":25}},"categoryIds":["w-health-beauty"],"similarProducts":[]},{"id":"w-85959-9300705605922","name":"Cenovis Hello Calm Tablets","brand":"Cenovis","imageUrls":["https://cdn0.woolworths.media/content/wowproductimages/large/085959.jpg"],"storeId":"woolworths","packageSize":"30 pack","cupPrice":"$0.33 / 1EA","locations":{"ALL":{"price":10,"discountRate":50,"promo":"","orgPrice":20}},"categoryIds":["w-health-beauty"],"similarProducts":[{"productId":"cw-94207","storeId":"chemist-warehouse"}]},{"id":"w-85958-9300705605908","name":"Cenovis Hello Detox Capsules","brand":"Cenovis","imageUrls":["https://cdn0.woolworths.media/content/wowproductimages/large/085958.jpg"],"storeId":"woolworths","packageSize":"30 pack","cupPrice":"$0.33 / 1EA","locations":{"ALL":{"price":10,"discountRate":50,"promo":"","orgPrice":20}},"categoryIds":["w-health-beauty"],"similarProducts":[]},{"id":"w-85956-9300705605892","name":"Cenovis Hello Energy Tablets","brand":"Cenovis","imageUrls":["https://cdn0.woolworths.media/content/wowproductimages/large/085956.jpg"],"storeId":"woolworths","packageSize":"30 pack","cupPrice":"$0.33 / 1EA","locations":{"ALL":{"price":10,"discountRate":50,"promo":"","orgPrice":20}},"categoryIds":["w-health-beauty"],"similarProducts":[{"productId":"cw-94209","storeId":"chemist-warehouse"}]},{"id":"w-85962-9300705605885","name":"Cenovis Hello Focus Tablets","brand":"Cenovis","imageUrls":["https://cdn0.woolworths.media/content/wowproductimages/large/085962.jpg"],"storeId":"woolworths","packageSize":"30 pack","cupPrice":"$0.33 / 1EA","locations":{"ALL":{"price":10,"discountRate":50,"promo":"","orgPrice":20}},"categoryIds":["w-health-beauty"],"similarProducts":[{"productId":"cw-94210","storeId":"chemist-warehouse"}]},{"id":"w-85963-9300705605915","name":"Cenovis Hello Immunity Chewable Tablets","brand":"Cenovis","imageUrls":["https://cdn0.woolworths.media/content/wowproductimages/large/085963.jpg"],"storeId":"woolworths","packageSize":"30 pack","cupPrice":"$0.33 / 1EA","locations":{"ALL":{"price":10,"discountRate":50,"promo":"","orgPrice":20}},"categoryIds":["w-health-beauty"],"similarProducts":[]},{"id":"w-460962-9300705605441","name":"Cenovis Iron Plus Tablets","brand":"Cenovis","imageUrls":["https://cdn0.woolworths.media/content/wowproductimages/large/460962.jpg"],"storeId":"woolworths","packageSize":"80 pack","cupPrice":"$8.13 / 100EA","locations":{"ALL":{"price":6.5,"discountRate":50,"promo":"","orgPrice":13}},"categoryIds":["w-health-beauty"],"similarProducts":[]},{"id":"w-532114-9300705605649","name":"Cenovis Once Daily Men's Multi Capsules","brand":"Cenovis","imageUrls":["https://cdn0.woolworths.media/content/wowproductimages/large/532114.jpg"],"storeId":"woolworths","packageSize":"50 pack","cupPrice":"$16.00 / 100EA","locations":{"ALL":{"price":8,"discountRate":50,"promo":"","orgPrice":16}},"categoryIds":["w-health-beauty"],"similarProducts":[]},{"id":"w-85592-9300705605847","name":"Cenovis Once Daily Men's Multi + Performance Capsules","brand":"Cenovis","imageUrls":["https://cdn0.woolworths.media/content/wowproductimages/large/085592.jpg"],"storeId":"woolworths","packageSize":"100 pack","cupPrice":"$15.00 / 100EA","locations":{"ALL":{"price":15,"discountRate":50,"promo":"","orgPrice":30}},"categoryIds":["w-health-beauty"],"similarProducts":[]},{"id":"w-532118-9300705605823","name":"Cenovis Once Daily Women's Multi Capsules","brand":"Cenovis","imageUrls":["https://cdn0.woolworths.media/content/wowproductimages/large/532118.jpg"],"storeId":"woolworths","packageSize":"50 pack","cupPrice":"$16.00 / 100EA","locations":{"ALL":{"price":8,"discountRate":50,"promo":"","orgPrice":16}},"categoryIds":["w-health-beauty"],"similarProducts":[]},{"id":"w-256175-9300705603041","name":"Cenovis St John's Wort 2000 Tablets","brand":"Cenovis","imageUrls":["https://cdn0.woolworths.media/content/wowproductimages/large/256175.jpg"],"storeId":"woolworths","packageSize":"60 pack","cupPrice":"$11.67 / 100EA","locations":{"ALL":{"price":7,"discountRate":50,"promo":"","orgPrice":14}},"categoryIds":["w-health-beauty"],"similarProducts":[]},{"id":"w-85593-9300705606004","name":"Cenovis Sugarless C 500mg Tablets Orange Flavour","brand":"Cenovis","imageUrls":["https://cdn0.woolworths.media/content/wowproductimages/large/085593.jpg"],"storeId":"woolworths","packageSize":"160 pack","cupPrice":"$3.75 / 100EA","locations":{"ALL":{"price":6,"discountRate":50,"promo":"","orgPrice":12}},"categoryIds":["w-health-beauty"],"similarProducts":[]},{"id":"w-828923-9300705605229","name":"Cenovis Vitamin C 250mg Tablets Orange Flavour","brand":"Cenovis","imageUrls":["https://cdn0.woolworths.media/content/wowproductimages/large/828923.jpg"],"storeId":"woolworths","packageSize":"150 pack","cupPrice":"$3.50 / 100EA","locations":{"ALL":{"price":5.25,"discountRate":50,"promo":"","orgPrice":10.5}},"categoryIds":["w-health-beauty"],"similarProducts":[]},{"id":"w-460958-9300705605397","name":"Cenovis Zinc Plus Tablets","brand":"Cenovis","imageUrls":["https://cdn0.woolworths.media/content/wowproductimages/large/460958.jpg"],"storeId":"woolworths","packageSize":"150 pack","cupPrice":"$4.33 / 100EA","locations":{"ALL":{"price":6.5,"discountRate":50,"promo":"","orgPrice":13}},"categoryIds":["w-health-beauty"],"similarProducts":[]},{"id":"w-750905-9310488000517","name":"Centrum For Men Multivitamin","brand":"Centrum","imageUrls":["https://cdn0.woolworths.media/content/wowproductimages/large/750905.jpg"],"storeId":"woolworths","packageSize":"60pk","cupPrice":"$16.67 / 100EA","locations":{"ALL":{"price":10,"discountRate":50,"promo":"","orgPrice":20}},"categoryIds":["w-health-beauty"],"similarProducts":[]},{"id":"w-750906-9310488000531","name":"Centrum For Women Multivitamin","brand":"Centrum","imageUrls":["https://cdn0.woolworths.media/content/wowproductimages/large/750906.jpg"],"storeId":"woolworths","packageSize":"60pk","cupPrice":"$16.67 / 100EA","locations":{"ALL":{"price":10,"discountRate":50,"promo":"","orgPrice":20}},"categoryIds":["w-health-beauty"],"similarProducts":[]},{"id":"w-706479-9310488023141","name":"Centrum Kids Incremin Iron","brand":"Centrum","imageUrls":["https://cdn0.woolworths.media/content/wowproductimages/large/706479.jpg"],"storeId":"woolworths","packageSize":"200ml","cupPrice":"$4.25 / 100ML","locations":{"ALL":{"price":8.5,"discountRate":50,"promo":"","orgPrice":17}},"categoryIds":["w-health-beauty"],"similarProducts":[]},{"id":"w-626739-722252102003","name":"Clif Bar Cool Mint Chocolate Energy Bar","brand":"Clif Bar","imageUrls":["https://cdn0.woolworths.media/content/wowproductimages/large/626739.jpg"],"storeId":"woolworths","packageSize":"68g","cupPrice":"$2.21 / 100G","locations":{"ALL":{"price":1.5,"discountRate":50,"promo":"","orgPrice":3}},"categoryIds":["w-health-beauty"],"similarProducts":[]},{"id":"w-404245-722252101204","name":"Clif Bar Crunchy Peanut Butter","brand":"Clif Bar","imageUrls":["https://cdn0.woolworths.media/content/wowproductimages/large/404245.jpg"],"storeId":"woolworths","packageSize":"68g","cupPrice":"$2.21 / 100G","locations":{"ALL":{"price":1.5,"discountRate":50,"promo":"","orgPrice":3}},"categoryIds":["w-health-beauty"],"similarProducts":[]},{"id":"w-756168-722252130044","name":"Clif Bar Energy Bar Chocolate Chip","brand":"Clif Bar","imageUrls":["https://cdn0.woolworths.media/content/wowproductimages/large/756168.jpg"],"storeId":"woolworths","packageSize":"68g","cupPrice":"$2.21 / 100G","locations":{"ALL":{"price":1.5,"discountRate":50,"promo":"","orgPrice":3}},"categoryIds":["w-health-beauty"],"similarProducts":[]},{"id":"w-756172-722252130099","name":"Clif Bar Energy Bar White Chocolate Macadamia","brand":"Clif Bar","imageUrls":["https://cdn0.woolworths.media/content/wowproductimages/large/756172.jpg"],"storeId":"woolworths","packageSize":"68g","cupPrice":"$2.21 / 100G","locations":{"ALL":{"price":1.5,"discountRate":50,"promo":"","orgPrice":3}},"categoryIds":["w-health-beauty"],"similarProducts":[]},{"id":"w-59915-9349580004284","name":"Coco Earth Juggernaut Mct Oil","brand":"Coco Earth","imageUrls":["https://cdn0.woolworths.media/content/wowproductimages/large/059915.jpg"],"storeId":"woolworths","packageSize":"500ml","cupPrice":"$1.50 / 100ML","locations":{"ALL":{"price":7.5,"discountRate":50,"promo":"","orgPrice":15}},"categoryIds":["w-health-beauty"],"similarProducts":[]},{"id":"w-819800-6920354823800","name":"Colgate Advanced Whitening Charcoal Fluoride Toothpaste","brand":"Colgate","imageUrls":["https://cdn0.woolworths.media/content/wowproductimages/large/819800.jpg"],"storeId":"woolworths","packageSize":"170g","cupPrice":"$2.06 / 100G","locations":{"ALL":{"price":3.5,"discountRate":50,"promo":"","orgPrice":7}},"categoryIds":["w-health-beauty"],"similarProducts":[]},{"id":"w-581409-8850006342701","name":"Colgate Advanced Whitening Fluoride Whiter Teeth Toothpaste","brand":"Colgate","imageUrls":["https://cdn0.woolworths.media/content/wowproductimages/large/581409.jpg"],"storeId":"woolworths","packageSize":"190g","cupPrice":"$1.84 / 100G","locations":{"ALL":{"price":3.5,"discountRate":50,"promo":"","orgPrice":7}},"categoryIds":["w-health-beauty"],"similarProducts":[]},{"id":"w-248894-9300632066360","name":"Colgate Advanced Whitening Fluoride Whiter Teeth Toothpaste","brand":"Colgate","imageUrls":["https://cdn0.woolworths.media/content/wowproductimages/large/248894.jpg"],"storeId":"woolworths","packageSize":"110g","cupPrice":"$2.18 / 100G","locations":{"ALL":{"price":2.4,"discountRate":50,"promo":"","orgPrice":4.8}},"categoryIds":["w-health-beauty"],"similarProducts":[]},{"id":"w-248895-9300632066346","name":"Colgate Advanced Whitening Tartar Control Toothpaste","brand":"Colgate","imageUrls":["https://cdn0.woolworths.media/content/wowproductimages/large/248895.jpg"],"storeId":"woolworths","packageSize":"120g","cupPrice":"$2.00 / 100G","locations":{"ALL":{"price":2.4,"discountRate":50,"promo":"","orgPrice":4.8}},"categoryIds":["w-health-beauty"],"similarProducts":[]},{"id":"w-704088-8850006327517","name":"Colgate Advanced Whitening Tartar Control Toothpaste","brand":"Colgate","imageUrls":["https://cdn0.woolworths.media/content/wowproductimages/large/704088.jpg"],"storeId":"woolworths","packageSize":"190g","cupPrice":"$1.84 / 100G","locations":{"ALL":{"price":3.5,"discountRate":50,"promo":"","orgPrice":7}},"categoryIds":["w-health-beauty"],"similarProducts":[]},{"id":"w-704025-8850006327487","name":"Colgate Max Fresh Breath Toothpaste Cool Mint","brand":"Colgate","imageUrls":["https://cdn0.woolworths.media/content/wowproductimages/large/704025.jpg"],"storeId":"woolworths","packageSize":"190g","cupPrice":"$1.84 / 100G","locations":{"ALL":{"price":3.5,"discountRate":50,"promo":"","orgPrice":7}},"categoryIds":["w-health-beauty"],"similarProducts":[]},{"id":"w-750055-9300632081301","name":"Colgate Optic White Sparkling White Teeth Whitening Toothpaste","brand":"Colgate","imageUrls":["https://cdn0.woolworths.media/content/wowproductimages/large/750055.jpg"],"storeId":"woolworths","packageSize":"140g","cupPrice":"$3.57 / 100G","locations":{"ALL":{"price":5,"discountRate":50,"promo":"","orgPrice":10}},"categoryIds":["w-health-beauty"],"similarProducts":[]},{"id":"w-826546-9300632085477","name":"Colgate Optic White Whitening Toothpaste Express Fresh Mint","brand":"Colgate","imageUrls":["https://cdn0.woolworths.media/content/wowproductimages/large/826546.jpg"],"storeId":"woolworths","packageSize":"125g","cupPrice":"$4.80 / 100G","locations":{"ALL":{"price":6,"discountRate":50,"promo":"","orgPrice":12}},"categoryIds":["w-health-beauty"],"similarProducts":[]},{"id":"w-321727-8850006303306","name":"Colgate Plax Alcohol Free Mouthwash Freshmint","brand":"Colgate","imageUrls":["https://cdn0.woolworths.media/content/wowproductimages/large/321727.jpg"],"storeId":"woolworths","packageSize":"250ml","cupPrice":"$0.80 / 100ML","locations":{"ALL":{"price":2,"discountRate":50,"promo":"","orgPrice":4}},"categoryIds":["w-health-beauty"],"similarProducts":[]},{"id":"w-80505-8850006932148","name":"Colgate Plax Ice Fusion Antibacterial Mouthwash Cold Mint","brand":"Colgate","imageUrls":["https://cdn0.woolworths.media/content/wowproductimages/large/080505.jpg"],"storeId":"woolworths","packageSize":"500ml","cupPrice":"$0.70 / 100ML","locations":{"ALL":{"price":3.5,"discountRate":50,"promo":"","orgPrice":7}},"categoryIds":["w-health-beauty"],"similarProducts":[]},{"id":"w-706711-9300632078431","name":"Colgate Sensitive Prorelief Teeth Pain Toothpaste","brand":"Colgate","imageUrls":["https://cdn0.woolworths.media/content/wowproductimages/large/706711.jpg"],"storeId":"woolworths","packageSize":"110g","cupPrice":"$4.55 / 100G","locations":{"ALL":{"price":5,"discountRate":50,"promo":"","orgPrice":10}},"categoryIds":["w-health-beauty"],"similarProducts":[]},{"id":"w-730950-9300632079216","name":"Colgate Sensitive Prorelief Enamel Repair Teeth Pain Toothpaste","brand":"Colgate","imageUrls":["https://cdn0.woolworths.media/content/wowproductimages/large/730950.jpg"],"storeId":"woolworths","packageSize":"110g","cupPrice":"$4.55 / 100G","locations":{"ALL":{"price":5,"discountRate":50,"promo":"","orgPrice":10}},"categoryIds":["w-health-beauty"],"similarProducts":[]},{"id":"w-352411-9300632075096","name":"Colgate Sensitive Prorelief Whitening Teeth Pain Toothpaste","brand":"Colgate","imageUrls":["https://cdn0.woolworths.media/content/wowproductimages/large/352411.jpg"],"storeId":"woolworths","packageSize":"110g","cupPrice":"$4.55 / 100G","locations":{"ALL":{"price":5,"discountRate":50,"promo":"","orgPrice":10}},"categoryIds":["w-health-beauty"],"similarProducts":[]},{"id":"w-476961-9400501202261","name":"Comvita Olive Leaf Extract High Strength Capsules","brand":"Comvita","imageUrls":["https://cdn0.woolworths.media/content/wowproductimages/large/476961.jpg"],"storeId":"woolworths","packageSize":"60 pack","cupPrice":"$18.33 / 100EA","locations":{"ALL":{"price":11,"discountRate":50,"promo":"","orgPrice":22}},"categoryIds":["w-health-beauty"],"similarProducts":[]},{"id":"w-79774-9351326002591","name":"Cover Girl & Olay Simply Ageless Foundation 210 Classic Ivory","brand":"Cover Girl","imageUrls":["https://cdn0.woolworths.media/content/wowproductimages/large/079774.jpg"],"storeId":"woolworths","packageSize":"12g","cupPrice":"$10.83 / 10G","locations":{"ALL":{"price":13,"discountRate":50,"promo":"","orgPrice":26}},"categoryIds":["w-health-beauty"],"similarProducts":[]},{"id":"w-255189-22700082346","name":"Cover Girl Advanced Radiance Pressed Powder 110 Creamy Natural","brand":"Cover Girl","imageUrls":["https://cdn0.woolworths.media/content/wowproductimages/large/255189.jpg"],"storeId":"woolworths","packageSize":"11g","cupPrice":"$9.09 / 10G","locations":{"ALL":{"price":10,"discountRate":50,"promo":"","orgPrice":20}},"categoryIds":["w-health-beauty"],"similarProducts":[]},{"id":"w-822251-3614227997417","name":"Cover Girl Exhbitionist Mascara 800 Very Black","brand":"Cover Girl","imageUrls":["https://cdn0.woolworths.media/content/wowproductimages/large/822251.jpg"],"storeId":"woolworths","packageSize":"each","cupPrice":"$13.33 / 10ML","locations":{"ALL":{"price":12,"discountRate":50,"promo":"","orgPrice":24}},"categoryIds":["w-health-beauty"],"similarProducts":[]},{"id":"w-310628-22700097777","name":"Cover Girl Lash Blast Volume Mascara 800 Very Black","brand":"Cover Girl","imageUrls":["https://cdn0.woolworths.media/content/wowproductimages/large/310628.jpg"],"storeId":"woolworths","packageSize":"each","cupPrice":"$7.25 / 10ML","locations":{"ALL":{"price":9.5,"discountRate":50,"promo":"","orgPrice":19}},"categoryIds":["w-health-beauty"],"similarProducts":[]},{"id":"w-506793-9346657000316","name":"Crankt Hplc Protein Shake Banana","brand":"Crankt","imageUrls":["https://cdn0.woolworths.media/content/wowproductimages/large/506793.jpg"],"storeId":"woolworths","packageSize":"375ml","cupPrice":"$0.53 / 100ML","locations":{"ALL":{"price":2,"discountRate":50,"promo":"","orgPrice":4}},"categoryIds":["w-health-beauty"],"similarProducts":[]},{"id":"w-506791-9346657000002","name":"Crankt Hplc Protein Shake Chocolate","brand":"Crankt","imageUrls":["https://cdn0.woolworths.media/content/wowproductimages/large/506791.jpg"],"storeId":"woolworths","packageSize":"375ml","cupPrice":"$0.53 / 100ML","locations":{"ALL":{"price":2,"discountRate":50,"promo":"","orgPrice":4}},"categoryIds":["w-health-beauty"],"similarProducts":[]},{"id":"w-95659-9315090212013","name":"Crankt Max Premium Protein Bar Chocolate Fudge","brand":"Crankt","imageUrls":["https://cdn0.woolworths.media/content/wowproductimages/large/095659.jpg"],"storeId":"woolworths","packageSize":"60g","cupPrice":"$3.08 / 100G","locations":{"ALL":{"price":1.85,"discountRate":51,"promo":"","orgPrice":3.75}},"categoryIds":["w-health-beauty"],"similarProducts":[]},{"id":"w-95613-9315090212037","name":"Crankt Max Premium Protein Bar Raspberry & Coconut","brand":"Crankt","imageUrls":["https://cdn0.woolworths.media/content/wowproductimages/large/095613.jpg"],"storeId":"woolworths","packageSize":"60g","cupPrice":"$3.08 / 100G","locations":{"ALL":{"price":1.85,"discountRate":51,"promo":"","orgPrice":3.75}},"categoryIds":["w-health-beauty"],"similarProducts":[]},{"id":"w-94479-9315090211993","name":"Crankt Max Premium Protein Bar Salted Caramel","brand":"Crankt","imageUrls":["https://cdn0.woolworths.media/content/wowproductimages/large/094479.jpg"],"storeId":"woolworths","packageSize":"60g","cupPrice":"$3.08 / 100G","locations":{"ALL":{"price":1.85,"discountRate":51,"promo":"","orgPrice":3.75}},"categoryIds":["w-health-beauty"],"similarProducts":[]},{"id":"w-65786-9346657000064","name":"Crankt Vanilla","brand":"Crankt","imageUrls":["https://cdn0.woolworths.media/content/wowproductimages/large/065786.jpg"],"storeId":"woolworths","packageSize":"375ml","cupPrice":"$0.53 / 100ML","locations":{"ALL":{"price":2,"discountRate":50,"promo":"","orgPrice":4}},"categoryIds":["w-health-beauty"],"similarProducts":[]},{"id":"w-52492-9300830052066","name":"Dove Anti-perspirant Coconut & Jasmine Flower","brand":"Dove","imageUrls":["https://cdn0.woolworths.media/content/wowproductimages/large/052492.jpg"],"storeId":"woolworths","packageSize":"250ml","cupPrice":"$1.40 / 100ML","locations":{"ALL":{"price":3.5,"discountRate":50,"promo":"","orgPrice":7}},"categoryIds":["w-health-beauty"],"similarProducts":[]},{"id":"w-700084-9300830048694","name":"Dove Antiperspirant Pear & Aloe Vera Scent","brand":"Dove","imageUrls":["https://cdn0.woolworths.media/content/wowproductimages/large/700084.jpg"],"storeId":"woolworths","packageSize":"250ml","cupPrice":"$1.40 / 100ML","locations":{"ALL":{"price":3.5,"discountRate":50,"promo":"","orgPrice":7}},"categoryIds":["w-health-beauty"],"similarProducts":[]},{"id":"w-51585-4800888210975","name":"Dove Antiperspirant Roll On Coconut & Jasmine Flower","brand":"Dove","imageUrls":["https://cdn0.woolworths.media/content/wowproductimages/large/051585.jpg"],"storeId":"woolworths","packageSize":"50ml","cupPrice":"$3.90 / 100ML","locations":{"ALL":{"price":1.95,"discountRate":50,"promo":"","orgPrice":3.9}},"categoryIds":["w-health-beauty"],"similarProducts":[]},{"id":"w-700098-9300830048366","name":"Dove Antiperspirant Summer Magnolia & Crisp Apple Scent","brand":"Dove","imageUrls":["https://cdn0.woolworths.media/content/wowproductimages/large/700098.jpg"],"storeId":"woolworths","packageSize":"250ml","cupPrice":"$1.40 / 100ML","locations":{"ALL":{"price":3.5,"discountRate":50,"promo":"","orgPrice":7}},"categoryIds":["w-health-beauty"],"similarProducts":[]},{"id":"w-30997-8000700000012","name":"Dove Beauty Bar Soap Original","brand":"Dove","imageUrls":["https://cdn0.woolworths.media/content/wowproductimages/large/030997.jpg"],"storeId":"woolworths","packageSize":"2x100g","cupPrice":"$0.95 / 100G","locations":{"ALL":{"price":1.9,"discountRate":50,"promo":"","orgPrice":3.8}},"categoryIds":["w-health-beauty"],"similarProducts":[]},{"id":"w-380810-9300830001101","name":"Dove Body Wash Triple Moisturising","brand":"Dove","imageUrls":["https://cdn0.woolworths.media/content/wowproductimages/large/380810.jpg"],"storeId":"woolworths","packageSize":"1l","cupPrice":"$0.69 / 100ML","locations":{"ALL":{"price":6.85,"discountRate":50,"promo":"","orgPrice":13.7}},"categoryIds":["w-health-beauty"],"similarProducts":[]},{"id":"w-816185-9300830050611","name":"Dove Body Wash Restoring Coconut & Almond Oils","brand":"Dove","imageUrls":["https://cdn0.woolworths.media/content/wowproductimages/large/816185.jpg"],"storeId":"woolworths","packageSize":"1l","cupPrice":"$0.69 / 100ML","locations":{"ALL":{"price":6.85,"discountRate":50,"promo":"","orgPrice":13.7}},"categoryIds":["w-health-beauty"],"similarProducts":[]},{"id":"w-609022-8851932374972","name":"Dove Conditioner Daily Care","brand":"Dove","imageUrls":["https://cdn0.woolworths.media/content/wowproductimages/large/609022.jpg"],"storeId":"woolworths","packageSize":"640ml","cupPrice":"$0.93 / 100ML","locations":{"ALL":{"price":5.95,"discountRate":50,"promo":"","orgPrice":11.9}},"categoryIds":["w-health-beauty"],"similarProducts":[]},{"id":"w-608986-8851932374996","name":"Dove Conditioner Daily Care","brand":"Dove","imageUrls":["https://cdn0.woolworths.media/content/wowproductimages/large/608986.jpg"],"storeId":"woolworths","packageSize":"320ml","cupPrice":"$1.08 / 100ML","locations":{"ALL":{"price":3.45,"discountRate":50,"promo":"","orgPrice":6.9}},"categoryIds":["w-health-beauty"],"similarProducts":[]},{"id":"w-856980-9300830050857","name":"Dove Conditioner Destress Ritual","brand":"Dove","imageUrls":["https://cdn0.woolworths.media/content/wowproductimages/large/856980.jpg"],"storeId":"woolworths","packageSize":"320ml","cupPrice":"$1.08 / 100ML","locations":{"ALL":{"price":3.45,"discountRate":50,"promo":"","orgPrice":6.9}},"categoryIds":["w-health-beauty"],"similarProducts":[]},{"id":"w-83128-9300830053599","name":"Dove Conditioner Dermacare Anti Dandruff Clean & Fresh","brand":"Dove","imageUrls":["https://cdn0.woolworths.media/content/wowproductimages/large/083128.jpg"],"storeId":"woolworths","packageSize":"300ml","cupPrice":"$1.83 / 100ML","locations":{"ALL":{"price":5.5,"discountRate":50,"promo":"","orgPrice":11}},"categoryIds":["w-health-beauty"],"similarProducts":[]},{"id":"w-83839-9300830053582","name":"Dove Conditioner Dermacare Anti Dandruff Coconut & Hydration","brand":"Dove","imageUrls":["https://cdn0.woolworths.media/content/wowproductimages/large/083839.jpg"],"storeId":"woolworths","packageSize":"300ml","cupPrice":"$1.83 / 100ML","locations":{"ALL":{"price":5.5,"discountRate":50,"promo":"","orgPrice":11}},"categoryIds":["w-health-beauty"],"similarProducts":[]},{"id":"w-609209-8710908056505","name":"Dove Dry Shampoo Refresh & Care","brand":"Dove","imageUrls":["https://cdn0.woolworths.media/content/wowproductimages/large/609209.jpg"],"storeId":"woolworths","packageSize":"250ml","cupPrice":"$2.00 / 100ML","locations":{"ALL":{"price":5,"discountRate":50,"promo":"","orgPrice":10}},"categoryIds":["w-health-beauty"],"similarProducts":[]},{"id":"w-79703-9300830056996","name":"Dove Go Fresh Antiperspirant Apple & White Tea Scent","brand":"Dove","imageUrls":["https://cdn0.woolworths.media/content/wowproductimages/large/079703.jpg"],"storeId":"woolworths","packageSize":"250ml","cupPrice":"$1.40 / 100ML","locations":{"ALL":{"price":3.5,"discountRate":50,"promo":"","orgPrice":7}},"categoryIds":["w-health-beauty"],"similarProducts":[]},{"id":"w-724691-9300830001194","name":"Dove Go Fresh Body Wash Fresh Touch","brand":"Dove","imageUrls":["https://cdn0.woolworths.media/content/wowproductimages/large/724691.jpg"],"storeId":"woolworths","packageSize":"1l","cupPrice":"$0.69 / 100ML","locations":{"ALL":{"price":6.85,"discountRate":50,"promo":"","orgPrice":13.7}},"categoryIds":["w-health-beauty"],"similarProducts":[]},{"id":"w-590250-9300830040889","name":"Dove Go Fresh Body Wash Pear & Aloe Vera","brand":"Dove","imageUrls":["https://cdn0.woolworths.media/content/wowproductimages/large/590250.jpg"],"storeId":"woolworths","packageSize":"1l","cupPrice":"$0.69 / 100ML","locations":{"ALL":{"price":6.85,"discountRate":50,"promo":"","orgPrice":13.7}},"categoryIds":["w-health-beauty"],"similarProducts":[]},{"id":"w-758150-9300830018260","name":"Dove Go Fresh Body Wash Pomegranate And Lemon Verbena","brand":"Dove","imageUrls":["https://cdn0.woolworths.media/content/wowproductimages/large/758150.jpg"],"storeId":"woolworths","packageSize":"1l","cupPrice":"$0.69 / 100ML","locations":{"ALL":{"price":6.85,"discountRate":50,"promo":"","orgPrice":13.7}},"categoryIds":["w-health-beauty"],"similarProducts":[]},{"id":"w-814814-9300830049677","name":"Dove Men + Care Clinical Protection Aerosol Clean Comfort","brand":"Dove","imageUrls":["https://cdn0.woolworths.media/content/wowproductimages/large/814814.jpg"],"storeId":"woolworths","packageSize":"180ml","cupPrice":"$2.78 / 100ML","locations":{"ALL":{"price":5,"discountRate":50,"promo":"","orgPrice":10}},"categoryIds":["w-health-beauty"],"similarProducts":[]},{"id":"w-814797-9300830050543","name":"Dove Men + Care Invisible Fresh Antiperspirant","brand":"Dove","imageUrls":["https://cdn0.woolworths.media/content/wowproductimages/large/814797.jpg"],"storeId":"woolworths","packageSize":"254ml","cupPrice":"$1.38 / 100ML","locations":{"ALL":{"price":3.5,"discountRate":50,"promo":"","orgPrice":7}},"categoryIds":["w-health-beauty"],"similarProducts":[]},{"id":"w-824411-9300830022564","name":"Dove Men Antiperspirant Aerosol Deodorant Clean Comfort","brand":"Dove","imageUrls":["https://cdn0.woolworths.media/content/wowproductimages/large/824411.jpg"],"storeId":"woolworths","packageSize":"254ml","cupPrice":"$1.38 / 100ML","locations":{"ALL":{"price":3.5,"discountRate":50,"promo":"","orgPrice":7}},"categoryIds":["w-health-beauty"],"similarProducts":[]},{"id":"w-824415-9300830022595","name":"Dove Men Antiperspirant Aerosol Deodorant Invisible Dry","brand":"Dove","imageUrls":["https://cdn0.woolworths.media/content/wowproductimages/large/824415.jpg"],"storeId":"woolworths","packageSize":"254ml","cupPrice":"$1.38 / 100ML","locations":{"ALL":{"price":3.5,"discountRate":50,"promo":"","orgPrice":7}},"categoryIds":["w-health-beauty"],"similarProducts":[]},{"id":"w-700032-9300830047277","name":"Dove Men Antiperspirant Sport Fresh Deodorant Sports Fresh","brand":"Dove","imageUrls":["https://cdn0.woolworths.media/content/wowproductimages/large/700032.jpg"],"storeId":"woolworths","packageSize":"254ml","cupPrice":"$1.38 / 100ML","locations":{"ALL":{"price":3.5,"discountRate":50,"promo":"","orgPrice":7}},"categoryIds":["w-health-beauty"],"similarProducts":[]},{"id":"w-505771-4800888195562","name":"Dove Men Clinical Roll Deodorant Cream Clean Comfort","brand":"Dove","imageUrls":["https://cdn0.woolworths.media/content/wowproductimages/large/505771.jpg"],"storeId":"woolworths","packageSize":"45ml","cupPrice":"$14.44 / 100ML","locations":{"ALL":{"price":6.5,"discountRate":50,"promo":"","orgPrice":13}},"categoryIds":["w-health-beauty"],"similarProducts":[]},{"id":"w-79131-9300830057924","name":"Dove Nourishing Body Wash Glowing Mango & Almond Butter","brand":"Dove","imageUrls":["https://cdn0.woolworths.media/content/wowproductimages/large/079131.jpg"],"storeId":"woolworths","packageSize":"1l","cupPrice":"$0.69 / 100ML","locations":{"ALL":{"price":6.85,"discountRate":50,"promo":"","orgPrice":13.7}},"categoryIds":["w-health-beauty"],"similarProducts":[]},{"id":"w-681062-8851932386630","name":"Dove Nourishing Secrets Restoring Ritual Conditioner","brand":"Dove","imageUrls":["https://cdn0.woolworths.media/content/wowproductimages/large/681062.jpg"],"storeId":"woolworths","packageSize":"640ml","cupPrice":"$0.93 / 100ML","locations":{"ALL":{"price":5.95,"discountRate":50,"promo":"","orgPrice":11.9}},"categoryIds":["w-health-beauty"],"similarProducts":[]},{"id":"w-681061-8851932386647","name":"Dove Nourishing Secrets Restoring Ritual Shampoo","brand":"Dove","imageUrls":["https://cdn0.woolworths.media/content/wowproductimages/large/681061.jpg"],"storeId":"woolworths","packageSize":"640ml","cupPrice":"$0.93 / 100ML","locations":{"ALL":{"price":5.95,"discountRate":50,"promo":"","orgPrice":11.9}},"categoryIds":["w-health-beauty"],"similarProducts":[]},{"id":"w-799296-8851932348423","name":"Dove Nutritive Solutions Conditioner Daily Moisture","brand":"Dove","imageUrls":["https://cdn0.woolworths.media/content/wowproductimages/large/799296.jpg"],"storeId":"woolworths","packageSize":"640ml","cupPrice":"$0.93 / 100ML","locations":{"ALL":{"price":5.95,"discountRate":50,"promo":"","orgPrice":11.9}},"categoryIds":["w-health-beauty"],"similarProducts":[]},{"id":"w-799320-8851932348393","name":"Dove Nutritive Solutions Conditioner Intensive Repair","brand":"Dove","imageUrls":["https://cdn0.woolworths.media/content/wowproductimages/large/799320.jpg"],"storeId":"woolworths","packageSize":"320ml","cupPrice":"$1.08 / 100ML","locations":{"ALL":{"price":3.45,"discountRate":50,"promo":"","orgPrice":6.9}},"categoryIds":["w-health-beauty"],"similarProducts":[]},{"id":"w-799229-8851932348355","name":"Dove Nutritive Solutions Shampoo Intensive Repair","brand":"Dove","imageUrls":["https://cdn0.woolworths.media/content/wowproductimages/large/799229.jpg"],"storeId":"woolworths","packageSize":"640ml","cupPrice":"$0.93 / 100ML","locations":{"ALL":{"price":5.95,"discountRate":50,"promo":"","orgPrice":11.9}},"categoryIds":["w-health-beauty"],"similarProducts":[]},{"id":"w-799295-8851932348317","name":"Dove Nutritive Solutions Shampoo Intensive Repair","brand":"Dove","imageUrls":["https://cdn0.woolworths.media/content/wowproductimages/large/799295.jpg"],"storeId":"woolworths","packageSize":"320ml","cupPrice":"$1.08 / 100ML","locations":{"ALL":{"price":3.45,"discountRate":50,"promo":"","orgPrice":6.9}},"categoryIds":["w-health-beauty"],"similarProducts":[]},{"id":"w-799332-8851932348348","name":"Dove Nutritive Solutions Daily Moisture Shampoo","brand":"Dove","imageUrls":["https://cdn0.woolworths.media/content/wowproductimages/large/799332.jpg"],"storeId":"woolworths","packageSize":"640ml","cupPrice":"$0.93 / 100ML","locations":{"ALL":{"price":5.95,"discountRate":50,"promo":"","orgPrice":11.9}},"categoryIds":["w-health-beauty"],"similarProducts":[]},{"id":"w-799297-8851932348386","name":"Dove Nutritive Solutions Hair Conditioner Daily Moisture","brand":"Dove","imageUrls":["https://cdn0.woolworths.media/content/wowproductimages/large/799297.jpg"],"storeId":"woolworths","packageSize":"320ml","cupPrice":"$1.08 / 100ML","locations":{"ALL":{"price":3.45,"discountRate":50,"promo":"","orgPrice":6.9}},"categoryIds":["w-health-beauty"],"similarProducts":[]},{"id":"w-799239-8851932348300","name":"Dove Nutritive Solutions Hair Shampoo Daily Moisture","brand":"Dove","imageUrls":["https://cdn0.woolworths.media/content/wowproductimages/large/799239.jpg"],"storeId":"woolworths","packageSize":"320ml","cupPrice":"$1.08 / 100ML","locations":{"ALL":{"price":3.45,"discountRate":50,"promo":"","orgPrice":6.9}},"categoryIds":["w-health-beauty"],"similarProducts":[]},{"id":"w-661640-9300830043057","name":"Dove Restoring Ritual Conditioner","brand":"Dove","imageUrls":["https://cdn0.woolworths.media/content/wowproductimages/large/661640.jpg"],"storeId":"woolworths","packageSize":"320ml","cupPrice":"$1.08 / 100ML","locations":{"ALL":{"price":3.45,"discountRate":50,"promo":"","orgPrice":6.9}},"categoryIds":["w-health-beauty"],"similarProducts":[]},{"id":"w-878-9300663278336","name":"Dove Sensitive Beauty Bar Soap Hypo-allergenic","brand":"Dove","imageUrls":["https://cdn0.woolworths.media/content/wowproductimages/large/000878.jpg"],"storeId":"woolworths","packageSize":"2x100g","cupPrice":"$0.95 / 100G","locations":{"ALL":{"price":1.9,"discountRate":50,"promo":"","orgPrice":3.8}},"categoryIds":["w-health-beauty"],"similarProducts":[]},{"id":"w-380811-9300830001514","name":"Dove Sensitive Body Wash Hypo-allergenic","brand":"Dove","imageUrls":["https://cdn0.woolworths.media/content/wowproductimages/large/380811.jpg"],"storeId":"woolworths","packageSize":"1l","cupPrice":"$0.69 / 100ML","locations":{"ALL":{"price":6.85,"discountRate":50,"promo":"","orgPrice":13.7}},"categoryIds":["w-health-beauty"],"similarProducts":[]},{"id":"w-609021-8851932374965","name":"Dove Shampoo Daily Care","brand":"Dove","imageUrls":["https://cdn0.woolworths.media/content/wowproductimages/large/609021.jpg"],"storeId":"woolworths","packageSize":"640ml","cupPrice":"$0.93 / 100ML","locations":{"ALL":{"price":5.95,"discountRate":50,"promo":"","orgPrice":11.9}},"categoryIds":["w-health-beauty"],"similarProducts":[]},{"id":"w-609020-8851932374989","name":"Dove Shampoo Daily Care","brand":"Dove","imageUrls":["https://cdn0.woolworths.media/content/wowproductimages/large/609020.jpg"],"storeId":"woolworths","packageSize":"320ml","cupPrice":"$1.08 / 100ML","locations":{"ALL":{"price":3.45,"discountRate":50,"promo":"","orgPrice":6.9}},"categoryIds":["w-health-beauty"],"similarProducts":[]},{"id":"w-856956-9300830050802","name":"Dove Shampoo Destress Ritual","brand":"Dove","imageUrls":["https://cdn0.woolworths.media/content/wowproductimages/large/856956.jpg"],"storeId":"woolworths","packageSize":"320ml","cupPrice":"$1.08 / 100ML","locations":{"ALL":{"price":3.45,"discountRate":50,"promo":"","orgPrice":6.9}},"categoryIds":["w-health-beauty"],"similarProducts":[]},{"id":"w-82541-9300830053568","name":"Dove Shampoo Dermacare Anti Dandruff Clean & Fresh","brand":"Dove","imageUrls":["https://cdn0.woolworths.media/content/wowproductimages/large/082541.jpg"],"storeId":"woolworths","packageSize":"300ml","cupPrice":"$1.83 / 100ML","locations":{"ALL":{"price":5.5,"discountRate":50,"promo":"","orgPrice":11}},"categoryIds":["w-health-beauty"],"similarProducts":[]},{"id":"w-85693-9300830053612","name":"Dove Shampoo Dermacare Anti Dandruff Coconut & Hydration","brand":"Dove","imageUrls":["https://cdn0.woolworths.media/content/wowproductimages/large/085693.jpg"],"storeId":"woolworths","packageSize":"300ml","cupPrice":"$1.83 / 100ML","locations":{"ALL":{"price":5.5,"discountRate":50,"promo":"","orgPrice":11}},"categoryIds":["w-health-beauty"],"similarProducts":[]},{"id":"w-661636-9300830043200","name":"Dove Strengthen Ritual Conditioner","brand":"Dove","imageUrls":["https://cdn0.woolworths.media/content/wowproductimages/large/661636.jpg"],"storeId":"woolworths","packageSize":"320ml","cupPrice":"$1.08 / 100ML","locations":{"ALL":{"price":3.45,"discountRate":50,"promo":"","orgPrice":6.9}},"categoryIds":["w-health-beauty"],"similarProducts":[]},{"id":"w-661507-9300830043095","name":"Dove Strengthen Ritual Shampoo","brand":"Dove","imageUrls":["https://cdn0.woolworths.media/content/wowproductimages/large/661507.jpg"],"storeId":"woolworths","packageSize":"320ml","cupPrice":"$1.08 / 100ML","locations":{"ALL":{"price":3.45,"discountRate":50,"promo":"","orgPrice":6.9}},"categoryIds":["w-health-beauty"],"similarProducts":[]},{"id":"w-841525-9300830024469","name":"Dove Women Antiperspirant Deodorant Spray Original","brand":"Dove","imageUrls":["https://cdn0.woolworths.media/content/wowproductimages/large/841525.jpg"],"storeId":"woolworths","packageSize":"250ml","cupPrice":"$1.40 / 100ML","locations":{"ALL":{"price":3.5,"discountRate":50,"promo":"","orgPrice":7}},"categoryIds":["w-health-beauty"],"similarProducts":[]},{"id":"w-637133-9300830038169","name":"Dove Women Antiperspirant Aerosol Deodorant Go Fresh","brand":"Dove","imageUrls":["https://cdn0.woolworths.media/content/wowproductimages/large/637133.jpg"],"storeId":"woolworths","packageSize":"169ml","cupPrice":"$1.48 / 100ML","locations":{"ALL":{"price":2.5,"discountRate":50,"promo":"","orgPrice":5}},"categoryIds":["w-health-beauty"],"similarProducts":[]},{"id":"w-1096-9300663404100","name":"Dove Women Antiperspirant Aerosol Deodorant Original","brand":"Dove","imageUrls":["https://cdn0.woolworths.media/content/wowproductimages/large/001096.jpg"],"storeId":"woolworths","packageSize":"169ml","cupPrice":"$1.48 / 100ML","locations":{"ALL":{"price":2.5,"discountRate":50,"promo":"","orgPrice":5}},"categoryIds":["w-health-beauty"],"similarProducts":[]},{"id":"w-841538-9300830024476","name":"Dove Women Antiperspirant Aerosol Invisible Dry Anti White Marks","brand":"Dove","imageUrls":["https://cdn0.woolworths.media/content/wowproductimages/large/841538.jpg"],"storeId":"woolworths","packageSize":"250ml","cupPrice":"$1.40 / 100ML","locations":{"ALL":{"price":3.5,"discountRate":50,"promo":"","orgPrice":7}},"categoryIds":["w-health-beauty"],"similarProducts":[]},{"id":"w-328360-93830317","name":"Dove Women Antiperspirant Deodorant Stick Original","brand":"Dove","imageUrls":["https://cdn0.woolworths.media/content/wowproductimages/large/328360.jpg"],"storeId":"woolworths","packageSize":"40g","cupPrice":"$7.50 / 100G","locations":{"ALL":{"price":3,"discountRate":50,"promo":"","orgPrice":6}},"categoryIds":["w-health-beauty"],"similarProducts":[]},{"id":"w-672033-9300830043033","name":"Dove Women Antiperspirant Floral Deodorant Invisible Dry Touch","brand":"Dove","imageUrls":["https://cdn0.woolworths.media/content/wowproductimages/large/672033.jpg"],"storeId":"woolworths","packageSize":"250ml","cupPrice":"$1.40 / 100ML","locations":{"ALL":{"price":3.5,"discountRate":50,"promo":"","orgPrice":7}},"categoryIds":["w-health-beauty"],"similarProducts":[]},{"id":"w-841537-9300830024483","name":"Dove Women Antiperspirant Go Fresh Cucumber & Green Tea","brand":"Dove","imageUrls":["https://cdn0.woolworths.media/content/wowproductimages/large/841537.jpg"],"storeId":"woolworths","packageSize":"250ml","cupPrice":"$1.40 / 100ML","locations":{"ALL":{"price":3.5,"discountRate":50,"promo":"","orgPrice":7}},"categoryIds":["w-health-beauty"],"similarProducts":[]},{"id":"w-841546-4800888189684","name":"Dove Women Antiperspirant Roll On Deodorant Pomegranate","brand":"Dove","imageUrls":["https://cdn0.woolworths.media/content/wowproductimages/large/841546.jpg"],"storeId":"woolworths","packageSize":"50ml","cupPrice":"$3.90 / 100ML","locations":{"ALL":{"price":1.95,"discountRate":50,"promo":"","orgPrice":3.9}},"categoryIds":["w-health-beauty"],"similarProducts":[]},{"id":"w-328741-9300663459612","name":"Dove Women Clinical Protection Antiperspirant Fresh Touch","brand":"Dove","imageUrls":["https://cdn0.woolworths.media/content/wowproductimages/large/328741.jpg"],"storeId":"woolworths","packageSize":"45ml","cupPrice":"$14.44 / 100ML","locations":{"ALL":{"price":6.5,"discountRate":50,"promo":"","orgPrice":13}},"categoryIds":["w-health-beauty"],"similarProducts":[]},{"id":"w-815595-4800888208415","name":"Dove Women Clinical Roll On Fresh Touch","brand":"Dove","imageUrls":["https://cdn0.woolworths.media/content/wowproductimages/large/815595.jpg"],"storeId":"woolworths","packageSize":"50ml","cupPrice":"$8.00 / 100ML","locations":{"ALL":{"price":4,"discountRate":50,"promo":"","orgPrice":8}},"categoryIds":["w-health-beauty"],"similarProducts":[]},{"id":"w-814820-9300830049196","name":"Dove Women Clinical Spray Fresh Touch","brand":"Dove","imageUrls":["https://cdn0.woolworths.media/content/wowproductimages/large/814820.jpg"],"storeId":"woolworths","packageSize":"180ml","cupPrice":"$2.78 / 100ML","locations":{"ALL":{"price":5,"discountRate":50,"promo":"","orgPrice":10}},"categoryIds":["w-health-beauty"],"similarProducts":[]},{"id":"w-1597-93666466","name":"Dove Women Deodorant Original Clean Alcohol Free","brand":"Dove","imageUrls":["https://cdn0.woolworths.media/content/wowproductimages/large/001597.jpg"],"storeId":"woolworths","packageSize":"45ml","cupPrice":"$3.90 / 100ML","locations":{"ALL":{"price":1.95,"discountRate":50,"promo":"","orgPrice":3.9}},"categoryIds":["w-health-beauty"],"similarProducts":[]},{"id":"w-667516-4800888202147","name":"Dove Women Deodorant Stick Fresh Pomegranate","brand":"Dove","imageUrls":["https://cdn0.woolworths.media/content/wowproductimages/large/667516.jpg"],"storeId":"woolworths","packageSize":"40g","cupPrice":"$7.50 / 100G","locations":{"ALL":{"price":3,"discountRate":50,"promo":"","orgPrice":6}},"categoryIds":["w-health-beauty"],"similarProducts":[]},{"id":"w-841533-9300830024490","name":"Dove Women Antiperspirant Aerosol Deodorant Go Fresh Pomegranate","brand":"Dove","imageUrls":["https://cdn0.woolworths.media/content/wowproductimages/large/841533.jpg"],"storeId":"woolworths","packageSize":"250ml","cupPrice":"$1.40 / 100ML","locations":{"ALL":{"price":3.5,"discountRate":50,"promo":"","orgPrice":7}},"categoryIds":["w-health-beauty"],"similarProducts":[]},{"id":"w-677751-9420015013467","name":"Ecostore Conditioner Normal Hair","brand":"Ecostore","imageUrls":["https://cdn0.woolworths.media/content/wowproductimages/large/677751.jpg"],"storeId":"woolworths","packageSize":"350ml","cupPrice":"$2.00 / 100ML","locations":{"ALL":{"price":7,"discountRate":50,"promo":"","orgPrice":14}},"categoryIds":["w-health-beauty"],"similarProducts":[]},{"id":"w-688723-9420015012538","name":"Ecostore Mouthwash Complete Care","brand":"Ecostore","imageUrls":["https://cdn0.woolworths.media/content/wowproductimages/large/688723.jpg"],"storeId":"woolworths","packageSize":"450ml","cupPrice":"$1.00 / 100ML","locations":{"ALL":{"price":4.5,"discountRate":50,"promo":"","orgPrice":9}},"categoryIds":["w-health-beauty"],"similarProducts":[]},{"id":"w-677750-9420015013511","name":"Ecostore Shampoo Normal Hair","brand":"Ecostore","imageUrls":["https://cdn0.woolworths.media/content/wowproductimages/large/677750.jpg"],"storeId":"woolworths","packageSize":"350ml","cupPrice":"$2.00 / 100ML","locations":{"ALL":{"price":7,"discountRate":50,"promo":"","orgPrice":14}},"categoryIds":["w-health-beauty"],"similarProducts":[]},{"id":"w-688721-9420015012453","name":"Ecostore Toothpaste Whitening Care","brand":"Ecostore","imageUrls":["https://cdn0.woolworths.media/content/wowproductimages/large/688721.jpg"],"storeId":"woolworths","packageSize":"100g","cupPrice":"$3.50 / 100G","locations":{"ALL":{"price":3.5,"discountRate":50,"promo":"","orgPrice":7}},"categoryIds":["w-health-beauty"],"similarProducts":[]},{"id":"w-485734-9421008702443","name":"Essano Argan Oil Hair Recovery Serum","brand":"Essano","imageUrls":["https://cdn0.woolworths.media/content/wowproductimages/large/485734.jpg"],"storeId":"woolworths","packageSize":"50ml","cupPrice":"$16.00 / 100ML","locations":{"ALL":{"price":8,"discountRate":50,"promo":"","orgPrice":16}},"categoryIds":["w-health-beauty"],"similarProducts":[]},{"id":"w-485733-9421008702436","name":"Essano Conditioner Hydrating Coconut Milk","brand":"Essano","imageUrls":["https://cdn0.woolworths.media/content/wowproductimages/large/485733.jpg"],"storeId":"woolworths","packageSize":"300ml","cupPrice":"$2.67 / 100ML","locations":{"ALL":{"price":8,"discountRate":50,"promo":"","orgPrice":16}},"categoryIds":["w-health-beauty"],"similarProducts":[]},{"id":"w-485730-9421008702399","name":"Essano Conditioner Nourishing Argan Oil","brand":"Essano","imageUrls":["https://cdn0.woolworths.media/content/wowproductimages/large/485730.jpg"],"storeId":"woolworths","packageSize":"300ml","cupPrice":"$2.67 / 100ML","locations":{"ALL":{"price":8,"discountRate":50,"promo":"","orgPrice":16}},"categoryIds":["w-health-beauty"],"similarProducts":[]},{"id":"w-485731-9421008702412","name":"Essano Conditioner Soothing Keratin Complex","brand":"Essano","imageUrls":["https://cdn0.woolworths.media/content/wowproductimages/large/485731.jpg"],"storeId":"woolworths","packageSize":"300ml","cupPrice":"$2.67 / 100ML","locations":{"ALL":{"price":8,"discountRate":50,"promo":"","orgPrice":16}},"categoryIds":["w-health-beauty"],"similarProducts":[]},{"id":"w-794600-9421008702573","name":"Essano Conditioner Micellar Water","brand":"Essano","imageUrls":["https://cdn0.woolworths.media/content/wowproductimages/large/794600.jpg"],"storeId":"woolworths","packageSize":"300ml","cupPrice":"$2.67 / 100ML","locations":{"ALL":{"price":8,"discountRate":50,"promo":"","orgPrice":16}},"categoryIds":["w-health-beauty"],"similarProducts":[]},{"id":"w-485732-9421008702429","name":"Essano Shampoo Hydrating Coconut Milk","brand":"Essano","imageUrls":["https://cdn0.woolworths.media/content/wowproductimages/large/485732.jpg"],"storeId":"woolworths","packageSize":"300ml","cupPrice":"$2.67 / 100ML","locations":{"ALL":{"price":8,"discountRate":50,"promo":"","orgPrice":16}},"categoryIds":["w-health-beauty"],"similarProducts":[]},{"id":"w-485724-9421008702382","name":"Essano Shampoo Nourishing Argan Oil","brand":"Essano","imageUrls":["https://cdn0.woolworths.media/content/wowproductimages/large/485724.jpg"],"storeId":"woolworths","packageSize":"300ml","cupPrice":"$2.67 / 100ML","locations":{"ALL":{"price":8,"discountRate":50,"promo":"","orgPrice":16}},"categoryIds":["w-health-beauty"],"similarProducts":[]},{"id":"w-485725-9421008702405","name":"Essano Shampoo Soothing Keratin Complex","brand":"Essano","imageUrls":["https://cdn0.woolworths.media/content/wowproductimages/large/485725.jpg"],"storeId":"woolworths","packageSize":"300ml","cupPrice":"$2.67 / 100ML","locations":{"ALL":{"price":8,"discountRate":50,"promo":"","orgPrice":16}},"categoryIds":["w-health-beauty"],"similarProducts":[]},{"id":"w-791444-9421008702566","name":"Essano Shampoo Micellar Water","brand":"Essano","imageUrls":["https://cdn0.woolworths.media/content/wowproductimages/large/791444.jpg"],"storeId":"woolworths","packageSize":"300ml","cupPrice":"$2.67 / 100ML","locations":{"ALL":{"price":8,"discountRate":50,"promo":"","orgPrice":16}},"categoryIds":["w-health-beauty"],"similarProducts":[]},{"id":"w-803891-9310714222416","name":"Extra Care Colour Protect & Shine Shampoo","brand":"Extra Care","imageUrls":["https://cdn0.woolworths.media/content/wowproductimages/large/803891.jpg"],"storeId":"woolworths","packageSize":"900ml","cupPrice":"$0.78 / 100ML","locations":{"ALL":{"price":7,"discountRate":50,"promo":"","orgPrice":14}},"categoryIds":["w-health-beauty"],"similarProducts":[]},{"id":"w-803894-9310714222447","name":"Extra Care Fibre Therapy Conditioner","brand":"Extra Care","imageUrls":["https://cdn0.woolworths.media/content/wowproductimages/large/803894.jpg"],"storeId":"woolworths","packageSize":"900ml","cupPrice":"$0.78 / 100ML","locations":{"ALL":{"price":7,"discountRate":50,"promo":"","orgPrice":14}},"categoryIds":["w-health-beauty"],"similarProducts":[]},{"id":"w-683991-9310714222065","name":"Extra Care Grape Seed Oil Elixir","brand":"Extra Care","imageUrls":["https://cdn0.woolworths.media/content/wowproductimages/large/683991.jpg"],"storeId":"woolworths","packageSize":"80ml","cupPrice":"$12.50 / 100ML","locations":{"ALL":{"price":10,"discountRate":50,"promo":"","orgPrice":20}},"categoryIds":["w-health-beauty"],"similarProducts":[]},{"id":"w-684000-9310714222058","name":"Extra Care Rose Hip Oil Elixir","brand":"Extra Care","imageUrls":["https://cdn0.woolworths.media/content/wowproductimages/large/684000.jpg"],"storeId":"woolworths","packageSize":"80ml","cupPrice":"$12.50 / 100ML","locations":{"ALL":{"price":10,"discountRate":50,"promo":"","orgPrice":20}},"categoryIds":["w-health-beauty"],"similarProducts":[]},{"id":"w-803890-9310714222386","name":"Extra Care Ultimate Repair Conditioner","brand":"Extra Care","imageUrls":["https://cdn0.woolworths.media/content/wowproductimages/large/803890.jpg"],"storeId":"woolworths","packageSize":"900ml","cupPrice":"$0.78 / 100ML","locations":{"ALL":{"price":7,"discountRate":50,"promo":"","orgPrice":14}},"categoryIds":["w-health-beauty"],"similarProducts":[]},{"id":"w-803889-9310714222379","name":"Extra Care Ultimate Repair Shampoo","brand":"Extra Care","imageUrls":["https://cdn0.woolworths.media/content/wowproductimages/large/803889.jpg"],"storeId":"woolworths","packageSize":"900ml","cupPrice":"$0.78 / 100ML","locations":{"ALL":{"price":7,"discountRate":50,"promo":"","orgPrice":14}},"categoryIds":["w-health-beauty"],"similarProducts":[]},{"id":"w-814413-9348918001001","name":"Freshwater Farm Australia Hemp Seed Oil Hydrating Body Bar","brand":"Freshwater Farm Australia","imageUrls":["https://cdn0.woolworths.media/content/wowproductimages/large/814413.jpg"],"storeId":"woolworths","packageSize":"200g","cupPrice":"$1.13 / 100G","locations":{"ALL":{"price":2.25,"discountRate":50,"promo":"","orgPrice":4.5}},"categoryIds":["w-health-beauty"],"similarProducts":[]},{"id":"w-814358-9348918001018","name":"Freshwater Farm Australia Rosewater & Pink Clay Cleansing Bar","brand":"Freshwater Farm Australia","imageUrls":["https://cdn0.woolworths.media/content/wowproductimages/large/814358.jpg"],"storeId":"woolworths","packageSize":"200g","cupPrice":"$1.13 / 100G","locations":{"ALL":{"price":2.25,"discountRate":50,"promo":"","orgPrice":4.5}},"categoryIds":["w-health-beauty"],"similarProducts":[]},{"id":"w-80924-9348918001032","name":"Freshwater Farm Australia Coconut & Desert Lime Refreshing Body Bar","brand":"Freshwater Farm Australia","imageUrls":["https://cdn0.woolworths.media/content/wowproductimages/large/080924.jpg"],"storeId":"woolworths","packageSize":"200g","cupPrice":"$1.13 / 100G","locations":{"ALL":{"price":2.25,"discountRate":50,"promo":"","orgPrice":4.5}},"categoryIds":["w-health-beauty"],"similarProducts":[]},{"id":"w-80734-9348918000905","name":"Freshwater Farm Australia Hemp Seed Oil Hydrating Castile Hand Wash","brand":"Freshwater Farm Australia","imageUrls":["https://cdn0.woolworths.media/content/wowproductimages/large/080734.jpg"],"storeId":"woolworths","packageSize":"500ml","cupPrice":"$1.00 / 100ML","locations":{"ALL":{"price":5,"discountRate":50,"promo":"","orgPrice":10}},"categoryIds":["w-health-beauty"],"similarProducts":[]},{"id":"w-77845-9348918001933","name":"Freshwater Farm Australia Kakadu Plum & Australian Red Clay Replenishing Body Bar","brand":"Freshwater Farm Australia","imageUrls":["https://cdn0.woolworths.media/content/wowproductimages/large/077845.jpg"],"storeId":"woolworths","packageSize":"200g","cupPrice":"$1.13 / 100G","locations":{"ALL":{"price":2.25,"discountRate":50,"promo":"","orgPrice":4.5}},"categoryIds":["w-health-beauty"],"similarProducts":[]},{"id":"w-78588-9348918001940","name":"Freshwater Farm Australia Lemon Myrtle Oil + Manuka Honey Soothing Body Bar","brand":"Freshwater Farm Australia","imageUrls":["https://cdn0.woolworths.media/content/wowproductimages/large/078588.jpg"],"storeId":"woolworths","packageSize":"200g","cupPrice":"$1.13 / 100G","locations":{"ALL":{"price":2.25,"discountRate":50,"promo":"","orgPrice":4.5}},"categoryIds":["w-health-beauty"],"similarProducts":[]},{"id":"w-52871-3600542221061","name":"Garnier Fructis Aloe Vera Hair Food Mask","brand":"Garnier","imageUrls":["https://cdn0.woolworths.media/content/wowproductimages/large/052871.jpg"],"storeId":"woolworths","packageSize":"390ml","cupPrice":"$1.53 / 100ML","locations":{"ALL":{"price":5.95,"discountRate":50,"promo":"","orgPrice":12}},"categoryIds":["w-health-beauty"],"similarProducts":[]},{"id":"w-802568-8901526541263","name":"Garnier Fructis Coconut No Frizz Conditioner","brand":"Garnier","imageUrls":["https://cdn0.woolworths.media/content/wowproductimages/large/802568.jpg"],"storeId":"woolworths","packageSize":"315ml","cupPrice":"$1.10 / 100ML","locations":{"ALL":{"price":3.45,"discountRate":51,"promo":"","orgPrice":7}},"categoryIds":["w-health-beauty"],"similarProducts":[]},{"id":"w-802567-8901526540761","name":"Garnier Fructis Coconut No Frizz Shampoo","brand":"Garnier","imageUrls":["https://cdn0.woolworths.media/content/wowproductimages/large/802567.jpg"],"storeId":"woolworths","packageSize":"315ml","cupPrice":"$1.10 / 100ML","locations":{"ALL":{"price":3.45,"discountRate":51,"promo":"","orgPrice":7}},"categoryIds":["w-health-beauty"],"similarProducts":[]},{"id":"w-802560-8901526537068","name":"Garnier Fructis Coconut Water Conditioner","brand":"Garnier","imageUrls":["https://cdn0.woolworths.media/content/wowproductimages/large/802560.jpg"],"storeId":"woolworths","packageSize":"315ml","cupPrice":"$1.10 / 100ML","locations":{"ALL":{"price":3.45,"discountRate":51,"promo":"","orgPrice":7}},"categoryIds":["w-health-beauty"],"similarProducts":[]},{"id":"w-802575-8901526538768","name":"Garnier Fructis Coconut Water Conditioner","brand":"Garnier","imageUrls":["https://cdn0.woolworths.media/content/wowproductimages/large/802575.jpg"],"storeId":"woolworths","packageSize":"850ml","cupPrice":"$0.88 / 100ML","locations":{"ALL":{"price":7.45,"discountRate":50,"promo":"","orgPrice":15}},"categoryIds":["w-health-beauty"],"similarProducts":[]},{"id":"w-802539-8901526536764","name":"Garnier Fructis Coconut Water Shampoo","brand":"Garnier","imageUrls":["https://cdn0.woolworths.media/content/wowproductimages/large/802539.jpg"],"storeId":"woolworths","packageSize":"315ml","cupPrice":"$1.10 / 100ML","locations":{"ALL":{"price":3.45,"discountRate":51,"promo":"","orgPrice":7}},"categoryIds":["w-health-beauty"],"similarProducts":[]},{"id":"w-802576-8901526537365","name":"Garnier Fructis Coconut Water Shampoo","brand":"Garnier","imageUrls":["https://cdn0.woolworths.media/content/wowproductimages/large/802576.jpg"],"storeId":"woolworths","packageSize":"850ml","cupPrice":"$0.88 / 100ML","locations":{"ALL":{"price":7.45,"discountRate":50,"promo":"","orgPrice":15}},"categoryIds":["w-health-beauty"],"similarProducts":[]},{"id":"w-802538-8901526537112","name":"Garnier Fructis Colour Last Conditioner","brand":"Garnier","imageUrls":["https://cdn0.woolworths.media/content/wowproductimages/large/802538.jpg"],"storeId":"woolworths","packageSize":"315ml","cupPrice":"$1.10 / 100ML","locations":{"ALL":{"price":3.45,"discountRate":51,"promo":"","orgPrice":7}},"categoryIds":["w-health-beauty"],"similarProducts":[]},{"id":"w-804092-8901526537662","name":"Garnier Fructis Colour Last Conditioner","brand":"Garnier","imageUrls":["https://cdn0.woolworths.media/content/wowproductimages/large/804092.jpg"],"storeId":"woolworths","packageSize":"850ml","cupPrice":"$0.88 / 100ML","locations":{"ALL":{"price":7.45,"discountRate":50,"promo":"","orgPrice":15}},"categoryIds":["w-health-beauty"],"similarProducts":[]},{"id":"w-802537-8901526536818","name":"Garnier Fructis Colour Last Shampoo","brand":"Garnier","imageUrls":["https://cdn0.woolworths.media/content/wowproductimages/large/802537.jpg"],"storeId":"woolworths","packageSize":"315ml","cupPrice":"$1.10 / 100ML","locations":{"ALL":{"price":3.45,"discountRate":51,"promo":"","orgPrice":7}},"categoryIds":["w-health-beauty"],"similarProducts":[]},{"id":"w-802562-8901526537167","name":"Garnier Fructis Full & Luscious Conditioner","brand":"Garnier","imageUrls":["https://cdn0.woolworths.media/content/wowproductimages/large/802562.jpg"],"storeId":"woolworths","packageSize":"315ml","cupPrice":"$1.10 / 100ML","locations":{"ALL":{"price":3.45,"discountRate":51,"promo":"","orgPrice":7}},"categoryIds":["w-health-beauty"],"similarProducts":[]},{"id":"w-802561-8901526536863","name":"Garnier Fructis Full & Luscious Shampoo","brand":"Garnier","imageUrls":["https://cdn0.woolworths.media/content/wowproductimages/large/802561.jpg"],"storeId":"woolworths","packageSize":"315ml","cupPrice":"$1.10 / 100ML","locations":{"ALL":{"price":3.45,"discountRate":51,"promo":"","orgPrice":7}},"categoryIds":["w-health-beauty"],"similarProducts":[]},{"id":"w-227749-3600540359339","name":"Garnier Fructis Mousse Normal Weightless Curls & Hold","brand":"Garnier","imageUrls":["https://cdn0.woolworths.media/content/wowproductimages/large/227749.jpg"],"storeId":"woolworths","packageSize":"200ml","cupPrice":"$2.00 / 100ML","locations":{"ALL":{"price":4,"discountRate":50,"promo":"","orgPrice":8}},"categoryIds":["w-health-beauty"],"similarProducts":[]},{"id":"w-802570-8901526538812","name":"Garnier Fructis Normal Strength & Shine Conditioner","brand":"Garnier","imageUrls":["https://cdn0.woolworths.media/content/wowproductimages/large/802570.jpg"],"storeId":"woolworths","packageSize":"850ml","cupPrice":"$0.88 / 100ML","locations":{"ALL":{"price":7.45,"discountRate":50,"promo":"","orgPrice":15}},"categoryIds":["w-health-beauty"],"similarProducts":[]},{"id":"w-802535-8901526537266","name":"Garnier Fructis Normal Strength & Shine Conditioner","brand":"Garnier","imageUrls":["https://cdn0.woolworths.media/content/wowproductimages/large/802535.jpg"],"storeId":"woolworths","packageSize":"315ml","cupPrice":"$1.10 / 100ML","locations":{"ALL":{"price":3.45,"discountRate":51,"promo":"","orgPrice":7}},"categoryIds":["w-health-beauty"],"similarProducts":[]},{"id":"w-802536-8901526536962","name":"Garnier Fructis Normal Strength & Shine Shampoo","brand":"Garnier","imageUrls":["https://cdn0.woolworths.media/content/wowproductimages/large/802536.jpg"],"storeId":"woolworths","packageSize":"315ml","cupPrice":"$1.10 / 100ML","locations":{"ALL":{"price":3.45,"discountRate":51,"promo":"","orgPrice":7}},"categoryIds":["w-health-beauty"],"similarProducts":[]},{"id":"w-682765-3600542143585","name":"Garnier Fructis Nourishing Banana Hair Food","brand":"Garnier","imageUrls":["https://cdn0.woolworths.media/content/wowproductimages/large/682765.jpg"],"storeId":"woolworths","packageSize":"390ml","cupPrice":"$1.53 / 100ML","locations":{"ALL":{"price":5.95,"discountRate":50,"promo":"","orgPrice":12}},"categoryIds":["w-health-beauty"],"similarProducts":[]},{"id":"w-802564-8901526537310","name":"Garnier Fructis Nutri-repair 3 Conditioner","brand":"Garnier","imageUrls":["https://cdn0.woolworths.media/content/wowproductimages/large/802564.jpg"],"storeId":"woolworths","packageSize":"315ml","cupPrice":"$1.10 / 100ML","locations":{"ALL":{"price":3.45,"discountRate":51,"promo":"","orgPrice":7}},"categoryIds":["w-health-beauty"],"similarProducts":[]},{"id":"w-802571-8901526537617","name":"Garnier Fructis Nutri-repair 3 Shampoo","brand":"Garnier","imageUrls":["https://cdn0.woolworths.media/content/wowproductimages/large/802571.jpg"],"storeId":"woolworths","packageSize":"850ml","cupPrice":"$0.88 / 100ML","locations":{"ALL":{"price":7.45,"discountRate":50,"promo":"","orgPrice":15}},"categoryIds":["w-health-beauty"],"similarProducts":[]},{"id":"w-744980-3600541214804","name":"Garnier Fructis Oil Treatment Miraculous","brand":"Garnier","imageUrls":["https://cdn0.woolworths.media/content/wowproductimages/large/744980.jpg"],"storeId":"woolworths","packageSize":"150ml","cupPrice":"$3.97 / 100ML","locations":{"ALL":{"price":5.95,"discountRate":50,"promo":"","orgPrice":11.95}},"categoryIds":["w-health-beauty"],"similarProducts":[]},{"id":"w-107466-9312825678052","name":"Garnier Nutrisse 4.0 Tamarind Dark Brown","brand":"Garnier","imageUrls":["https://cdn0.woolworths.media/content/wowproductimages/large/107466.jpg"],"storeId":"woolworths","packageSize":"each","cupPrice":"$0.00 / 0","locations":{"ALL":{"price":7.45,"discountRate":50,"promo":"","orgPrice":14.95}},"categoryIds":["w-health-beauty"],"similarProducts":[]},{"id":"w-107470-9312825678083","name":"Garnier Nutrisse 4.3 Cappuccino","brand":"Garnier","imageUrls":["https://cdn0.woolworths.media/content/wowproductimages/large/107470.jpg"],"storeId":"woolworths","packageSize":"1pk","cupPrice":"$0.00 / 0","locations":{"ALL":{"price":7.45,"discountRate":50,"promo":"","orgPrice":14.95}},"categoryIds":["w-health-beauty"],"similarProducts":[]},{"id":"w-226712-3600540254290","name":"Garnier Nutrisse 5.0 Chocolate Brown","brand":"Garnier","imageUrls":["https://cdn0.woolworths.media/content/wowproductimages/large/226712.jpg"],"storeId":"woolworths","packageSize":"each","cupPrice":"$0.00 / 0","locations":{"ALL":{"price":7.45,"discountRate":50,"promo":"","orgPrice":14.95}},"categoryIds":["w-health-beauty"],"similarProducts":[]},{"id":"w-753975-3600541248175","name":"Garnier Olia 4.0 Dark Brown","brand":"Garnier","imageUrls":["https://cdn0.woolworths.media/content/wowproductimages/large/753975.jpg"],"storeId":"woolworths","packageSize":"each","cupPrice":"$0.00 / 0","locations":{"ALL":{"price":3.4,"discountRate":80,"promo":"","orgPrice":17}},"categoryIds":["w-health-beauty"],"similarProducts":[]},{"id":"w-753968-3600541248328","name":"Garnier Olia 5.0 Brown","brand":"Garnier","imageUrls":["https://cdn0.woolworths.media/content/wowproductimages/large/753968.jpg"],"storeId":"woolworths","packageSize":"each","cupPrice":"$0.00 / 0","locations":{"ALL":{"price":3.4,"discountRate":80,"promo":"","orgPrice":17}},"categoryIds":["w-health-beauty"],"similarProducts":[]},{"id":"w-753970-3600541248526","name":"Garnier Olia 6.0 Light Brown","brand":"Garnier","imageUrls":["https://cdn0.woolworths.media/content/wowproductimages/large/753970.jpg"],"storeId":"woolworths","packageSize":"each","cupPrice":"$0.00 / 0","locations":{"ALL":{"price":3.4,"discountRate":80,"promo":"","orgPrice":17}},"categoryIds":["w-health-beauty"],"similarProducts":[]},{"id":"w-754029-3600541248670","name":"Garnier Olia 7.0 Dark Blonde","brand":"Garnier","imageUrls":["https://cdn0.woolworths.media/content/wowproductimages/large/754029.jpg"],"storeId":"woolworths","packageSize":"each","cupPrice":"$0.00 / 0","locations":{"ALL":{"price":3.4,"discountRate":80,"promo":"","orgPrice":17}},"categoryIds":["w-health-beauty"],"similarProducts":[]},{"id":"w-683526-3600542122863","name":"Garnier Olia Bold 4.26 Rose Violet","brand":"Garnier","imageUrls":["https://cdn0.woolworths.media/content/wowproductimages/large/683526.jpg"],"storeId":"woolworths","packageSize":"each","cupPrice":"$0.00 / 0","locations":{"ALL":{"price":3.4,"discountRate":80,"promo":"","orgPrice":17}},"categoryIds":["w-health-beauty"],"similarProducts":[]},{"id":"w-754004-3600541247970","name":"Garnier Olia Permanent Hair Colour - 1.0 Deep Black","brand":"Garnier","imageUrls":["https://cdn0.woolworths.media/content/wowproductimages/large/754004.jpg"],"storeId":"woolworths","packageSize":"1pk","cupPrice":"$0.00 / 0","locations":{"ALL":{"price":3.4,"discountRate":80,"promo":"","orgPrice":17}},"categoryIds":["w-health-beauty"],"similarProducts":[]},{"id":"w-682780-3600542143608","name":"Garnier Fructis Repairing Papaya Hair Food","brand":"Garnier Fructis","imageUrls":["https://cdn0.woolworths.media/content/wowproductimages/large/682780.jpg"],"storeId":"woolworths","packageSize":"390ml","cupPrice":"$1.53 / 100ML","locations":{"ALL":{"price":5.95,"discountRate":50,"promo":"","orgPrice":12}},"categoryIds":["w-health-beauty"],"similarProducts":[]},{"id":"w-694920-9421027312456","name":"Glow Lab Body Scrub","brand":"Glow Lab","imageUrls":["https://cdn0.woolworths.media/content/wowproductimages/large/694920.jpg"],"storeId":"woolworths","packageSize":"200ml","cupPrice":"$3.00 / 100ML","locations":{"ALL":{"price":6,"discountRate":50,"promo":"","orgPrice":12}},"categoryIds":["w-health-beauty"],"similarProducts":[]},{"id":"w-43945-9421027313088","name":"Glow Lab Citrus & Bergamot Body Wash","brand":"Glow Lab","imageUrls":["https://cdn0.woolworths.media/content/wowproductimages/large/043945.jpg"],"storeId":"woolworths","packageSize":"400ml","cupPrice":"$1.13 / 100ML","locations":{"ALL":{"price":4.5,"discountRate":50,"promo":"","orgPrice":9}},"categoryIds":["w-health-beauty"],"similarProducts":[]},{"id":"w-683379-9421027312128","name":"Glow Lab Colour Protect Conditioner","brand":"Glow Lab","imageUrls":["https://cdn0.woolworths.media/content/wowproductimages/large/683379.jpg"],"storeId":"woolworths","packageSize":"300ml","cupPrice":"$3.00 / 100ML","locations":{"ALL":{"price":9,"discountRate":50,"promo":"","orgPrice":18}},"categoryIds":["w-health-beauty"],"similarProducts":[]},{"id":"w-683386-9421027312159","name":"Glow Lab Hair Mask","brand":"Glow Lab","imageUrls":["https://cdn0.woolworths.media/content/wowproductimages/large/683386.jpg"],"storeId":"woolworths","packageSize":"200ml","cupPrice":"$4.50 / 100ML","locations":{"ALL":{"price":9,"discountRate":50,"promo":"","orgPrice":18}},"categoryIds":["w-health-beauty"],"similarProducts":[]},{"id":"w-683385-9421027312142","name":"Glow Lab Hair Serum","brand":"Glow Lab","imageUrls":["https://cdn0.woolworths.media/content/wowproductimages/large/683385.jpg"],"storeId":"woolworths","packageSize":"50ml","cupPrice":"$18.00 / 100ML","locations":{"ALL":{"price":9,"discountRate":50,"promo":"","orgPrice":18}},"categoryIds":["w-health-beauty"],"similarProducts":[]},{"id":"w-821336-9421027312678","name":"Glow Lab Purple Conditioner","brand":"Glow Lab","imageUrls":["https://cdn0.woolworths.media/content/wowproductimages/large/821336.jpg"],"storeId":"woolworths","packageSize":"300ml","cupPrice":"$3.00 / 100ML","locations":{"ALL":{"price":9,"discountRate":50,"promo":"","orgPrice":18}},"categoryIds":["w-health-beauty"],"similarProducts":[]},{"id":"w-821335-9421027312661","name":"Glow Lab Purple Shampoo","brand":"Glow Lab","imageUrls":["https://cdn0.woolworths.media/content/wowproductimages/large/821335.jpg"],"storeId":"woolworths","packageSize":"300ml","cupPrice":"$3.00 / 100ML","locations":{"ALL":{"price":9,"discountRate":50,"promo":"","orgPrice":18}},"categoryIds":["w-health-beauty"],"similarProducts":[]},{"id":"w-683383-9421027312104","name":"Glow Lab Hydrating Conditioner","brand":"Glow Lab","imageUrls":["https://cdn0.woolworths.media/content/wowproductimages/large/683383.jpg"],"storeId":"woolworths","packageSize":"300ml","cupPrice":"$3.00 / 100ML","locations":{"ALL":{"price":9,"discountRate":50,"promo":"","orgPrice":18}},"categoryIds":["w-health-beauty"],"similarProducts":[]},{"id":"w-683318-9421027312067","name":"Glow Lab Hydrating Shampoo","brand":"Glow Lab","imageUrls":["https://cdn0.woolworths.media/content/wowproductimages/large/683318.jpg"],"storeId":"woolworths","packageSize":"300ml","cupPrice":"$3.00 / 100ML","locations":{"ALL":{"price":9,"discountRate":50,"promo":"","orgPrice":18}},"categoryIds":["w-health-beauty"],"similarProducts":[]},{"id":"w-683378-9421027312111","name":"Glow Lab Repairing Conditioner","brand":"Glow Lab","imageUrls":["https://cdn0.woolworths.media/content/wowproductimages/large/683378.jpg"],"storeId":"woolworths","packageSize":"300ml","cupPrice":"$3.00 / 100ML","locations":{"ALL":{"price":9,"discountRate":50,"promo":"","orgPrice":18}},"categoryIds":["w-health-beauty"],"similarProducts":[]},{"id":"w-683319-9421027312074","name":"Glow Lab Repairing Shampoo","brand":"Glow Lab","imageUrls":["https://cdn0.woolworths.media/content/wowproductimages/large/683319.jpg"],"storeId":"woolworths","packageSize":"300ml","cupPrice":"$3.00 / 100ML","locations":{"ALL":{"price":9,"discountRate":50,"promo":"","orgPrice":18}},"categoryIds":["w-health-beauty"],"similarProducts":[]},{"id":"w-683390-9421027312135","name":"Glow Lab Volumising Conditioner","brand":"Glow Lab","imageUrls":["https://cdn0.woolworths.media/content/wowproductimages/large/683390.jpg"],"storeId":"woolworths","packageSize":"300ml","cupPrice":"$3.00 / 100ML","locations":{"ALL":{"price":9,"discountRate":50,"promo":"","orgPrice":18}},"categoryIds":["w-health-beauty"],"similarProducts":[]},{"id":"w-683381-9421027312098","name":"Glow Lab Volumising Shampoo","brand":"Glow Lab","imageUrls":["https://cdn0.woolworths.media/content/wowproductimages/large/683381.jpg"],"storeId":"woolworths","packageSize":"300ml","cupPrice":"$3.00 / 100ML","locations":{"ALL":{"price":9,"discountRate":50,"promo":"","orgPrice":18}},"categoryIds":["w-health-beauty"],"similarProducts":[]},{"id":"w-58197-9310846500123","name":"Go Natural Beauty Capsules","brand":"Go Natural","imageUrls":["https://cdn0.woolworths.media/content/wowproductimages/large/058197.jpg"],"storeId":"woolworths","packageSize":"30 pack","cupPrice":"$33.33 / 100EA","locations":{"ALL":{"price":10,"discountRate":50,"promo":"","orgPrice":20}},"categoryIds":["w-health-beauty"],"similarProducts":[]},{"id":"w-58198-9310846500109","name":"Go Natural Digestion Capsules","brand":"Go Natural","imageUrls":["https://cdn0.woolworths.media/content/wowproductimages/large/058198.jpg"],"storeId":"woolworths","packageSize":"30 pack","cupPrice":"$33.33 / 100EA","locations":{"ALL":{"price":10,"discountRate":50,"promo":"","orgPrice":20}},"categoryIds":["w-health-beauty"],"similarProducts":[]},{"id":"w-58187-9310846500154","name":"Go Natural Energise Capsules","brand":"Go Natural","imageUrls":["https://cdn0.woolworths.media/content/wowproductimages/large/058187.jpg"],"storeId":"woolworths","packageSize":"30 pack","cupPrice":"$33.33 / 100EA","locations":{"ALL":{"price":10,"discountRate":50,"promo":"","orgPrice":20}},"categoryIds":["w-health-beauty"],"similarProducts":[]},{"id":"w-58186-9310846500161","name":"Go Natural Focus Capsules","brand":"Go Natural","imageUrls":["https://cdn0.woolworths.media/content/wowproductimages/large/058186.jpg"],"storeId":"woolworths","packageSize":"30 pack","cupPrice":"$33.33 / 100EA","locations":{"ALL":{"price":10,"discountRate":50,"promo":"","orgPrice":20}},"categoryIds":["w-health-beauty"],"similarProducts":[]},{"id":"w-58188-9310846500147","name":"Go Natural Immune Capsules","brand":"Go Natural","imageUrls":["https://cdn0.woolworths.media/content/wowproductimages/large/058188.jpg"],"storeId":"woolworths","packageSize":"30 pack","cupPrice":"$33.33 / 100EA","locations":{"ALL":{"price":10,"discountRate":50,"promo":"","orgPrice":20}},"categoryIds":["w-health-beauty"],"similarProducts":[]},{"id":"w-58199-9310846500093","name":"Go Natural Stress Capsules","brand":"Go Natural","imageUrls":["https://cdn0.woolworths.media/content/wowproductimages/large/058199.jpg"],"storeId":"woolworths","packageSize":"30 pack","cupPrice":"$33.33 / 100EA","locations":{"ALL":{"price":10,"discountRate":50,"promo":"","orgPrice":20}},"categoryIds":["w-health-beauty"],"similarProducts":[]},{"id":"w-91225-5060221204767","name":"Grenade Carb Killa Biscuit Salted Caramel","brand":"Grenade","imageUrls":["https://cdn0.woolworths.media/content/wowproductimages/large/091225.jpg"],"storeId":"woolworths","packageSize":"50g","cupPrice":"$4.50 / 100G","locations":{"ALL":{"price":2.25,"discountRate":50,"promo":"","orgPrice":4.5}},"categoryIds":["w-health-beauty"],"similarProducts":[]},{"id":"w-92058-5060221201391","name":"Grenade Carb Killa High Protein Bar Caramel Chaos","brand":"Grenade","imageUrls":["https://cdn0.woolworths.media/content/wowproductimages/large/092058.jpg"],"storeId":"woolworths","packageSize":"60g","cupPrice":"$3.33 / 100G","locations":{"ALL":{"price":2,"discountRate":50,"promo":"","orgPrice":4}},"categoryIds":["w-health-beauty"],"similarProducts":[]},{"id":"w-91910-5060221201575","name":"Grenade Carb Killa High Protein Bar Cookies & Cream","brand":"Grenade","imageUrls":["https://cdn0.woolworths.media/content/wowproductimages/large/091910.jpg"],"storeId":"woolworths","packageSize":"60g","cupPrice":"$3.33 / 100G","locations":{"ALL":{"price":2,"discountRate":50,"promo":"","orgPrice":4}},"categoryIds":["w-health-beauty"],"similarProducts":[]},{"id":"w-92220-5060221201605","name":"Grenade Carb Killa High Protein Bar Fudge Brownie","brand":"Grenade","imageUrls":["https://cdn0.woolworths.media/content/wowproductimages/large/092220.jpg"],"storeId":"woolworths","packageSize":"60g","cupPrice":"$3.33 / 100G","locations":{"ALL":{"price":2,"discountRate":50,"promo":"","orgPrice":4}},"categoryIds":["w-health-beauty"],"similarProducts":[]},{"id":"w-92061-5060221203753","name":"Grenade Carb Killa High Protein Bar Peanut Nutter","brand":"Grenade","imageUrls":["https://cdn0.woolworths.media/content/wowproductimages/large/092061.jpg"],"storeId":"woolworths","packageSize":"60g","cupPrice":"$3.33 / 100G","locations":{"ALL":{"price":2,"discountRate":50,"promo":"","orgPrice":4}},"categoryIds":["w-health-beauty"],"similarProducts":[]},{"id":"w-92326-5060221201810","name":"Grenade Carb Killa High Protein Bar White Chocolate Cookie","brand":"Grenade","imageUrls":["https://cdn0.woolworths.media/content/wowproductimages/large/092326.jpg"],"storeId":"woolworths","packageSize":"60g","cupPrice":"$3.33 / 100G","locations":{"ALL":{"price":2,"discountRate":50,"promo":"","orgPrice":4}},"categoryIds":["w-health-beauty"],"similarProducts":[]},{"id":"w-156888-4902430461764","name":"Head & Shoulders Clean & Balanced Anti-dandruff Shampoo","brand":"Head & Shoulders","imageUrls":["https://cdn0.woolworths.media/content/wowproductimages/large/156888.jpg"],"storeId":"woolworths","packageSize":"400ml","cupPrice":"$1.38 / 100ML","locations":{"ALL":{"price":5.5,"discountRate":50,"promo":"","orgPrice":11}},"categoryIds":["w-health-beauty"],"similarProducts":[]},{"id":"w-363467-4902430462518","name":"Head & Shoulders Clean & Balanced Hair Scalp Care Anti Dandruff Conditioner","brand":"Head & Shoulders","imageUrls":["https://cdn0.woolworths.media/content/wowproductimages/large/363467.jpg"],"storeId":"woolworths","packageSize":"400ml","cupPrice":"$1.38 / 100ML","locations":{"ALL":{"price":5.5,"discountRate":50,"promo":"","orgPrice":11}},"categoryIds":["w-health-beauty"],"similarProducts":[]},{"id":"w-53293-4902430891646","name":"Head & Shoulders Cool Menthol Conditioner","brand":"Head & Shoulders","imageUrls":["https://cdn0.woolworths.media/content/wowproductimages/large/053293.jpg"],"storeId":"woolworths","packageSize":"400ml","cupPrice":"$1.38 / 100ML","locations":{"ALL":{"price":5.5,"discountRate":50,"promo":"","orgPrice":11}},"categoryIds":["w-health-beauty"],"similarProducts":[]},{"id":"w-53281-4902430891615","name":"Head & Shoulders Cool Menthol Shampoo","brand":"Head & Shoulders","imageUrls":["https://cdn0.woolworths.media/content/wowproductimages/large/053281.jpg"],"storeId":"woolworths","packageSize":"400ml","cupPrice":"$1.38 / 100ML","locations":{"ALL":{"price":5.5,"discountRate":50,"promo":"","orgPrice":11}},"categoryIds":["w-health-beauty"],"similarProducts":[]},{"id":"w-363470-4902430284820","name":"Head & Shoulders Dry Scalp Care With Almond Oil Anti Dandruff Conditioner","brand":"Head & Shoulders","imageUrls":["https://cdn0.woolworths.media/content/wowproductimages/large/363470.jpg"],"storeId":"woolworths","packageSize":"400ml","cupPrice":"$1.38 / 100ML","locations":{"ALL":{"price":5.5,"discountRate":50,"promo":"","orgPrice":11}},"categoryIds":["w-health-beauty"],"similarProducts":[]},{"id":"w-174359-4902430055864","name":"Head & Shoulders Dry Scalp Care With Almond Oil Anti Dandruff Shampoo","brand":"Head & Shoulders","imageUrls":["https://cdn0.woolworths.media/content/wowproductimages/large/174359.jpg"],"storeId":"woolworths","packageSize":"400ml","cupPrice":"$1.38 / 100ML","locations":{"ALL":{"price":5.5,"discountRate":50,"promo":"","orgPrice":11}},"categoryIds":["w-health-beauty"],"similarProducts":[]},{"id":"w-852217-4902430859141","name":"Head & Shoulders Shampoo Moisture","brand":"Head & Shoulders","imageUrls":["https://cdn0.woolworths.media/content/wowproductimages/large/852217.jpg"],"storeId":"woolworths","packageSize":"550ml","cupPrice":"$1.73 / 100ML","locations":{"ALL":{"price":9.5,"discountRate":50,"promo":"","orgPrice":19}},"categoryIds":["w-health-beauty"],"similarProducts":[]},{"id":"w-363469-4902430282703","name":"Head & Shoulders Smooth & Silky Scalp Care Anti Dandruff Conditioner","brand":"Head & Shoulders","imageUrls":["https://cdn0.woolworths.media/content/wowproductimages/large/363469.jpg"],"storeId":"woolworths","packageSize":"400ml","cupPrice":"$1.38 / 100ML","locations":{"ALL":{"price":5.5,"discountRate":50,"promo":"","orgPrice":11}},"categoryIds":["w-health-beauty"],"similarProducts":[]},{"id":"w-679018-4902430752817","name":"Head & Shoulders Supreme Moisture Conditioner","brand":"Head & Shoulders","imageUrls":["https://cdn0.woolworths.media/content/wowproductimages/large/679018.jpg"],"storeId":"woolworths","packageSize":"400ml","cupPrice":"$1.88 / 100ML","locations":{"ALL":{"price":7.5,"discountRate":50,"promo":"","orgPrice":15}},"categoryIds":["w-health-beauty"],"similarProducts":[]},{"id":"w-679035-4902430752756","name":"Head & Shoulders Supreme Moisture Shampoo","brand":"Head & Shoulders","imageUrls":["https://cdn0.woolworths.media/content/wowproductimages/large/679035.jpg"],"storeId":"woolworths","packageSize":"400ml","cupPrice":"$1.88 / 100ML","locations":{"ALL":{"price":7.5,"discountRate":50,"promo":"","orgPrice":15}},"categoryIds":["w-health-beauty"],"similarProducts":[]},{"id":"w-679009-4902430752787","name":"Head & Shoulders Supreme Moisture Shampoo","brand":"Head & Shoulders","imageUrls":["https://cdn0.woolworths.media/content/wowproductimages/large/679009.jpg"],"storeId":"woolworths","packageSize":"200ml","cupPrice":"$2.00 / 100ML","locations":{"ALL":{"price":4,"discountRate":50,"promo":"","orgPrice":8}},"categoryIds":["w-health-beauty"],"similarProducts":[]},{"id":"w-81903-4902430921152","name":"Head & Shoulders Supreme Purify & Volume Conditioner","brand":"Head & Shoulders","imageUrls":["https://cdn0.woolworths.media/content/wowproductimages/large/081903.jpg"],"storeId":"woolworths","packageSize":"400ml","cupPrice":"$1.88 / 100ML","locations":{"ALL":{"price":7.5,"discountRate":50,"promo":"","orgPrice":15}},"categoryIds":["w-health-beauty"],"similarProducts":[]},{"id":"w-81861-4902430921121","name":"Head & Shoulders Supreme Purify & Volume Shampoo","brand":"Head & Shoulders","imageUrls":["https://cdn0.woolworths.media/content/wowproductimages/large/081861.jpg"],"storeId":"woolworths","packageSize":"400ml","cupPrice":"$1.88 / 100ML","locations":{"ALL":{"price":7.5,"discountRate":50,"promo":"","orgPrice":15}},"categoryIds":["w-health-beauty"],"similarProducts":[]},{"id":"w-81904-4902430921114","name":"Head & Shoulders Supreme Purify & Volume Shampoo","brand":"Head & Shoulders","imageUrls":["https://cdn0.woolworths.media/content/wowproductimages/large/081904.jpg"],"storeId":"woolworths","packageSize":"200ml","cupPrice":"$2.00 / 100ML","locations":{"ALL":{"price":4,"discountRate":50,"promo":"","orgPrice":8}},"categoryIds":["w-health-beauty"],"similarProducts":[]},{"id":"w-81902-4902430921145","name":"Head & Shoulders Supreme Purrify & Volume Conditioner","brand":"Head & Shoulders","imageUrls":["https://cdn0.woolworths.media/content/wowproductimages/large/081902.jpg"],"storeId":"woolworths","packageSize":"200ml","cupPrice":"$2.00 / 100ML","locations":{"ALL":{"price":4,"discountRate":50,"promo":"","orgPrice":8}},"categoryIds":["w-health-beauty"],"similarProducts":[]},{"id":"w-679040-4902430752770","name":"Head & Shoulders Supreme Smooth Shampoo","brand":"Head & Shoulders","imageUrls":["https://cdn0.woolworths.media/content/wowproductimages/large/679040.jpg"],"storeId":"woolworths","packageSize":"400ml","cupPrice":"$1.88 / 100ML","locations":{"ALL":{"price":7.5,"discountRate":50,"promo":"","orgPrice":15}},"categoryIds":["w-health-beauty"],"similarProducts":[]},{"id":"w-852401-4902430856485","name":"Head & Shoulders Ultra Men Shampoo Deep Clean","brand":"Head & Shoulders","imageUrls":["https://cdn0.woolworths.media/content/wowproductimages/large/852401.jpg"],"storeId":"woolworths","packageSize":"200ml","cupPrice":"$2.00 / 100ML","locations":{"ALL":{"price":4,"discountRate":50,"promo":"","orgPrice":8}},"categoryIds":["w-health-beauty"],"similarProducts":[]},{"id":"w-852410-4902430857345","name":"Head & Shoulders Ultra Men Shampoo Deep Clean","brand":"Head & Shoulders","imageUrls":["https://cdn0.woolworths.media/content/wowproductimages/large/852410.jpg"],"storeId":"woolworths","packageSize":"550ml","cupPrice":"$1.73 / 100ML","locations":{"ALL":{"price":9.5,"discountRate":50,"promo":"","orgPrice":19}},"categoryIds":["w-health-beauty"],"similarProducts":[]},{"id":"w-820442-4902430856492","name":"Head & Shoulders Ultra Men Shampoo Deep Clean","brand":"Head & Shoulders","imageUrls":["https://cdn0.woolworths.media/content/wowproductimages/large/820442.jpg"],"storeId":"woolworths","packageSize":"400ml","cupPrice":"$1.88 / 100ML","locations":{"ALL":{"price":7.5,"discountRate":50,"promo":"","orgPrice":15}},"categoryIds":["w-health-beauty"],"similarProducts":[]},{"id":"w-820432-4902430856515","name":"Head & Shoulders Ultra Men Shampoo Hair Retain","brand":"Head & Shoulders","imageUrls":["https://cdn0.woolworths.media/content/wowproductimages/large/820432.jpg"],"storeId":"woolworths","packageSize":"400ml","cupPrice":"$1.88 / 100ML","locations":{"ALL":{"price":7.5,"discountRate":50,"promo":"","orgPrice":15}},"categoryIds":["w-health-beauty"],"similarProducts":[]},{"id":"w-852412-4902430857352","name":"Head & Shoulders Ultra Men Shampoo Hair Retain","brand":"Head & Shoulders","imageUrls":["https://cdn0.woolworths.media/content/wowproductimages/large/852412.jpg"],"storeId":"woolworths","packageSize":"550ml","cupPrice":"$1.73 / 100ML","locations":{"ALL":{"price":9.5,"discountRate":50,"promo":"","orgPrice":19}},"categoryIds":["w-health-beauty"],"similarProducts":[]},{"id":"w-820441-4902430856478","name":"Head & Shoulders Ultra Men Shampoo Old Spice","brand":"Head & Shoulders","imageUrls":["https://cdn0.woolworths.media/content/wowproductimages/large/820441.jpg"],"storeId":"woolworths","packageSize":"400ml","cupPrice":"$1.88 / 100ML","locations":{"ALL":{"price":7.5,"discountRate":50,"promo":"","orgPrice":15}},"categoryIds":["w-health-beauty"],"similarProducts":[]},{"id":"w-820528-4902430857338","name":"Head & Shoulders Ultra Men Shampoo Old Spice","brand":"Head & Shoulders","imageUrls":["https://cdn0.woolworths.media/content/wowproductimages/large/820528.jpg"],"storeId":"woolworths","packageSize":"550ml","cupPrice":"$1.73 / 100ML","locations":{"ALL":{"price":9.5,"discountRate":50,"promo":"","orgPrice":19}},"categoryIds":["w-health-beauty"],"similarProducts":[]},{"id":"w-852400-4902430856461","name":"Head & Shoulders Ultra Men Shampoo Old Spice","brand":"Head & Shoulders","imageUrls":["https://cdn0.woolworths.media/content/wowproductimages/large/852400.jpg"],"storeId":"woolworths","packageSize":"200ml","cupPrice":"$2.00 / 100ML","locations":{"ALL":{"price":4,"discountRate":50,"promo":"","orgPrice":8}},"categoryIds":["w-health-beauty"],"similarProducts":[]},{"id":"w-820431-4902430856539","name":"Head & Shoulders Ultra Men Shampoo Sports Fresh","brand":"Head & Shoulders","imageUrls":["https://cdn0.woolworths.media/content/wowproductimages/large/820431.jpg"],"storeId":"woolworths","packageSize":"400ml","cupPrice":"$1.88 / 100ML","locations":{"ALL":{"price":7.5,"discountRate":50,"promo":"","orgPrice":15}},"categoryIds":["w-health-beauty"],"similarProducts":[]},{"id":"w-852404-4902430859608","name":"Head & Shoulders Ultra Men Shampoo Sports Fresh","brand":"Head & Shoulders","imageUrls":["https://cdn0.woolworths.media/content/wowproductimages/large/852404.jpg"],"storeId":"woolworths","packageSize":"550ml","cupPrice":"$1.73 / 100ML","locations":{"ALL":{"price":9.5,"discountRate":50,"promo":"","orgPrice":19}},"categoryIds":["w-health-beauty"],"similarProducts":[]},{"id":"w-81663-190679003300","name":"Herbal Essences Argan Oil Repairing Hair Mask","brand":"Herbal Essences","imageUrls":["https://cdn0.woolworths.media/content/wowproductimages/large/081663.jpg"],"storeId":"woolworths","packageSize":"50ml","cupPrice":"$5.00 / 100ML","locations":{"ALL":{"price":2.5,"discountRate":50,"promo":"","orgPrice":5}},"categoryIds":["w-health-beauty"],"similarProducts":[]},{"id":"w-802609-8001090222992","name":"Herbal Essences Bio Cocoa Butter Conditioner","brand":"Herbal Essences","imageUrls":["https://cdn0.woolworths.media/content/wowproductimages/large/802609.jpg"],"storeId":"woolworths","packageSize":"400ml","cupPrice":"$1.38 / 100ML","locations":{"ALL":{"price":5.5,"discountRate":50,"promo":"","orgPrice":11}},"categoryIds":["w-health-beauty"],"similarProducts":[]},{"id":"w-802697-8001090222961","name":"Herbal Essences Bio Cocoa Butter Shampoo","brand":"Herbal Essences","imageUrls":["https://cdn0.woolworths.media/content/wowproductimages/large/802697.jpg"],"storeId":"woolworths","packageSize":"400ml","cupPrice":"$1.38 / 100ML","locations":{"ALL":{"price":5.5,"discountRate":50,"promo":"","orgPrice":11}},"categoryIds":["w-health-beauty"],"similarProducts":[]},{"id":"w-63012-4902430881852","name":"Herbal Essences Bio Renew Conditioner Charcoal","brand":"Herbal Essences","imageUrls":["https://cdn0.woolworths.media/content/wowproductimages/large/063012.jpg"],"storeId":"woolworths","packageSize":"400ml","cupPrice":"$1.38 / 100ML","locations":{"ALL":{"price":5.5,"discountRate":50,"promo":"","orgPrice":11}},"categoryIds":["w-health-beauty"],"similarProducts":[]},{"id":"w-852197-190679000897","name":"Herbal Essences Bio Renew Conditioner Hydrate Coconut Milk","brand":"Herbal Essences","imageUrls":["https://cdn0.woolworths.media/content/wowproductimages/large/852197.jpg"],"storeId":"woolworths","packageSize":"600ml","cupPrice":"$1.42 / 100ML","locations":{"ALL":{"price":8.5,"discountRate":50,"promo":"","orgPrice":17}},"categoryIds":["w-health-beauty"],"similarProducts":[]},{"id":"w-852181-190679000972","name":"Herbal Essences Bio Renew Conditioner Repair Argan Oil","brand":"Herbal Essences","imageUrls":["https://cdn0.woolworths.media/content/wowproductimages/large/852181.jpg"],"storeId":"woolworths","packageSize":"600ml","cupPrice":"$1.42 / 100ML","locations":{"ALL":{"price":8.5,"discountRate":50,"promo":"","orgPrice":17}},"categoryIds":["w-health-beauty"],"similarProducts":[]},{"id":"w-85137-4902430902199","name":"Herbal Essences Bio Renew Golden Moringa Oil Conditioner","brand":"Herbal Essences","imageUrls":["https://cdn0.woolworths.media/content/wowproductimages/large/085137.jpg"],"storeId":"woolworths","packageSize":"600ml","cupPrice":"$1.42 / 100ML","locations":{"ALL":{"price":8.5,"discountRate":50,"promo":"","orgPrice":17}},"categoryIds":["w-health-beauty"],"similarProducts":[]},{"id":"w-85186-4902430902175","name":"Herbal Essences Bio Renew Golden Moringa Oil Shampoo","brand":"Herbal Essences","imageUrls":["https://cdn0.woolworths.media/content/wowproductimages/large/085186.jpg"],"storeId":"woolworths","packageSize":"600ml","cupPrice":"$1.42 / 100ML","locations":{"ALL":{"price":8.5,"discountRate":50,"promo":"","orgPrice":17}},"categoryIds":["w-health-beauty"],"similarProducts":[]},{"id":"w-852177-190679000903","name":"Herbal Essences Bio Renew Shampoo Hydrate Coconut Milk","brand":"Herbal Essences","imageUrls":["https://cdn0.woolworths.media/content/wowproductimages/large/852177.jpg"],"storeId":"woolworths","packageSize":"600ml","cupPrice":"$1.42 / 100ML","locations":{"ALL":{"price":8.5,"discountRate":50,"promo":"","orgPrice":17}},"categoryIds":["w-health-beauty"],"similarProducts":[]},{"id":"w-852183-190679000989","name":"Herbal Essences Bio Renew Shampoo Repair Argan Oil","brand":"Herbal Essences","imageUrls":["https://cdn0.woolworths.media/content/wowproductimages/large/852183.jpg"],"storeId":"woolworths","packageSize":"600ml","cupPrice":"$1.42 / 100ML","locations":{"ALL":{"price":8.5,"discountRate":50,"promo":"","orgPrice":17}},"categoryIds":["w-health-beauty"],"similarProducts":[]},{"id":"w-62993-4902430881845","name":"Herbal Essences Bio Renew Shampoo Charcoal","brand":"Herbal Essences","imageUrls":["https://cdn0.woolworths.media/content/wowproductimages/large/062993.jpg"],"storeId":"woolworths","packageSize":"400ml","cupPrice":"$1.38 / 100ML","locations":{"ALL":{"price":5.5,"discountRate":50,"promo":"","orgPrice":11}},"categoryIds":["w-health-beauty"],"similarProducts":[]},{"id":"w-81664-190679003294","name":"Herbal Essences Coconut Milk Hydrating Hair Mask","brand":"Herbal Essences","imageUrls":["https://cdn0.woolworths.media/content/wowproductimages/large/081664.jpg"],"storeId":"woolworths","packageSize":"50ml","cupPrice":"$5.00 / 100ML","locations":{"ALL":{"price":2.5,"discountRate":50,"promo":"","orgPrice":5}},"categoryIds":["w-health-beauty"],"similarProducts":[]},{"id":"w-261355-4902430118668","name":"Herbal Essences Conditioner Colour Me Happy","brand":"Herbal Essences","imageUrls":["https://cdn0.woolworths.media/content/wowproductimages/large/261355.jpg"],"storeId":"woolworths","packageSize":"300ml","cupPrice":"$0.92 / 100ML","locations":{"ALL":{"price":2.75,"discountRate":50,"promo":"","orgPrice":5.5}},"categoryIds":["w-health-beauty"],"similarProducts":[]},{"id":"w-261349-4902430118651","name":"Herbal Essences Conditioner Hello Hydration","brand":"Herbal Essences","imageUrls":["https://cdn0.woolworths.media/content/wowproductimages/large/261349.jpg"],"storeId":"woolworths","packageSize":"300ml","cupPrice":"$0.92 / 100ML","locations":{"ALL":{"price":2.75,"discountRate":50,"promo":"","orgPrice":5.5}},"categoryIds":["w-health-beauty"],"similarProducts":[]},{"id":"w-842521-4902430633260","name":"Herbal Essences Conditioner Moroccan My Shine","brand":"Herbal Essences","imageUrls":["https://cdn0.woolworths.media/content/wowproductimages/large/842521.jpg"],"storeId":"woolworths","packageSize":"300ml","cupPrice":"$0.92 / 100ML","locations":{"ALL":{"price":2.75,"discountRate":50,"promo":"","orgPrice":5.5}},"categoryIds":["w-health-beauty"],"similarProducts":[]},{"id":"w-650325-8001090222459","name":"Herbal Essences Hydrate Coconut Milk Conditioner","brand":"Herbal Essences","imageUrls":["https://cdn0.woolworths.media/content/wowproductimages/large/650325.jpg"],"storeId":"woolworths","packageSize":"400ml","cupPrice":"$1.38 / 100ML","locations":{"ALL":{"price":5.5,"discountRate":50,"promo":"","orgPrice":11}},"categoryIds":["w-health-beauty"],"similarProducts":[]},{"id":"w-650324-8001090222428","name":"Herbal Essences Hydrate Coconut Milk Shampoo","brand":"Herbal Essences","imageUrls":["https://cdn0.woolworths.media/content/wowproductimages/large/650324.jpg"],"storeId":"woolworths","packageSize":"400ml","cupPrice":"$1.38 / 100ML","locations":{"ALL":{"price":5.5,"discountRate":50,"promo":"","orgPrice":11}},"categoryIds":["w-health-beauty"],"similarProducts":[]},{"id":"w-660863-8001090222510","name":"Herbal Essences Naked Volume White Grapefruit & Mosa Mint Conditioner","brand":"Herbal Essences","imageUrls":["https://cdn0.woolworths.media/content/wowproductimages/large/660863.jpg"],"storeId":"woolworths","packageSize":"400ml","cupPrice":"$1.38 / 100ML","locations":{"ALL":{"price":5.5,"discountRate":50,"promo":"","orgPrice":11}},"categoryIds":["w-health-beauty"],"similarProducts":[]},{"id":"w-660884-8001090222480","name":"Herbal Essences Naked Volume White Grapefruit & Mosa Mint Shampoo","brand":"Herbal Essences","imageUrls":["https://cdn0.woolworths.media/content/wowproductimages/large/660884.jpg"],"storeId":"woolworths","packageSize":"400ml","cupPrice":"$1.38 / 100ML","locations":{"ALL":{"price":5.5,"discountRate":50,"promo":"","orgPrice":11}},"categoryIds":["w-health-beauty"],"similarProducts":[]},{"id":"w-650329-8001090222879","name":"Herbal Essences Repair Argan Oil Conditioner","brand":"Herbal Essences","imageUrls":["https://cdn0.woolworths.media/content/wowproductimages/large/650329.jpg"],"storeId":"woolworths","packageSize":"400ml","cupPrice":"$1.38 / 100ML","locations":{"ALL":{"price":5.5,"discountRate":50,"promo":"","orgPrice":11}},"categoryIds":["w-health-beauty"],"similarProducts":[]},{"id":"w-650328-8001090222848","name":"Herbal Essences Repair Argan Oil Shampoo","brand":"Herbal Essences","imageUrls":["https://cdn0.woolworths.media/content/wowproductimages/large/650328.jpg"],"storeId":"woolworths","packageSize":"400ml","cupPrice":"$1.38 / 100ML","locations":{"ALL":{"price":5.5,"discountRate":50,"promo":"","orgPrice":11}},"categoryIds":["w-health-beauty"],"similarProducts":[]},{"id":"w-842532-4902430633277","name":"Herbal Essences Shampoo Moroccan My Shine","brand":"Herbal Essences","imageUrls":["https://cdn0.woolworths.media/content/wowproductimages/large/842532.jpg"],"storeId":"woolworths","packageSize":"300ml","cupPrice":"$0.92 / 100ML","locations":{"ALL":{"price":2.75,"discountRate":50,"promo":"","orgPrice":5.5}},"categoryIds":["w-health-beauty"],"similarProducts":[]},{"id":"w-261336-4902430118699","name":"Herbal Essences Shampoo Drama Clean","brand":"Herbal Essences","imageUrls":["https://cdn0.woolworths.media/content/wowproductimages/large/261336.jpg"],"storeId":"woolworths","packageSize":"300ml","cupPrice":"$0.92 / 100ML","locations":{"ALL":{"price":2.75,"discountRate":50,"promo":"","orgPrice":5.5}},"categoryIds":["w-health-beauty"],"similarProducts":[]},{"id":"w-261343-4902430118798","name":"Herbal Essences Shampoo Hello Hydration","brand":"Herbal Essences","imageUrls":["https://cdn0.woolworths.media/content/wowproductimages/large/261343.jpg"],"storeId":"woolworths","packageSize":"300ml","cupPrice":"$0.92 / 100ML","locations":{"ALL":{"price":2.75,"discountRate":50,"promo":"","orgPrice":5.5}},"categoryIds":["w-health-beauty"],"similarProducts":[]},{"id":"w-650327-8001090222756","name":"Herbal Essences Smooth Golden Moringa Oil Conditioner","brand":"Herbal Essences","imageUrls":["https://cdn0.woolworths.media/content/wowproductimages/large/650327.jpg"],"storeId":"woolworths","packageSize":"400ml","cupPrice":"$1.38 / 100ML","locations":{"ALL":{"price":5.5,"discountRate":50,"promo":"","orgPrice":11}},"categoryIds":["w-health-beauty"],"similarProducts":[]},{"id":"w-650326-8001090222725","name":"Herbal Essences Smooth Golden Moringa Oil Shampoo","brand":"Herbal Essences","imageUrls":["https://cdn0.woolworths.media/content/wowproductimages/large/650326.jpg"],"storeId":"woolworths","packageSize":"400ml","cupPrice":"$1.38 / 100ML","locations":{"ALL":{"price":5.5,"discountRate":50,"promo":"","orgPrice":11}},"categoryIds":["w-health-beauty"],"similarProducts":[]},{"id":"w-507559-93548434","name":"Hydralyte Sports Drink Berry","brand":"Hydralyte","imageUrls":["https://cdn0.woolworths.media/content/wowproductimages/large/507559.jpg"],"storeId":"woolworths","packageSize":"600ml","cupPrice":"$0.33 / 100ML","locations":{"ALL":{"price":2,"discountRate":50,"promo":"","orgPrice":4}},"categoryIds":["w-health-beauty"],"similarProducts":[]},{"id":"w-700249-9317039001542","name":"Hydralyte Sports Effervescent Tablets Berry","brand":"Hydralyte","imageUrls":["https://cdn0.woolworths.media/content/wowproductimages/large/700249.jpg"],"storeId":"woolworths","packageSize":"20 pack","cupPrice":"$0.33 / 1EA","locations":{"ALL":{"price":6.5,"discountRate":50,"promo":"","orgPrice":13}},"categoryIds":["w-health-beauty"],"similarProducts":[]},{"id":"w-700246-9317039001535","name":"Hydralyte Sports Effervescent Tablets Lemon Lime","brand":"Hydralyte","imageUrls":["https://cdn0.woolworths.media/content/wowproductimages/large/700246.jpg"],"storeId":"woolworths","packageSize":"20 pack","cupPrice":"$0.33 / 1EA","locations":{"ALL":{"price":6.5,"discountRate":50,"promo":"","orgPrice":13}},"categoryIds":["w-health-beauty"],"similarProducts":[]},{"id":"w-725734-9336666004054","name":"Iron Melts Chewable Tablet","brand":"Iron Melts","imageUrls":["https://cdn0.woolworths.media/content/wowproductimages/large/725734.jpg"],"storeId":"woolworths","packageSize":"50pk","cupPrice":"$8.00 / 100EA","locations":{"ALL":{"price":4,"discountRate":50,"promo":"","orgPrice":8}},"categoryIds":["w-health-beauty"],"similarProducts":[]},{"id":"w-845561-717226214974","name":"John Frieda Beach Blonde Ocean Waves Spray","brand":"John Frieda","imageUrls":["https://cdn0.woolworths.media/content/wowproductimages/large/845561.jpg"],"storeId":"woolworths","packageSize":"150ml","cupPrice":"$5.67 / 100ML","locations":{"ALL":{"price":8.5,"discountRate":50,"promo":"","orgPrice":17}},"categoryIds":["w-health-beauty"],"similarProducts":[]},{"id":"w-219061-717226013041","name":"John Frieda Brilliant Brunette Colour Protect Moisturising Shampoo","brand":"John Frieda","imageUrls":["https://cdn0.woolworths.media/content/wowproductimages/large/219061.jpg"],"storeId":"woolworths","packageSize":"250ml","cupPrice":"$3.20 / 100ML","locations":{"ALL":{"price":8,"discountRate":50,"promo":"","orgPrice":16}},"categoryIds":["w-health-beauty"],"similarProducts":[]},{"id":"w-233784-717226013102","name":"John Frieda Brunette Colour Protecting Moisturising Conditioner","brand":"John Frieda","imageUrls":["https://cdn0.woolworths.media/content/wowproductimages/large/233784.jpg"],"storeId":"woolworths","packageSize":"250ml","cupPrice":"$3.20 / 100ML","locations":{"ALL":{"price":8,"discountRate":50,"promo":"","orgPrice":16}},"categoryIds":["w-health-beauty"],"similarProducts":[]},{"id":"w-81916-717226262593","name":"John Frieda Detox & Repair Conditioner","brand":"John Frieda","imageUrls":["https://cdn0.woolworths.media/content/wowproductimages/large/081916.jpg"],"storeId":"woolworths","packageSize":"250ml","cupPrice":"$3.60 / 100ML","locations":{"ALL":{"price":9,"discountRate":50,"promo":"","orgPrice":18}},"categoryIds":["w-health-beauty"],"similarProducts":[]},{"id":"w-81915-717226262586","name":"John Frieda Detox & Repair Shampoo","brand":"John Frieda","imageUrls":["https://cdn0.woolworths.media/content/wowproductimages/large/081915.jpg"],"storeId":"woolworths","packageSize":"250ml","cupPrice":"$3.60 / 100ML","locations":{"ALL":{"price":9,"discountRate":50,"promo":"","orgPrice":18}},"categoryIds":["w-health-beauty"],"similarProducts":[]},{"id":"w-845599-717226217647","name":"John Frieda Frizz Ease Forever Smooth Shampoo","brand":"John Frieda","imageUrls":["https://cdn0.woolworths.media/content/wowproductimages/large/845599.jpg"],"storeId":"woolworths","packageSize":"250ml","cupPrice":"$3.20 / 100ML","locations":{"ALL":{"price":8,"discountRate":50,"promo":"","orgPrice":16}},"categoryIds":["w-health-beauty"],"similarProducts":[]},{"id":"w-347462-717226151767","name":"John Frieda Frizz Ease Dream Curls Conditioner","brand":"John Frieda","imageUrls":["https://cdn0.woolworths.media/content/wowproductimages/large/347462.jpg"],"storeId":"woolworths","packageSize":"250ml","cupPrice":"$3.20 / 100ML","locations":{"ALL":{"price":8,"discountRate":50,"promo":"","orgPrice":16}},"categoryIds":["w-health-beauty"],"similarProducts":[]},{"id":"w-347456-717226151750","name":"John Frieda Frizz Ease Dream Curls Shampoo","brand":"John Frieda","imageUrls":["https://cdn0.woolworths.media/content/wowproductimages/large/347456.jpg"],"storeId":"woolworths","packageSize":"250ml","cupPrice":"$3.20 / 100ML","locations":{"ALL":{"price":8,"discountRate":50,"promo":"","orgPrice":16}},"categoryIds":["w-health-beauty"],"similarProducts":[]},{"id":"w-845595-717226217654","name":"John Frieda Frizz Ease Forever Smooth Conditioner","brand":"John Frieda","imageUrls":["https://cdn0.woolworths.media/content/wowproductimages/large/845595.jpg"],"storeId":"woolworths","packageSize":"250ml","cupPrice":"$3.20 / 100ML","locations":{"ALL":{"price":8,"discountRate":50,"promo":"","orgPrice":16}},"categoryIds":["w-health-beauty"],"similarProducts":[]},{"id":"w-347455-717226151804","name":"John Frieda Frizz Ease Miraculous Recovery Conditioner","brand":"John Frieda","imageUrls":["https://cdn0.woolworths.media/content/wowproductimages/large/347455.jpg"],"storeId":"woolworths","packageSize":"250ml","cupPrice":"$3.20 / 100ML","locations":{"ALL":{"price":8,"discountRate":50,"promo":"","orgPrice":16}},"categoryIds":["w-health-beauty"],"similarProducts":[]},{"id":"w-347454-717226151798","name":"John Frieda Frizz Ease Repairing Shampoo","brand":"John Frieda","imageUrls":["https://cdn0.woolworths.media/content/wowproductimages/large/347454.jpg"],"storeId":"woolworths","packageSize":"250ml","cupPrice":"$3.20 / 100ML","locations":{"ALL":{"price":8,"discountRate":50,"promo":"","orgPrice":16}},"categoryIds":["w-health-beauty"],"similarProducts":[]},{"id":"w-173167-717226111433","name":"John Frieda Frizz Ease Secret Weapon Styler","brand":"John Frieda","imageUrls":["https://cdn0.woolworths.media/content/wowproductimages/large/173167.jpg"],"storeId":"woolworths","packageSize":"113g","cupPrice":"$7.52 / 100G","locations":{"ALL":{"price":8.5,"discountRate":50,"promo":"","orgPrice":17}},"categoryIds":["w-health-beauty"],"similarProducts":[]},{"id":"w-233730-717226005077","name":"John Frieda Sheer Highlight Activating Moisturising Conditioner","brand":"John Frieda","imageUrls":["https://cdn0.woolworths.media/content/wowproductimages/large/233730.jpg"],"storeId":"woolworths","packageSize":"250ml","cupPrice":"$3.20 / 100ML","locations":{"ALL":{"price":8,"discountRate":50,"promo":"","orgPrice":16}},"categoryIds":["w-health-beauty"],"similarProducts":[]},{"id":"w-173047-717226505256","name":"John Frieda Sheer Hightlight Activating Moisturising Shampoo","brand":"John Frieda","imageUrls":["https://cdn0.woolworths.media/content/wowproductimages/large/173047.jpg"],"storeId":"woolworths","packageSize":"250ml","cupPrice":"$3.20 / 100ML","locations":{"ALL":{"price":8,"discountRate":50,"promo":"","orgPrice":16}},"categoryIds":["w-health-beauty"],"similarProducts":[]},{"id":"w-62575-717226262845","name":"John Frieda Violet Crush Intense Purple Shampoo","brand":"John Frieda","imageUrls":["https://cdn0.woolworths.media/content/wowproductimages/large/062575.jpg"],"storeId":"woolworths","packageSize":"250ml","cupPrice":"$3.60 / 100ML","locations":{"ALL":{"price":9,"discountRate":50,"promo":"","orgPrice":18}},"categoryIds":["w-health-beauty"],"similarProducts":[]},{"id":"w-325765-717226155444","name":"John Frieda Violet Crush Purple Conditioner","brand":"John Frieda","imageUrls":["https://cdn0.woolworths.media/content/wowproductimages/large/325765.jpg"],"storeId":"woolworths","packageSize":"250ml","cupPrice":"$3.60 / 100ML","locations":{"ALL":{"price":9,"discountRate":50,"promo":"","orgPrice":18}},"categoryIds":["w-health-beauty"],"similarProducts":[]},{"id":"w-325764-717226155437","name":"John Frieda Violet Crush Purple Shampoo","brand":"John Frieda","imageUrls":["https://cdn0.woolworths.media/content/wowproductimages/large/325764.jpg"],"storeId":"woolworths","packageSize":"250ml","cupPrice":"$3.60 / 100ML","locations":{"ALL":{"price":9,"discountRate":50,"promo":"","orgPrice":18}},"categoryIds":["w-health-beauty"],"similarProducts":[]},{"id":"w-194495-717226111617","name":"John Frieda Frizz Ease Dream Curls Spray Styler","brand":"John Frieda","imageUrls":["https://cdn0.woolworths.media/content/wowproductimages/large/194495.jpg"],"storeId":"woolworths","packageSize":"198ml","cupPrice":"$4.29 / 100ML","locations":{"ALL":{"price":8.5,"discountRate":50,"promo":"","orgPrice":17}},"categoryIds":["w-health-beauty"],"similarProducts":[]},{"id":"w-680781-717226237430","name":"John Frieda Luxurious Volume Core Restore Conditioner","brand":"John Frieda","imageUrls":["https://cdn0.woolworths.media/content/wowproductimages/large/680781.jpg"],"storeId":"woolworths","packageSize":"250ml","cupPrice":"$3.60 / 100ML","locations":{"ALL":{"price":9,"discountRate":50,"promo":"","orgPrice":18}},"categoryIds":["w-health-beauty"],"similarProducts":[{"productId":"cw-86802","storeId":"chemist-warehouse"}]},{"id":"w-680779-717226237423","name":"John Frieda Luxurious Volume Core Restore Shampoo","brand":"John Frieda","imageUrls":["https://cdn0.woolworths.media/content/wowproductimages/large/680779.jpg"],"storeId":"woolworths","packageSize":"250ml","cupPrice":"$3.60 / 100ML","locations":{"ALL":{"price":9,"discountRate":50,"promo":"","orgPrice":18}},"categoryIds":["w-health-beauty"],"similarProducts":[]},{"id":"w-680790-717226188299","name":"John Frieda Radiant Red Colour Boosting Conditioner","brand":"John Frieda","imageUrls":["https://cdn0.woolworths.media/content/wowproductimages/large/680790.jpg"],"storeId":"woolworths","packageSize":"250ml","cupPrice":"$3.60 / 100ML","locations":{"ALL":{"price":9,"discountRate":50,"promo":"","orgPrice":18}},"categoryIds":["w-health-beauty"],"similarProducts":[]},{"id":"w-97795-9352357002147","name":"Keep It Cleaner Egg White Protein Banana Bread Bar","brand":"Keep It Cleaner","imageUrls":["https://cdn0.woolworths.media/content/wowproductimages/large/097795.jpg"],"storeId":"woolworths","packageSize":"40g","cupPrice":"$4.38 / 100G","locations":{"ALL":{"price":1.75,"discountRate":50,"promo":"","orgPrice":3.5}},"categoryIds":["w-health-beauty"],"similarProducts":[]},{"id":"w-97130-9352357002215","name":"Keep It Cleaner Egg White Protein Honey Comb Bar","brand":"Keep It Cleaner","imageUrls":["https://cdn0.woolworths.media/content/wowproductimages/large/097130.jpg"],"storeId":"woolworths","packageSize":"40g","cupPrice":"$4.38 / 100G","locations":{"ALL":{"price":1.75,"discountRate":50,"promo":"","orgPrice":3.5}},"categoryIds":["w-health-beauty"],"similarProducts":[]},{"id":"w-97434-9352357002123","name":"Keep It Cleaner Egg White Protein Peanut Butter Caramel Bar","brand":"Keep It Cleaner","imageUrls":["https://cdn0.woolworths.media/content/wowproductimages/large/097434.jpg"],"storeId":"woolworths","packageSize":"40g","cupPrice":"$4.38 / 100G","locations":{"ALL":{"price":1.75,"discountRate":50,"promo":"","orgPrice":3.5}},"categoryIds":["w-health-beauty"],"similarProducts":[]},{"id":"w-97917-9352357002154","name":"Keep It Cleaner Egg White Protein Rocky Road Bar","brand":"Keep It Cleaner","imageUrls":["https://cdn0.woolworths.media/content/wowproductimages/large/097917.jpg"],"storeId":"woolworths","packageSize":"40g","cupPrice":"$4.38 / 100G","locations":{"ALL":{"price":1.75,"discountRate":50,"promo":"","orgPrice":3.5}},"categoryIds":["w-health-beauty"],"similarProducts":[]},{"id":"w-98052-9352357002130","name":"Keep It Cleaner Plant Based Protein Crunch Choc Hemp Bar","brand":"Keep It Cleaner","imageUrls":["https://cdn0.woolworths.media/content/wowproductimages/large/098052.jpg"],"storeId":"woolworths","packageSize":"40g","cupPrice":"$4.38 / 100G","locations":{"ALL":{"price":1.75,"discountRate":56,"promo":"","orgPrice":4}},"categoryIds":["w-health-beauty"],"similarProducts":[]},{"id":"w-97668-9352357002178","name":"Keep It Cleaner Plant Based Protein Crunch Dark Choc Sour Cherry Bar","brand":"Keep It Cleaner","imageUrls":["https://cdn0.woolworths.media/content/wowproductimages/large/097668.jpg"],"storeId":"woolworths","packageSize":"40g","cupPrice":"$4.38 / 100G","locations":{"ALL":{"price":1.75,"discountRate":56,"promo":"","orgPrice":4}},"categoryIds":["w-health-beauty"],"similarProducts":[]},{"id":"w-98972-9352357002109","name":"Keep It Cleaner Plant Based Protein Crunch Honey Roast Almond Bar","brand":"Keep It Cleaner","imageUrls":["https://cdn0.woolworths.media/content/wowproductimages/large/098972.jpg"],"storeId":"woolworths","packageSize":"40g","cupPrice":"$4.38 / 100G","locations":{"ALL":{"price":1.75,"discountRate":56,"promo":"","orgPrice":4}},"categoryIds":["w-health-beauty"],"similarProducts":[]},{"id":"w-97942-9352357002192","name":"Keep It Cleaner Plant Based Protein Crunch Peanut Butter Bar","brand":"Keep It Cleaner","imageUrls":["https://cdn0.woolworths.media/content/wowproductimages/large/097942.jpg"],"storeId":"woolworths","packageSize":"40g","cupPrice":"$4.38 / 100G","locations":{"ALL":{"price":1.75,"discountRate":56,"promo":"","orgPrice":4}},"categoryIds":["w-health-beauty"],"similarProducts":[]},{"id":"w-97983-9352357002116","name":"Keep It Cleaner Plant Based Protein Crunch Salted Caramel Bar","brand":"Keep It Cleaner","imageUrls":["https://cdn0.woolworths.media/content/wowproductimages/large/097983.jpg"],"storeId":"woolworths","packageSize":"40g","cupPrice":"$4.38 / 100G","locations":{"ALL":{"price":1.75,"discountRate":56,"promo":"","orgPrice":4}},"categoryIds":["w-health-beauty"],"similarProducts":[]},{"id":"w-98083-9352357002185","name":"Keep It Cleaner Plant Based Protein Powder Chocolate Flavour","brand":"Keep It Cleaner","imageUrls":["https://cdn0.woolworths.media/content/wowproductimages/large/098083.jpg"],"storeId":"woolworths","packageSize":"375g","cupPrice":"$4.00 / 100G","locations":{"ALL":{"price":15,"discountRate":50,"promo":"","orgPrice":30}},"categoryIds":["w-health-beauty"],"similarProducts":[]},{"id":"w-97965-9352357002161","name":"Keep It Cleaner Plant Based Protein Powder Dark Choc Coconut Flavour","brand":"Keep It Cleaner","imageUrls":["https://cdn0.woolworths.media/content/wowproductimages/large/097965.jpg"],"storeId":"woolworths","packageSize":"375g","cupPrice":"$4.00 / 100G","locations":{"ALL":{"price":15,"discountRate":50,"promo":"","orgPrice":30}},"categoryIds":["w-health-beauty"],"similarProducts":[]},{"id":"w-97916-9352357002079","name":"Keep It Cleaner Plant Based Protein Powder Natural Flavour","brand":"Keep It Cleaner","imageUrls":["https://cdn0.woolworths.media/content/wowproductimages/large/097916.jpg"],"storeId":"woolworths","packageSize":"375g","cupPrice":"$4.00 / 100G","locations":{"ALL":{"price":15,"discountRate":50,"promo":"","orgPrice":30}},"categoryIds":["w-health-beauty"],"similarProducts":[]},{"id":"w-98978-9352357002062","name":"Keep It Cleaner Plant Based Protein Powder Vanilla Flavour","brand":"Keep It Cleaner","imageUrls":["https://cdn0.woolworths.media/content/wowproductimages/large/098978.jpg"],"storeId":"woolworths","packageSize":"375g","cupPrice":"$4.00 / 100G","locations":{"ALL":{"price":15,"discountRate":50,"promo":"","orgPrice":30}},"categoryIds":["w-health-beauty"],"similarProducts":[]},{"id":"w-97810-9352357002390","name":"Keep It Cleaner Protein Almond Butter Cookie Ball","brand":"Keep It Cleaner","imageUrls":["https://cdn0.woolworths.media/content/wowproductimages/large/097810.jpg"],"storeId":"woolworths","packageSize":"32g","cupPrice":"$3.75 / 100G","locations":{"ALL":{"price":1.2,"discountRate":50,"promo":"","orgPrice":2.4}},"categoryIds":["w-health-beauty"],"similarProducts":[]},{"id":"w-25114-9352357001447","name":"Keep It Cleaner Protein Ball Banana & Choc Chip","brand":"Keep It Cleaner","imageUrls":["https://cdn0.woolworths.media/content/wowproductimages/large/025114.jpg"],"storeId":"woolworths","packageSize":"32g","cupPrice":"$3.75 / 100G","locations":{"ALL":{"price":1.2,"discountRate":50,"promo":"","orgPrice":2.4}},"categoryIds":["w-health-beauty"],"similarProducts":[]},{"id":"w-25981-9352357001430","name":"Keep It Cleaner Protein Ball Cinnamon Doughnut","brand":"Keep It Cleaner","imageUrls":["https://cdn0.woolworths.media/content/wowproductimages/large/025981.jpg"],"storeId":"woolworths","packageSize":"32g","cupPrice":"$3.75 / 100G","locations":{"ALL":{"price":1.2,"discountRate":50,"promo":"","orgPrice":2.4}},"categoryIds":["w-health-beauty"],"similarProducts":[]},{"id":"w-25122-9352357001478","name":"Keep It Cleaner Protein Ball Ruby Red Velvet","brand":"Keep It Cleaner","imageUrls":["https://cdn0.woolworths.media/content/wowproductimages/large/025122.jpg"],"storeId":"woolworths","packageSize":"32g","cupPrice":"$3.75 / 100G","locations":{"ALL":{"price":1.2,"discountRate":50,"promo":"","orgPrice":2.4}},"categoryIds":["w-health-beauty"],"similarProducts":[]},{"id":"w-98069-9352357002406","name":"Keep It Cleaner Protein Choc Fudge Ball","brand":"Keep It Cleaner","imageUrls":["https://cdn0.woolworths.media/content/wowproductimages/large/098069.jpg"],"storeId":"woolworths","packageSize":"32g","cupPrice":"$3.75 / 100G","locations":{"ALL":{"price":1.2,"discountRate":50,"promo":"","orgPrice":2.4}},"categoryIds":["w-health-beauty"],"similarProducts":[]},{"id":"w-26073-9352357001553","name":"Keep It Cleaner Protein Powder Chocolate","brand":"Keep It Cleaner","imageUrls":["https://cdn0.woolworths.media/content/wowproductimages/large/026073.jpg"],"storeId":"woolworths","packageSize":"375g","cupPrice":"$4.00 / 100G","locations":{"ALL":{"price":15,"discountRate":50,"promo":"","orgPrice":30}},"categoryIds":["w-health-beauty"],"similarProducts":[]},{"id":"w-26091-9352357001560","name":"Keep It Cleaner Protein Powder Salted Caramel","brand":"Keep It Cleaner","imageUrls":["https://cdn0.woolworths.media/content/wowproductimages/large/026091.jpg"],"storeId":"woolworths","packageSize":"375g","cupPrice":"$4.00 / 100G","locations":{"ALL":{"price":15,"discountRate":50,"promo":"","orgPrice":30}},"categoryIds":["w-health-beauty"],"similarProducts":[]},{"id":"w-26087-9352357001546","name":"Keep It Cleaner Protein Powder Vanilla","brand":"Keep It Cleaner","imageUrls":["https://cdn0.woolworths.media/content/wowproductimages/large/026087.jpg"],"storeId":"woolworths","packageSize":"375g","cupPrice":"$4.00 / 100G","locations":{"ALL":{"price":15,"discountRate":50,"promo":"","orgPrice":30}},"categoryIds":["w-health-beauty"],"similarProducts":[]},{"id":"w-100056-9352357002208","name":"Keep It Cleaner Protein Powder Wpi Natural Flavour","brand":"Keep It Cleaner","imageUrls":["https://cdn0.woolworths.media/content/wowproductimages/large/100056.jpg"],"storeId":"woolworths","packageSize":"375g","cupPrice":"$4.00 / 100G","locations":{"ALL":{"price":15,"discountRate":50,"promo":"","orgPrice":30}},"categoryIds":["w-health-beauty"],"similarProducts":[]},{"id":"w-56867-3600523749980","name":"L'or&eacute;al Paris Excellence Creme Hair Colour 4 Dark Brown","brand":"L'or&eacute;al Paris","imageUrls":["https://cdn0.woolworths.media/content/wowproductimages/large/056867.jpg"],"storeId":"woolworths","packageSize":"each","cupPrice":"$0.00 / 0","locations":{"ALL":{"price":10,"discountRate":50,"promo":"","orgPrice":20}},"categoryIds":["w-health-beauty"],"similarProducts":[]},{"id":"w-61188-3600523749997","name":"L'or&eacute;al Paris Excellence Creme Hair Colour 4.3 Dark Golden Brown","brand":"L'or&eacute;al Paris","imageUrls":["https://cdn0.woolworths.media/content/wowproductimages/large/061188.jpg"],"storeId":"woolworths","packageSize":"each","cupPrice":"$0.00 / 0","locations":{"ALL":{"price":10,"discountRate":50,"promo":"","orgPrice":20}},"categoryIds":["w-health-beauty"],"similarProducts":[]},{"id":"w-56868-3600523750016","name":"L'or&eacute;al Paris Excellence Creme Hair Colour 5 Brown","brand":"L'or&eacute;al Paris","imageUrls":["https://cdn0.woolworths.media/content/wowproductimages/large/056868.jpg"],"storeId":"woolworths","packageSize":"each","cupPrice":"$0.00 / 0","locations":{"ALL":{"price":10,"discountRate":50,"promo":"","orgPrice":20}},"categoryIds":["w-health-beauty"],"similarProducts":[]},{"id":"w-56870-3600523750047","name":"L'or&eacute;al Paris Excellence Creme Hair Colour 5.5 Mahogany Brown","brand":"L'or&eacute;al Paris","imageUrls":["https://cdn0.woolworths.media/content/wowproductimages/large/056870.jpg"],"storeId":"woolworths","packageSize":"each","cupPrice":"$0.00 / 0","locations":{"ALL":{"price":10,"discountRate":50,"promo":"","orgPrice":20}},"categoryIds":["w-health-beauty"],"similarProducts":[]},{"id":"w-61160-3600523750085","name":"L'or&eacute;al Paris Excellence Creme Hair Colour 6.3 Light Golden Brown","brand":"L'or&eacute;al Paris","imageUrls":["https://cdn0.woolworths.media/content/wowproductimages/large/061160.jpg"],"storeId":"woolworths","packageSize":"each","cupPrice":"$0.00 / 0","locations":{"ALL":{"price":10,"discountRate":50,"promo":"","orgPrice":20}},"categoryIds":["w-health-beauty"],"similarProducts":[]},{"id":"w-61165-3600523750092","name":"L'or&eacute;al Paris Excellence Creme Hair Colour 6.54 Light Mahogany Brown","brand":"L'or&eacute;al Paris","imageUrls":["https://cdn0.woolworths.media/content/wowproductimages/large/061165.jpg"],"storeId":"woolworths","packageSize":"each","cupPrice":"$0.00 / 0","locations":{"ALL":{"price":10,"discountRate":50,"promo":"","orgPrice":20}},"categoryIds":["w-health-beauty"],"similarProducts":[]},{"id":"w-57093-3600523750122","name":"L'or&eacute;al Paris Excellence Creme Hair Colour 7.1 Dark Ash Blonde","brand":"L'or&eacute;al Paris","imageUrls":["https://cdn0.woolworths.media/content/wowproductimages/large/057093.jpg"],"storeId":"woolworths","packageSize":"each","cupPrice":"$0.00 / 0","locations":{"ALL":{"price":10,"discountRate":50,"promo":"","orgPrice":20}},"categoryIds":["w-health-beauty"],"similarProducts":[]},{"id":"w-61168-3600523750146","name":"L'or&eacute;al Paris Excellence Creme Hair Colour 8 Blonde","brand":"L'or&eacute;al Paris","imageUrls":["https://cdn0.woolworths.media/content/wowproductimages/large/061168.jpg"],"storeId":"woolworths","packageSize":"each","cupPrice":"$0.00 / 0","locations":{"ALL":{"price":10,"discountRate":50,"promo":"","orgPrice":20}},"categoryIds":["w-health-beauty"],"similarProducts":[]},{"id":"w-61186-3600523750184","name":"L'or&eacute;al Paris Excellence Creme Hair Colour 9.1 Light Ash Brown","brand":"L'or&eacute;al Paris","imageUrls":["https://cdn0.woolworths.media/content/wowproductimages/large/061186.jpg"],"storeId":"woolworths","packageSize":"each","cupPrice":"$0.00 / 0","locations":{"ALL":{"price":10,"discountRate":50,"promo":"","orgPrice":20}},"categoryIds":["w-health-beauty"],"similarProducts":[]},{"id":"w-52867-3600523817078","name":"L'oreal Elvive Dream Lengths Cream","brand":"L'oreal","imageUrls":["https://cdn0.woolworths.media/content/wowproductimages/large/052867.jpg"],"storeId":"woolworths","packageSize":"200ml","cupPrice":"$2.98 / 100ML","locations":{"ALL":{"price":5.95,"discountRate":50,"promo":"","orgPrice":12}},"categoryIds":["w-health-beauty"],"similarProducts":[]},{"id":"w-698642-3600523451142","name":"L'oreal Paris Age Perfect Beautifying Colour Care Beige","brand":"L'oreal","imageUrls":["https://cdn0.woolworths.media/content/wowproductimages/large/698642.jpg"],"storeId":"woolworths","packageSize":"80ml","cupPrice":"$0.00 / 0","locations":{"ALL":{"price":8.75,"discountRate":50,"promo":"","orgPrice":17.5}},"categoryIds":["w-health-beauty"],"similarProducts":[]},{"id":"w-683513-3600523451159","name":"L'oreal Paris Age Perfect Beautifying Colour Care Warm Gold","brand":"L'oreal","imageUrls":["https://cdn0.woolworths.media/content/wowproductimages/large/683513.jpg"],"storeId":"woolworths","packageSize":"80ml","cupPrice":"$0.00 / 0","locations":{"ALL":{"price":8.75,"discountRate":50,"promo":"","orgPrice":17.5}},"categoryIds":["w-health-beauty"],"similarProducts":[]},{"id":"w-260424-3600521078532","name":"L'oreal Paris Casting Creme Gloss 600 Light Brown","brand":"L'oreal","imageUrls":["https://cdn0.woolworths.media/content/wowproductimages/large/260424.jpg"],"storeId":"woolworths","packageSize":"each","cupPrice":"$0.00 / 0","locations":{"ALL":{"price":8,"discountRate":50,"promo":"","orgPrice":16}},"categoryIds":["w-health-beauty"],"similarProducts":[]},{"id":"w-612443-3600523458622","name":"L'oreal Paris Colorista 1 Day Spray Colour Hot Pink","brand":"L'oreal","imageUrls":["https://cdn0.woolworths.media/content/wowproductimages/large/612443.jpg"],"storeId":"woolworths","packageSize":"75ml","cupPrice":"$10.00 / 100ML","locations":{"ALL":{"price":7.5,"discountRate":50,"promo":"","orgPrice":15}},"categoryIds":["w-health-beauty"],"similarProducts":[]},{"id":"w-682769-3600523583720","name":"L'oreal Paris Elvive Coconut Oil Conditioner","brand":"L'oreal","imageUrls":["https://cdn0.woolworths.media/content/wowproductimages/large/682769.jpg"],"storeId":"woolworths","packageSize":"325ml","cupPrice":"$1.23 / 100ML","locations":{"ALL":{"price":4,"discountRate":50,"promo":"","orgPrice":8}},"categoryIds":["w-health-beauty"],"similarProducts":[]},{"id":"w-682756-3600523583713","name":"L'oreal Paris Elvive Coconut Oil Shampoo","brand":"L'oreal","imageUrls":["https://cdn0.woolworths.media/content/wowproductimages/large/682756.jpg"],"storeId":"woolworths","packageSize":"325ml","cupPrice":"$1.23 / 100ML","locations":{"ALL":{"price":4,"discountRate":50,"promo":"","orgPrice":8}},"categoryIds":["w-health-beauty"],"similarProducts":[]},{"id":"w-662396-8994993000326","name":"L'oreal Paris Elvive Colour Protect Conditioner","brand":"L'oreal","imageUrls":["https://cdn0.woolworths.media/content/wowproductimages/large/662396.jpg"],"storeId":"woolworths","packageSize":"325ml","cupPrice":"$1.23 / 100ML","locations":{"ALL":{"price":4,"discountRate":50,"promo":"","orgPrice":8}},"categoryIds":["w-health-beauty"],"similarProducts":[]},{"id":"w-10101-8992304041037","name":"L'oreal Paris Elvive Colour Protect Conditioner","brand":"L'oreal","imageUrls":["https://cdn0.woolworths.media/content/wowproductimages/large/010101.jpg"],"storeId":"woolworths","packageSize":"700ml","cupPrice":"$0.71 / 100ML","locations":{"ALL":{"price":5,"discountRate":50,"promo":"","orgPrice":10}},"categoryIds":["w-health-beauty"],"similarProducts":[]},{"id":"w-662407-8901526523122","name":"L'oreal Paris Elvive Colour Protect Shampoo","brand":"L'oreal","imageUrls":["https://cdn0.woolworths.media/content/wowproductimages/large/662407.jpg"],"storeId":"woolworths","packageSize":"325ml","cupPrice":"$1.23 / 100ML","locations":{"ALL":{"price":4,"discountRate":50,"promo":"","orgPrice":8}},"categoryIds":["w-health-beauty"],"similarProducts":[]},{"id":"w-9902-8992304041020","name":"L'oreal Paris Elvive Colour Protect Shampoo","brand":"L'oreal","imageUrls":["https://cdn0.woolworths.media/content/wowproductimages/large/009902.jpg"],"storeId":"woolworths","packageSize":"700ml","cupPrice":"$0.71 / 100ML","locations":{"ALL":{"price":5,"discountRate":50,"promo":"","orgPrice":10}},"categoryIds":["w-health-beauty"],"similarProducts":[]},{"id":"w-52865-3600523816927","name":"L'oreal Paris Elvive Dream Lengths Detangling Conditioner","brand":"L'oreal","imageUrls":["https://cdn0.woolworths.media/content/wowproductimages/large/052865.jpg"],"storeId":"woolworths","packageSize":"325ml","cupPrice":"$1.23 / 100ML","locations":{"ALL":{"price":4,"discountRate":50,"promo":"","orgPrice":8}},"categoryIds":["w-health-beauty"],"similarProducts":[]},{"id":"w-52864-3600523816910","name":"L'oreal Paris Elvive Dream Lengths Restoring Shampoo","brand":"L'oreal","imageUrls":["https://cdn0.woolworths.media/content/wowproductimages/large/052864.jpg"],"storeId":"woolworths","packageSize":"325ml","cupPrice":"$1.23 / 100ML","locations":{"ALL":{"price":4,"discountRate":50,"promo":"","orgPrice":8}},"categoryIds":["w-health-beauty"],"similarProducts":[]},{"id":"w-682749-3600523572557","name":"L'oreal Paris Elvive Extraordinary Coconut Oil","brand":"L'oreal","imageUrls":["https://cdn0.woolworths.media/content/wowproductimages/large/682749.jpg"],"storeId":"woolworths","packageSize":"100ml","cupPrice":"$9.95 / 100ML","locations":{"ALL":{"price":9.95,"discountRate":50,"promo":"","orgPrice":20}},"categoryIds":["w-health-beauty"],"similarProducts":[]},{"id":"w-682747-3600523572564","name":"L'oreal Paris Elvive Extraordinary Coconut Oil Mask","brand":"L'oreal","imageUrls":["https://cdn0.woolworths.media/content/wowproductimages/large/682747.jpg"],"storeId":"woolworths","packageSize":"300ml","cupPrice":"$1.65 / 100ML","locations":{"ALL":{"price":4.95,"discountRate":51,"promo":"","orgPrice":10}},"categoryIds":["w-health-beauty"],"similarProducts":[]},{"id":"w-891479-8901526960439","name":"L'oreal Paris Elvive Extraordinary Oil Shampoo","brand":"L'oreal","imageUrls":["https://cdn0.woolworths.media/content/wowproductimages/large/891479.jpg"],"storeId":"woolworths","packageSize":"700ml","cupPrice":"$0.71 / 100ML","locations":{"ALL":{"price":5,"discountRate":50,"promo":"","orgPrice":10}},"categoryIds":["w-health-beauty"],"similarProducts":[]},{"id":"w-662433-3600523547524","name":"L'oreal Paris Elvive Extraordinary Oil Conditioner","brand":"L'oreal","imageUrls":["https://cdn0.woolworths.media/content/wowproductimages/large/662433.jpg"],"storeId":"woolworths","packageSize":"325ml","cupPrice":"$1.23 / 100ML","locations":{"ALL":{"price":4,"discountRate":50,"promo":"","orgPrice":8}},"categoryIds":["w-health-beauty"],"similarProducts":[]},{"id":"w-891480-8901526960422","name":"L'oreal Paris Elvive Extraordinary Oil Conditioner","brand":"L'oreal","imageUrls":["https://cdn0.woolworths.media/content/wowproductimages/large/891480.jpg"],"storeId":"woolworths","packageSize":"700ml","cupPrice":"$0.71 / 100ML","locations":{"ALL":{"price":5,"discountRate":50,"promo":"","orgPrice":10}},"categoryIds":["w-health-beauty"],"similarProducts":[]},{"id":"w-662432-3600523547487","name":"L'oreal Paris Elvive Extraordinary Oil Shampoo","brand":"L'oreal","imageUrls":["https://cdn0.woolworths.media/content/wowproductimages/large/662432.jpg"],"storeId":"woolworths","packageSize":"325ml","cupPrice":"$1.23 / 100ML","locations":{"ALL":{"price":4,"discountRate":50,"promo":"","orgPrice":8}},"categoryIds":["w-health-beauty"],"similarProducts":[]},{"id":"w-856799-8901526960453","name":"L'oreal Paris Elvive Fibralogy Shampoo","brand":"L'oreal","imageUrls":["https://cdn0.woolworths.media/content/wowproductimages/large/856799.jpg"],"storeId":"woolworths","packageSize":"700ml","cupPrice":"$0.71 / 100ML","locations":{"ALL":{"price":5,"discountRate":50,"promo":"","orgPrice":10}},"categoryIds":["w-health-beauty"],"similarProducts":[]},{"id":"w-10103-8992304041174","name":"L'oreal Paris Elvive Total Repair Conditioner","brand":"L'oreal","imageUrls":["https://cdn0.woolworths.media/content/wowproductimages/large/010103.jpg"],"storeId":"woolworths","packageSize":"700ml","cupPrice":"$0.71 / 100ML","locations":{"ALL":{"price":5,"discountRate":50,"promo":"","orgPrice":10}},"categoryIds":["w-health-beauty"],"similarProducts":[]},{"id":"w-662430-8994993000364","name":"L'oreal Paris Elvive Total Repair Conditioner","brand":"L'oreal","imageUrls":["https://cdn0.woolworths.media/content/wowproductimages/large/662430.jpg"],"storeId":"woolworths","packageSize":"325ml","cupPrice":"$1.23 / 100ML","locations":{"ALL":{"price":4,"discountRate":50,"promo":"","orgPrice":8}},"categoryIds":["w-health-beauty"],"similarProducts":[]},{"id":"w-662421-8901526523153","name":"L'oreal Paris Elvive Total Repair Shampoo","brand":"L'oreal","imageUrls":["https://cdn0.woolworths.media/content/wowproductimages/large/662421.jpg"],"storeId":"woolworths","packageSize":"325ml","cupPrice":"$1.23 / 100ML","locations":{"ALL":{"price":4,"discountRate":50,"promo":"","orgPrice":8}},"categoryIds":["w-health-beauty"],"similarProducts":[]},{"id":"w-10102-8992304041181","name":"L'oreal Paris Elvive Total Repair Shampoo","brand":"L'oreal","imageUrls":["https://cdn0.woolworths.media/content/wowproductimages/large/010102.jpg"],"storeId":"woolworths","packageSize":"700ml","cupPrice":"$0.71 / 100ML","locations":{"ALL":{"price":5,"discountRate":50,"promo":"","orgPrice":10}},"categoryIds":["w-health-beauty"],"similarProducts":[]},{"id":"w-46595-3600523015313","name":"L'oreal Paris Excellence Age Perfect Pearl Blonde 8.32","brand":"L'oreal","imageUrls":["https://cdn0.woolworths.media/content/wowproductimages/large/046595.jpg"],"storeId":"woolworths","packageSize":"each","cupPrice":"$0.00 / 0","locations":{"ALL":{"price":10,"discountRate":50,"promo":"","orgPrice":20}},"categoryIds":["w-health-beauty"],"similarProducts":[]},{"id":"w-46598-3600523015306","name":"L'oreal Paris Excellence Age Perfect Radiant Pure Beige Blonde 8.31","brand":"L'oreal","imageUrls":["https://cdn0.woolworths.media/content/wowproductimages/large/046598.jpg"],"storeId":"woolworths","packageSize":"each","cupPrice":"$0.00 / 0","locations":{"ALL":{"price":10,"discountRate":50,"promo":"","orgPrice":20}},"categoryIds":["w-health-beauty"],"similarProducts":[]},{"id":"w-840342-3600523015337","name":"L'oreal Paris Excellence Age Perfect Very Light Blonde 7.32","brand":"L'oreal","imageUrls":["https://cdn0.woolworths.media/content/wowproductimages/large/840342.jpg"],"storeId":"woolworths","packageSize":"each","cupPrice":"$0.00 / 0","locations":{"ALL":{"price":10,"discountRate":50,"promo":"","orgPrice":20}},"categoryIds":["w-health-beauty"],"similarProducts":[]},{"id":"w-2447-3600522187455","name":"L'oreal Paris Preference 10.21 Alaska Pearl Blonde","brand":"L'oreal","imageUrls":["https://cdn0.woolworths.media/content/wowproductimages/large/002447.jpg"],"storeId":"woolworths","packageSize":"each","cupPrice":"$0.00 / 0","locations":{"ALL":{"price":9.5,"discountRate":50,"promo":"","orgPrice":19}},"categoryIds":["w-health-beauty"],"similarProducts":[]},{"id":"w-823509-8886467033056","name":"Love Beauty & Planet Conditioner Blooming Colour","brand":"Love Beauty & Planet","imageUrls":["https://cdn0.woolworths.media/content/wowproductimages/large/823509.jpg"],"storeId":"woolworths","packageSize":"400ml","cupPrice":"$1.88 / 100ML","locations":{"ALL":{"price":7.5,"discountRate":50,"promo":"","orgPrice":15}},"categoryIds":["w-health-beauty"],"similarProducts":[]},{"id":"w-823168-8886467033087","name":"Love Beauty & Planet Conditioner Smooth & Serene","brand":"Love Beauty & Planet","imageUrls":["https://cdn0.woolworths.media/content/wowproductimages/large/823168.jpg"],"storeId":"woolworths","packageSize":"400ml","cupPrice":"$1.88 / 100ML","locations":{"ALL":{"price":7.5,"discountRate":50,"promo":"","orgPrice":15}},"categoryIds":["w-health-beauty"],"similarProducts":[]},{"id":"w-823169-8886467033070","name":"Love Beauty & Planet Conditioner Volume & Bounty","brand":"Love Beauty & Planet","imageUrls":["https://cdn0.woolworths.media/content/wowproductimages/large/823169.jpg"],"storeId":"woolworths","packageSize":"400ml","cupPrice":"$1.88 / 100ML","locations":{"ALL":{"price":7.5,"discountRate":50,"promo":"","orgPrice":15}},"categoryIds":["w-health-beauty"],"similarProducts":[]},{"id":"w-823510-8886467033001","name":"Love Beauty & Planet Shampoo Blooming Colour","brand":"Love Beauty & Planet","imageUrls":["https://cdn0.woolworths.media/content/wowproductimages/large/823510.jpg"],"storeId":"woolworths","packageSize":"400ml","cupPrice":"$1.88 / 100ML","locations":{"ALL":{"price":7.5,"discountRate":50,"promo":"","orgPrice":15}},"categoryIds":["w-health-beauty"],"similarProducts":[]},{"id":"w-823165-8886467033032","name":"Love Beauty & Planet Shampoo Smooth & Serene","brand":"Love Beauty & Planet","imageUrls":["https://cdn0.woolworths.media/content/wowproductimages/large/823165.jpg"],"storeId":"woolworths","packageSize":"400ml","cupPrice":"$1.88 / 100ML","locations":{"ALL":{"price":7.5,"discountRate":50,"promo":"","orgPrice":15}},"categoryIds":["w-health-beauty"],"similarProducts":[]},{"id":"w-823166-8886467033025","name":"Love Beauty & Planet Shampoo Volume & Bounty","brand":"Love Beauty & Planet","imageUrls":["https://cdn0.woolworths.media/content/wowproductimages/large/823166.jpg"],"storeId":"woolworths","packageSize":"400ml","cupPrice":"$1.88 / 100ML","locations":{"ALL":{"price":7.5,"discountRate":50,"promo":"","orgPrice":15}},"categoryIds":["w-health-beauty"],"similarProducts":[]},{"id":"w-674039-22796180025","name":"Maui Moisture Curl Quench & Coconut Oil Conditioner","brand":"Maui Moisture","imageUrls":["https://cdn0.woolworths.media/content/wowproductimages/large/674039.jpg"],"storeId":"woolworths","packageSize":"385ml","cupPrice":"$2.86 / 100ML","locations":{"ALL":{"price":11,"discountRate":50,"promo":"","orgPrice":22}},"categoryIds":["w-health-beauty"],"similarProducts":[]},{"id":"w-674062-22796180018","name":"Maui Moisture Curl Quench & Coconut Oil Shampoo","brand":"Maui Moisture","imageUrls":["https://cdn0.woolworths.media/content/wowproductimages/large/674062.jpg"],"storeId":"woolworths","packageSize":"385ml","cupPrice":"$2.86 / 100ML","locations":{"ALL":{"price":11,"discountRate":50,"promo":"","orgPrice":22}},"categoryIds":["w-health-beauty"],"similarProducts":[]},{"id":"w-674077-22796180155","name":"Maui Moisture Heal & Hydrate Shea Butter Hair Mask","brand":"Maui Moisture","imageUrls":["https://cdn0.woolworths.media/content/wowproductimages/large/674077.jpg"],"storeId":"woolworths","packageSize":"340g","cupPrice":"$3.24 / 100G","locations":{"ALL":{"price":11,"discountRate":50,"promo":"","orgPrice":22}},"categoryIds":["w-health-beauty"],"similarProducts":[]},{"id":"w-674065-22796180124","name":"Maui Moisture Heal & Hydrate Shea Butter Conditioner","brand":"Maui Moisture","imageUrls":["https://cdn0.woolworths.media/content/wowproductimages/large/674065.jpg"],"storeId":"woolworths","packageSize":"385ml","cupPrice":"$2.86 / 100ML","locations":{"ALL":{"price":11,"discountRate":50,"promo":"","orgPrice":22}},"categoryIds":["w-health-beauty"],"similarProducts":[]},{"id":"w-674034-22796180117","name":"Maui Moisture Heal & Hydrate Shea Butter Shampoo","brand":"Maui Moisture","imageUrls":["https://cdn0.woolworths.media/content/wowproductimages/large/674034.jpg"],"storeId":"woolworths","packageSize":"385ml","cupPrice":"$2.86 / 100ML","locations":{"ALL":{"price":11,"discountRate":50,"promo":"","orgPrice":22}},"categoryIds":["w-health-beauty"],"similarProducts":[]},{"id":"w-674072-22796180520","name":"Maui Moisture Nourish & Moisture Coconut Milk Conditioner","brand":"Maui Moisture","imageUrls":["https://cdn0.woolworths.media/content/wowproductimages/large/674072.jpg"],"storeId":"woolworths","packageSize":"385ml","cupPrice":"$2.86 / 100ML","locations":{"ALL":{"price":11,"discountRate":50,"promo":"","orgPrice":22}},"categoryIds":["w-health-beauty"],"similarProducts":[]},{"id":"w-674070-22796180513","name":"Maui Moisture Nourish & Moisture Coconut Milk Shampoo","brand":"Maui Moisture","imageUrls":["https://cdn0.woolworths.media/content/wowproductimages/large/674070.jpg"],"storeId":"woolworths","packageSize":"385ml","cupPrice":"$2.86 / 100ML","locations":{"ALL":{"price":11,"discountRate":50,"promo":"","orgPrice":22}},"categoryIds":["w-health-beauty"],"similarProducts":[]},{"id":"w-674074-22796180629","name":"Maui Moisture Thicken & Restore Bamboo Fibre Conditioner","brand":"Maui Moisture","imageUrls":["https://cdn0.woolworths.media/content/wowproductimages/large/674074.jpg"],"storeId":"woolworths","packageSize":"385ml","cupPrice":"$2.86 / 100ML","locations":{"ALL":{"price":11,"discountRate":50,"promo":"","orgPrice":22}},"categoryIds":["w-health-beauty"],"similarProducts":[]},{"id":"w-674073-22796180612","name":"Maui Moisture Thicken & Restore Bamboo Fibre Shampoo","brand":"Maui Moisture","imageUrls":["https://cdn0.woolworths.media/content/wowproductimages/large/674073.jpg"],"storeId":"woolworths","packageSize":"385ml","cupPrice":"$2.86 / 100ML","locations":{"ALL":{"price":11,"discountRate":50,"promo":"","orgPrice":22}},"categoryIds":["w-health-beauty"],"similarProducts":[]},{"id":"w-85107-22796180650","name":"Maui Moisture Thicken & Restore Bamboo Fibres Blow Out Mist","brand":"Maui Moisture","imageUrls":["https://cdn0.woolworths.media/content/wowproductimages/large/085107.jpg"],"storeId":"woolworths","packageSize":"236ml","cupPrice":"$4.66 / 100ML","locations":{"ALL":{"price":11,"discountRate":50,"promo":"","orgPrice":22}},"categoryIds":["w-health-beauty"],"similarProducts":[]},{"id":"w-816242-9331880007874","name":"Mcobeauty Banana Powder Brighten & Correct","brand":"Mcobeauty","imageUrls":["https://cdn0.woolworths.media/content/wowproductimages/large/816242.jpg"],"storeId":"woolworths","packageSize":"8.5g","cupPrice":"$8.82 / 10G","locations":{"ALL":{"price":7.5,"discountRate":50,"promo":"","orgPrice":15}},"categoryIds":["w-health-beauty"],"similarProducts":[]},{"id":"w-77836-9331880010256","name":"Mcobeauty Big Lash Maximum Volume Mascara Black","brand":"Mcobeauty","imageUrls":["https://cdn0.woolworths.media/content/wowproductimages/large/077836.jpg"],"storeId":"woolworths","packageSize":"each","cupPrice":"$6.07 / 10ML","locations":{"ALL":{"price":8.5,"discountRate":50,"promo":"","orgPrice":17}},"categoryIds":["w-health-beauty"],"similarProducts":[]},{"id":"w-94322-9331880010973","name":"Mcobeauty Blush Duo Berry Rush","brand":"Mcobeauty","imageUrls":["https://cdn0.woolworths.media/content/wowproductimages/large/094322.jpg"],"storeId":"woolworths","packageSize":"10g","cupPrice":"$6.00 / 10G","locations":{"ALL":{"price":6,"discountRate":50,"promo":"","orgPrice":12}},"categoryIds":["w-health-beauty"],"similarProducts":[]},{"id":"w-94140-9331880010805","name":"Mcobeauty Blush Duo Nectar Glow","brand":"Mcobeauty","imageUrls":["https://cdn0.woolworths.media/content/wowproductimages/large/094140.jpg"],"storeId":"woolworths","packageSize":"10g","cupPrice":"$6.00 / 10G","locations":{"ALL":{"price":6,"discountRate":50,"promo":"","orgPrice":12}},"categoryIds":["w-health-beauty"],"similarProducts":[]},{"id":"w-64662-9331880009373","name":"Mcobeauty Brow Stroke Blonde","brand":"Mcobeauty","imageUrls":["https://cdn0.woolworths.media/content/wowproductimages/large/064662.jpg"],"storeId":"woolworths","packageSize":"1.5ml","cupPrice":"$46.67 / 10ML","locations":{"ALL":{"price":7,"discountRate":50,"promo":"","orgPrice":14}},"categoryIds":["w-health-beauty"],"similarProducts":[]},{"id":"w-78308-9331880010218","name":"Mcobeauty Cheek & Lip Tint Dusk","brand":"Mcobeauty","imageUrls":["https://cdn0.woolworths.media/content/wowproductimages/large/078308.jpg"],"storeId":"woolworths","packageSize":"each","cupPrice":"$147.06 / 10ML","locations":{"ALL":{"price":5,"discountRate":50,"promo":"","orgPrice":10}},"categoryIds":["w-health-beauty"],"similarProducts":[]},{"id":"w-749981-9331880004408","name":"Mcobeauty Double Ended Fibre Lash","brand":"Mcobeauty","imageUrls":["https://cdn0.woolworths.media/content/wowproductimages/large/749981.jpg"],"storeId":"woolworths","packageSize":"5ml","cupPrice":"$170.00 / 100ML","locations":{"ALL":{"price":8.5,"discountRate":50,"promo":"","orgPrice":17}},"categoryIds":["w-health-beauty"],"similarProducts":[]},{"id":"w-476785-9331880006297","name":"Mcobeauty Dual Sharpener","brand":"Mcobeauty","imageUrls":["https://cdn0.woolworths.media/content/wowproductimages/large/476785.jpg"],"storeId":"woolworths","packageSize":"each","cupPrice":"$3.00 / 1EA","locations":{"ALL":{"price":3,"discountRate":50,"promo":"","orgPrice":6}},"categoryIds":["w-health-beauty"],"similarProducts":[]},{"id":"w-78086-9331880010133","name":"Mcobeauty Duo Brow Crayon & Highlighter Blonde Light/medium","brand":"Mcobeauty","imageUrls":["https://cdn0.woolworths.media/content/wowproductimages/large/078086.jpg"],"storeId":"woolworths","packageSize":"each","cupPrice":"$78.13 / 10G","locations":{"ALL":{"price":7.5,"discountRate":50,"promo":"","orgPrice":15}},"categoryIds":["w-health-beauty"],"similarProducts":[]},{"id":"w-77953-9331880010140","name":"Mcobeauty Duo Brow Crayon & Highlighter Medium Brown","brand":"Mcobeauty","imageUrls":["https://cdn0.woolworths.media/content/wowproductimages/large/077953.jpg"],"storeId":"woolworths","packageSize":"each","cupPrice":"$78.13 / 10G","locations":{"ALL":{"price":7.5,"discountRate":50,"promo":"","orgPrice":15}},"categoryIds":["w-health-beauty"],"similarProducts":[]},{"id":"w-77865-9331880010157","name":"Mcobeauty Duo Brow Crayon & Highlighter Medium/dark","brand":"Mcobeauty","imageUrls":["https://cdn0.woolworths.media/content/wowproductimages/large/077865.jpg"],"storeId":"woolworths","packageSize":"each","cupPrice":"$78.13 / 10G","locations":{"ALL":{"price":7.5,"discountRate":50,"promo":"","orgPrice":15}},"categoryIds":["w-health-beauty"],"similarProducts":[]},{"id":"w-94243-9331880010843","name":"Mcobeauty Duo Lipstick Liner Natural Peach","brand":"Mcobeauty","imageUrls":["https://cdn0.woolworths.media/content/wowproductimages/large/094243.jpg"],"storeId":"woolworths","packageSize":"22g","cupPrice":"$2.73 / 10G","locations":{"ALL":{"price":6,"discountRate":50,"promo":"","orgPrice":12}},"categoryIds":["w-health-beauty"],"similarProducts":[]},{"id":"w-94274-9331880010836","name":"Mcobeauty Duo Lipstick Liner Soft Rose","brand":"Mcobeauty","imageUrls":["https://cdn0.woolworths.media/content/wowproductimages/large/094274.jpg"],"storeId":"woolworths","packageSize":"22g","cupPrice":"$2.73 / 10G","locations":{"ALL":{"price":6,"discountRate":50,"promo":"","orgPrice":12}},"categoryIds":["w-health-beauty"],"similarProducts":[]},{"id":"w-789105-9331880005245","name":"Mcobeauty Eye Define Crayon Liner On Crayon Liner","brand":"Mcobeauty","imageUrls":["https://cdn0.woolworths.media/content/wowproductimages/large/789105.jpg"],"storeId":"woolworths","packageSize":"each","cupPrice":"$166.67 / 10G","locations":{"ALL":{"price":5,"discountRate":50,"promo":"","orgPrice":10}},"categoryIds":["w-health-beauty"],"similarProducts":[]},{"id":"w-816091-9331880007836","name":"Mcobeauty Eyeshadow Palette Burgundy/nude","brand":"Mcobeauty","imageUrls":["https://cdn0.woolworths.media/content/wowproductimages/large/816091.jpg"],"storeId":"woolworths","packageSize":"8.1g","cupPrice":"$9.26 / 10G","locations":{"ALL":{"price":7.5,"discountRate":50,"promo":"","orgPrice":15}},"categoryIds":["w-health-beauty"],"similarProducts":[]},{"id":"w-816703-9331880007904","name":"Mcobeauty False Lashes Pre-glued","brand":"Mcobeauty","imageUrls":["https://cdn0.woolworths.media/content/wowproductimages/large/816703.jpg"],"storeId":"woolworths","packageSize":"each","cupPrice":"$7.50 / 1EA","locations":{"ALL":{"price":7.5,"discountRate":50,"promo":"","orgPrice":15}},"categoryIds":["w-health-beauty"],"similarProducts":[]},{"id":"w-762192-9331880005085","name":"Mcobeauty Fatlash Mascara Black","brand":"Mcobeauty","imageUrls":["https://cdn0.woolworths.media/content/wowproductimages/large/762192.jpg"],"storeId":"woolworths","packageSize":"11ml","cupPrice":"$7.73 / 10ML","locations":{"ALL":{"price":8.5,"discountRate":50,"promo":"","orgPrice":17}},"categoryIds":["w-health-beauty"],"similarProducts":[]},{"id":"w-691800-9331880007065","name":"Mcobeauty Full Lash Mascara Waterproof","brand":"Mcobeauty","imageUrls":["https://cdn0.woolworths.media/content/wowproductimages/large/691800.jpg"],"storeId":"woolworths","packageSize":"15ml","cupPrice":"$5.67 / 10ML","locations":{"ALL":{"price":8.5,"discountRate":50,"promo":"","orgPrice":17}},"categoryIds":["w-health-beauty"],"similarProducts":[]},{"id":"w-94305-9331880010829","name":"Mcobeauty Hydrating Face Primer","brand":"Mcobeauty","imageUrls":["https://cdn0.woolworths.media/content/wowproductimages/large/094305.jpg"],"storeId":"woolworths","packageSize":"30ml","cupPrice":"$2.50 / 10ML","locations":{"ALL":{"price":7.5,"discountRate":50,"promo":"","orgPrice":15}},"categoryIds":["w-health-beauty"],"similarProducts":[]},{"id":"w-427850-9331880006006","name":"Mcobeauty Instant Brows Light To Medium Light To Medium","brand":"Mcobeauty","imageUrls":["https://cdn0.woolworths.media/content/wowproductimages/large/427850.jpg"],"storeId":"woolworths","packageSize":"1.5g","cupPrice":"$40.00 / 10G","locations":{"ALL":{"price":6,"discountRate":50,"promo":"","orgPrice":12}},"categoryIds":["w-health-beauty"],"similarProducts":[]},{"id":"w-78204-9331880010195","name":"Mcobeauty Instant Erase Concealer 02 Light","brand":"Mcobeauty","imageUrls":["https://cdn0.woolworths.media/content/wowproductimages/large/078204.jpg"],"storeId":"woolworths","packageSize":"6ml","cupPrice":"$13.33 / 10ML","locations":{"ALL":{"price":8,"discountRate":50,"promo":"","orgPrice":16}},"categoryIds":["w-health-beauty"],"similarProducts":[]},{"id":"w-77864-9331880010201","name":"Mcobeauty Instant Erase Concealer 03 Medium","brand":"Mcobeauty","imageUrls":["https://cdn0.woolworths.media/content/wowproductimages/large/077864.jpg"],"storeId":"woolworths","packageSize":"6ml","cupPrice":"$13.33 / 10ML","locations":{"ALL":{"price":8,"discountRate":50,"promo":"","orgPrice":16}},"categoryIds":["w-health-beauty"],"similarProducts":[]},{"id":"w-78085-9331880010171","name":"Mcobeauty Long Lasting Liquid Metallic Eyeshadow Luna","brand":"Mcobeauty","imageUrls":["https://cdn0.woolworths.media/content/wowproductimages/large/078085.jpg"],"storeId":"woolworths","packageSize":"8ml","cupPrice":"$9.38 / 10ML","locations":{"ALL":{"price":7.5,"discountRate":50,"promo":"","orgPrice":15}},"categoryIds":["w-health-beauty"],"similarProducts":[]},{"id":"w-476752-9331880006228","name":"Mcobeauty Long Lasting Pressed Powder Invisible Matte Translucent","brand":"Mcobeauty","imageUrls":["https://cdn0.woolworths.media/content/wowproductimages/large/476752.jpg"],"storeId":"woolworths","packageSize":"14.5g","cupPrice":"$4.31 / 10G","locations":{"ALL":{"price":6.25,"discountRate":50,"promo":"","orgPrice":12.5}},"categoryIds":["w-health-beauty"],"similarProducts":[]},{"id":"w-427871-9331880005399","name":"Mcobeauty Magic Makeup Blender","brand":"Mcobeauty","imageUrls":["https://cdn0.woolworths.media/content/wowproductimages/large/427871.jpg"],"storeId":"woolworths","packageSize":"each","cupPrice":"$0.00 / 0","locations":{"ALL":{"price":4.75,"discountRate":50,"promo":"","orgPrice":9.5}},"categoryIds":["w-health-beauty"],"similarProducts":[]},{"id":"w-78182-9331880010232","name":"Mcobeauty Matte Cream Lip Crayon Bliss","brand":"Mcobeauty","imageUrls":["https://cdn0.woolworths.media/content/wowproductimages/large/078182.jpg"],"storeId":"woolworths","packageSize":"2.8g","cupPrice":"$17.86 / 10G","locations":{"ALL":{"price":5,"discountRate":50,"promo":"","orgPrice":10}},"categoryIds":["w-health-beauty"],"similarProducts":[]},{"id":"w-78283-9331880010249","name":"Mcobeauty Matte Cream Lip Crayon Dream","brand":"Mcobeauty","imageUrls":["https://cdn0.woolworths.media/content/wowproductimages/large/078283.jpg"],"storeId":"woolworths","packageSize":"2.8g","cupPrice":"$17.86 / 10G","locations":{"ALL":{"price":5,"discountRate":50,"promo":"","orgPrice":10}},"categoryIds":["w-health-beauty"],"similarProducts":[]},{"id":"w-63950-9331880009403","name":"Mcobeauty Microfibre Velvet Sponge","brand":"Mcobeauty","imageUrls":["https://cdn0.woolworths.media/content/wowproductimages/large/063950.jpg"],"storeId":"woolworths","packageSize":"each","cupPrice":"$4.75 / 1EA","locations":{"ALL":{"price":4.75,"discountRate":50,"promo":"","orgPrice":9.5}},"categoryIds":["w-health-beauty"],"similarProducts":[]},{"id":"w-789174-9331880005726","name":"Mcobeauty More Brows - Medium To Dark Medium To Dark","brand":"Mcobeauty","imageUrls":["https://cdn0.woolworths.media/content/wowproductimages/large/789174.jpg"],"storeId":"woolworths","packageSize":"each","cupPrice":"$20.00 / 10ML","locations":{"ALL":{"price":7,"discountRate":50,"promo":"","orgPrice":14}},"categoryIds":["w-health-beauty"],"similarProducts":[]},{"id":"w-13772-9331880008871","name":"Mcobeauty Pre Glued False Lashes Luscious","brand":"Mcobeauty","imageUrls":["https://cdn0.woolworths.media/content/wowproductimages/large/013772.jpg"],"storeId":"woolworths","packageSize":"1ea","cupPrice":"$7.50 / 1EA","locations":{"ALL":{"price":7.5,"discountRate":50,"promo":"","orgPrice":15}},"categoryIds":["w-health-beauty"],"similarProducts":[]},{"id":"w-13783-9331880008888","name":"Mcobeauty Pre Glued False Lashes High Definition","brand":"Mcobeauty","imageUrls":["https://cdn0.woolworths.media/content/wowproductimages/large/013783.jpg"],"storeId":"woolworths","packageSize":"each","cupPrice":"$7.50 / 1EA","locations":{"ALL":{"price":7.5,"discountRate":50,"promo":"","orgPrice":15}},"categoryIds":["w-health-beauty"],"similarProducts":[]},{"id":"w-63861-9331880009342","name":"Mcobeauty Precision Brow Light Medium","brand":"Mcobeauty","imageUrls":["https://cdn0.woolworths.media/content/wowproductimages/large/063861.jpg"],"storeId":"woolworths","packageSize":"0.22g","cupPrice":"$272.73 / 10G","locations":{"ALL":{"price":6,"discountRate":50,"promo":"","orgPrice":12}},"categoryIds":["w-health-beauty"],"similarProducts":[]},{"id":"w-617706-9331880006433","name":"Mcobeauty Precision Brow Super Fine Liner","brand":"Mcobeauty","imageUrls":["https://cdn0.woolworths.media/content/wowproductimages/large/617706.jpg"],"storeId":"woolworths","packageSize":"0.22g","cupPrice":"$272.73 / 10G","locations":{"ALL":{"price":6,"discountRate":50,"promo":"","orgPrice":12}},"categoryIds":["w-health-beauty"],"similarProducts":[]},{"id":"w-12843-9331880008918","name":"Mcobeauty Rose Lip Balm","brand":"Mcobeauty","imageUrls":["https://cdn0.woolworths.media/content/wowproductimages/large/012843.jpg"],"storeId":"woolworths","packageSize":"15g","cupPrice":"$3.33 / 10G","locations":{"ALL":{"price":5,"discountRate":50,"promo":"","orgPrice":10}},"categoryIds":["w-health-beauty"],"similarProducts":[]},{"id":"w-78113-9331880010263","name":"Mcobeauty Sheer Lip Balm Peach","brand":"Mcobeauty","imageUrls":["https://cdn0.woolworths.media/content/wowproductimages/large/078113.jpg"],"storeId":"woolworths","packageSize":"15g","cupPrice":"$3.33 / 10G","locations":{"ALL":{"price":5,"discountRate":50,"promo":"","orgPrice":10}},"categoryIds":["w-health-beauty"],"similarProducts":[]},{"id":"w-63863-9331880009359","name":"Mcobeauty Tattoo Brow Medium Brown","brand":"Mcobeauty","imageUrls":["https://cdn0.woolworths.media/content/wowproductimages/large/063863.jpg"],"storeId":"woolworths","packageSize":"3.5ml","cupPrice":"$50.00 / 10ML","locations":{"ALL":{"price":7.5,"discountRate":50,"promo":"","orgPrice":15}},"categoryIds":["w-health-beauty"],"similarProducts":[]},{"id":"w-816093-9331880007850","name":"Mcobeauty Tattoo Eyebrow Microblading Ink Pen Light/medium","brand":"Mcobeauty","imageUrls":["https://cdn0.woolworths.media/content/wowproductimages/large/816093.jpg"],"storeId":"woolworths","packageSize":"1.5ml","cupPrice":"$50.00 / 10ML","locations":{"ALL":{"price":7.5,"discountRate":50,"promo":"","orgPrice":15}},"categoryIds":["w-health-beauty"],"similarProducts":[]},{"id":"w-816187-9331880007867","name":"Mcobeauty Tattoo Eyebrow Microblading Ink Pen Medium/dark","brand":"Mcobeauty","imageUrls":["https://cdn0.woolworths.media/content/wowproductimages/large/816187.jpg"],"storeId":"woolworths","packageSize":"1.5ml","cupPrice":"$50.00 / 10ML","locations":{"ALL":{"price":7.5,"discountRate":50,"promo":"","orgPrice":15}},"categoryIds":["w-health-beauty"],"similarProducts":[]},{"id":"w-12886-9331880008956","name":"Mcobeauty Ultra Curl Gloss Mascara","brand":"Mcobeauty","imageUrls":["https://cdn0.woolworths.media/content/wowproductimages/large/012886.jpg"],"storeId":"woolworths","packageSize":"12ml","cupPrice":"$7.08 / 10ML","locations":{"ALL":{"price":8.5,"discountRate":50,"promo":"","orgPrice":17}},"categoryIds":["w-health-beauty"],"similarProducts":[]},{"id":"w-94264-9331880010911","name":"Mcobeauty Ultra Stay Liquid Matte Dusty Mauve","brand":"Mcobeauty","imageUrls":["https://cdn0.woolworths.media/content/wowproductimages/large/094264.jpg"],"storeId":"woolworths","packageSize":"4.8ml","cupPrice":"$16.67 / 10ML","locations":{"ALL":{"price":8,"discountRate":50,"promo":"","orgPrice":16}},"categoryIds":["w-health-beauty"],"similarProducts":[]},{"id":"w-94137-9331880010898","name":"Mcobeauty Ultra Stay Liquid Matte Dusty Rose","brand":"Mcobeauty","imageUrls":["https://cdn0.woolworths.media/content/wowproductimages/large/094137.jpg"],"storeId":"woolworths","packageSize":"4.8ml","cupPrice":"$16.67 / 10ML","locations":{"ALL":{"price":8,"discountRate":50,"promo":"","orgPrice":16}},"categoryIds":["w-health-beauty"],"similarProducts":[]},{"id":"w-63893-9331880009397","name":"Mcobeauty Waterproof Eye Define Crayon Liner Brown","brand":"Mcobeauty","imageUrls":["https://cdn0.woolworths.media/content/wowproductimages/large/063893.jpg"],"storeId":"woolworths","packageSize":"0.3g","cupPrice":"$166.67 / 10G","locations":{"ALL":{"price":5,"discountRate":50,"promo":"","orgPrice":10}},"categoryIds":["w-health-beauty"],"similarProducts":[]},{"id":"w-674267-9331880006983","name":"Mcobeauty Waterproof Eye Define Liner","brand":"Mcobeauty","imageUrls":["https://cdn0.woolworths.media/content/wowproductimages/large/674267.jpg"],"storeId":"woolworths","packageSize":"1.8g","cupPrice":"$27.78 / 10G","locations":{"ALL":{"price":5,"discountRate":50,"promo":"","orgPrice":10}},"categoryIds":["w-health-beauty"],"similarProducts":[]},{"id":"w-691812-9331880007591","name":"Mcobeauty Wing Stamp & Liquid Liner Duo","brand":"Mcobeauty","imageUrls":["https://cdn0.woolworths.media/content/wowproductimages/large/691812.jpg"],"storeId":"woolworths","packageSize":"3ml","cupPrice":"$23.33 / 10ML","locations":{"ALL":{"price":7,"discountRate":50,"promo":"","orgPrice":14}},"categoryIds":["w-health-beauty"],"similarProducts":[]},{"id":"w-763392-9331880005214","name":"Mcobeauty Xtendlash","brand":"Mcobeauty","imageUrls":["https://cdn0.woolworths.media/content/wowproductimages/large/763392.jpg"],"storeId":"woolworths","packageSize":"each","cupPrice":"$12.14 / 10ML","locations":{"ALL":{"price":8.5,"discountRate":50,"promo":"","orgPrice":17}},"categoryIds":["w-health-beauty"],"similarProducts":[]},{"id":"w-76177-817939018569","name":"Method Body Wash Energy Boost","brand":"Method","imageUrls":["https://cdn0.woolworths.media/content/wowproductimages/large/076177.jpg"],"storeId":"woolworths","packageSize":"532ml","cupPrice":"$0.75 / 100ML","locations":{"ALL":{"price":4,"discountRate":50,"promo":"","orgPrice":8}},"categoryIds":["w-health-beauty"],"similarProducts":[]},{"id":"w-76178-817939018552","name":"Method Body Wash Pure Peace","brand":"Method","imageUrls":["https://cdn0.woolworths.media/content/wowproductimages/large/076178.jpg"],"storeId":"woolworths","packageSize":"532ml","cupPrice":"$0.75 / 100ML","locations":{"ALL":{"price":4,"discountRate":50,"promo":"","orgPrice":8}},"categoryIds":["w-health-beauty"],"similarProducts":[]},{"id":"w-76261-817939018576","name":"Method Body Wash Simply Nourish","brand":"Method","imageUrls":["https://cdn0.woolworths.media/content/wowproductimages/large/076261.jpg"],"storeId":"woolworths","packageSize":"532ml","cupPrice":"$0.75 / 100ML","locations":{"ALL":{"price":4,"discountRate":50,"promo":"","orgPrice":8}},"categoryIds":["w-health-beauty"],"similarProducts":[]},{"id":"w-205356-9316090037200","name":"Nature's Own Calcium, Magnesium & Vitamin D3 Tablets","brand":"Nature's Own","imageUrls":["https://cdn0.woolworths.media/content/wowproductimages/large/205356.jpg"],"storeId":"woolworths","packageSize":"120 pack","cupPrice":"$7.50 / 100EA","locations":{"ALL":{"price":9,"discountRate":50,"promo":"","orgPrice":18}},"categoryIds":["w-health-beauty"],"similarProducts":[]},{"id":"w-725097-9316090016175","name":"Nature's Own Complete Sleep Advanced Tablets","brand":"Nature's Own","imageUrls":["https://cdn0.woolworths.media/content/wowproductimages/large/725097.jpg"],"storeId":"woolworths","packageSize":"30 pack","cupPrice":"$34.17 / 100EA","locations":{"ALL":{"price":10.25,"discountRate":50,"promo":"","orgPrice":20.5}},"categoryIds":["w-health-beauty"],"similarProducts":[]},{"id":"w-780031-9316090017370","name":"Nature's Own Double Strength Cold Sore Relief Tablets","brand":"Nature's Own","imageUrls":["https://cdn0.woolworths.media/content/wowproductimages/large/780031.jpg"],"storeId":"woolworths","packageSize":"50 pack","cupPrice":"$12.00 / 100EA","locations":{"ALL":{"price":6,"discountRate":50,"promo":"","orgPrice":12}},"categoryIds":["w-health-beauty"],"similarProducts":[]},{"id":"w-640812-9316090019176","name":"Nature's Own Glucosamine Sulfate 1500 Tablets","brand":"Nature's Own","imageUrls":["https://cdn0.woolworths.media/content/wowproductimages/large/640812.jpg"],"storeId":"woolworths","packageSize":"120 pack","cupPrice":"$12.50 / 100EA","locations":{"ALL":{"price":15,"discountRate":50,"promo":"","orgPrice":30}},"categoryIds":["w-health-beauty"],"similarProducts":[]},{"id":"w-640769-9316090019206","name":"Nature's Own Glucosamine Sulfate 1500 With Chondroitin Tablets","brand":"Nature's Own","imageUrls":["https://cdn0.woolworths.media/content/wowproductimages/large/640769.jpg"],"storeId":"woolworths","packageSize":"100 pack","cupPrice":"$15.00 / 100EA","locations":{"ALL":{"price":15,"discountRate":50,"promo":"","orgPrice":30}},"categoryIds":["w-health-beauty"],"similarProducts":[]},{"id":"w-205300-9316090023906","name":"Nature's Own High Strength Vitamin B12 1000mcg Tablets","brand":"Nature's Own","imageUrls":["https://cdn0.woolworths.media/content/wowproductimages/large/205300.jpg"],"storeId":"woolworths","packageSize":"60 pack","cupPrice":"$12.50 / 100EA","locations":{"ALL":{"price":7.5,"discountRate":50,"promo":"","orgPrice":15}},"categoryIds":["w-health-beauty"],"similarProducts":[]},{"id":"w-205353-9316090038504","name":"Nature's Own Magnesium Chelate 500mg Capsules","brand":"Nature's Own","imageUrls":["https://cdn0.woolworths.media/content/wowproductimages/large/205353.jpg"],"storeId":"woolworths","packageSize":"75 pack","cupPrice":"$8.00 / 100EA","locations":{"ALL":{"price":6,"discountRate":50,"promo":"","orgPrice":12}},"categoryIds":["w-health-beauty"],"similarProducts":[]},{"id":"w-678247-9316090019169","name":"Nature's Own Super B Complex Tablets","brand":"Nature's Own","imageUrls":["https://cdn0.woolworths.media/content/wowproductimages/large/678247.jpg"],"storeId":"woolworths","packageSize":"75 pack","cupPrice":"$18.00 / 100EA","locations":{"ALL":{"price":13.5,"discountRate":50,"promo":"","orgPrice":27}},"categoryIds":["w-health-beauty"],"similarProducts":[]},{"id":"w-827709-9316090016762","name":"Nature's Own Triple Strength Garlic + C, Horseradish Tablets","brand":"Nature's Own","imageUrls":["https://cdn0.woolworths.media/content/wowproductimages/large/827709.jpg"],"storeId":"woolworths","packageSize":"60 pack","cupPrice":"$16.67 / 100EA","locations":{"ALL":{"price":10,"discountRate":50,"promo":"","orgPrice":20}},"categoryIds":["w-health-beauty"],"similarProducts":[]},{"id":"w-678276-9316090019121","name":"Nature's Own Vitamin B3 500mg Tablets","brand":"Nature's Own","imageUrls":["https://cdn0.woolworths.media/content/wowproductimages/large/678276.jpg"],"storeId":"woolworths","packageSize":"60 pack","cupPrice":"$10.00 / 100EA","locations":{"ALL":{"price":6,"discountRate":50,"promo":"","orgPrice":12}},"categoryIds":["w-health-beauty"],"similarProducts":[]},{"id":"w-531547-9314807052225","name":"Nature's Way Activated Curcumin","brand":"Nature's Way","imageUrls":["https://cdn0.woolworths.media/content/wowproductimages/large/531547.jpg"],"storeId":"woolworths","packageSize":"30 pack","cupPrice":"$45.00 / 100EA","locations":{"ALL":{"price":13.5,"discountRate":50,"promo":"","orgPrice":27}},"categoryIds":["w-health-beauty"],"similarProducts":[]},{"id":"w-86555-9314807069001","name":"Nature's Way Adult Vita Gummies Probiotic & Prebiotic Sugar Free","brand":"Nature's Way","imageUrls":["https://cdn0.woolworths.media/content/wowproductimages/large/086555.jpg"],"storeId":"woolworths","packageSize":"65 pack","cupPrice":"$15.38 / 100EA","locations":{"ALL":{"price":10,"discountRate":50,"promo":"","orgPrice":20}},"categoryIds":["w-health-beauty"],"similarProducts":[]},{"id":"w-376268-9314807024697","name":"Nature's Way Advanced Omega Triple Strength Fish Oil","brand":"Nature's Way","imageUrls":["https://cdn0.woolworths.media/content/wowproductimages/large/376268.jpg"],"storeId":"woolworths","packageSize":"60 pack","cupPrice":"$16.67 / 100EA","locations":{"ALL":{"price":10,"discountRate":50,"promo":"","orgPrice":20}},"categoryIds":["w-health-beauty"],"similarProducts":[]},{"id":"w-17963-9314807064983","name":"Nature's Way Apple Cider Vinegar Diet Tablets","brand":"Nature's Way","imageUrls":["https://cdn0.woolworths.media/content/wowproductimages/large/017963.jpg"],"storeId":"woolworths","packageSize":"60 pack","cupPrice":"$25.00 / 100EA","locations":{"ALL":{"price":15,"discountRate":50,"promo":"","orgPrice":30}},"categoryIds":["w-health-beauty"],"similarProducts":[]},{"id":"w-85116-9314807068790","name":"Nature's Way Apple Cider Vinegar Gummies","brand":"Nature's Way","imageUrls":["https://cdn0.woolworths.media/content/wowproductimages/large/085116.jpg"],"storeId":"woolworths","packageSize":"65 pack","cupPrice":"$15.38 / 100EA","locations":{"ALL":{"price":10,"discountRate":50,"promo":"","orgPrice":20}},"categoryIds":["w-health-beauty"],"similarProducts":[]},{"id":"w-531548-9314807052232","name":"Nature's Way Beauty Collagen Gummies","brand":"Nature's Way","imageUrls":["https://cdn0.woolworths.media/content/wowproductimages/large/531548.jpg"],"storeId":"woolworths","packageSize":"40 pack","cupPrice":"$25.00 / 100EA","locations":{"ALL":{"price":10,"discountRate":50,"promo":"","orgPrice":20}},"categoryIds":["w-health-beauty"],"similarProducts":[]},{"id":"w-58910-9314807053956","name":"Nature's Way Beauty Collagen Liquid Apple Flavoured","brand":"Nature's Way","imageUrls":["https://cdn0.woolworths.media/content/wowproductimages/large/058910.jpg"],"storeId":"woolworths","packageSize":"500ml","cupPrice":"$3.00 / 100ML","locations":{"ALL":{"price":15,"discountRate":50,"promo":"","orgPrice":30}},"categoryIds":["w-health-beauty"],"similarProducts":[]},{"id":"w-642324-9314807052249","name":"Nature's Way Beauty Collagen Tablets","brand":"Nature's Way","imageUrls":["https://cdn0.woolworths.media/content/wowproductimages/large/642324.jpg"],"storeId":"woolworths","packageSize":"60 pack","cupPrice":"$25.00 / 100EA","locations":{"ALL":{"price":15,"discountRate":50,"promo":"","orgPrice":30}},"categoryIds":["w-health-beauty"],"similarProducts":[]},{"id":"w-57286-9314807068073","name":"Nature's Way Beauty Collagn Mature Skin Tablets","brand":"Nature's Way","imageUrls":["https://cdn0.woolworths.media/content/wowproductimages/large/057286.jpg"],"storeId":"woolworths","packageSize":"60 pack","cupPrice":"$29.17 / 100EA","locations":{"ALL":{"price":17.5,"discountRate":50,"promo":"","orgPrice":35}},"categoryIds":["w-health-beauty"],"similarProducts":[]},{"id":"w-192546-9314807008062","name":"Nature's Way Complete Daily Multivitamin Tablets","brand":"Nature's Way","imageUrls":["https://cdn0.woolworths.media/content/wowproductimages/large/192546.jpg"],"storeId":"woolworths","packageSize":"200 pack","cupPrice":"$3.75 / 100EA","locations":{"ALL":{"price":7.5,"discountRate":50,"promo":"","orgPrice":15}},"categoryIds":["w-health-beauty"],"similarProducts":[]},{"id":"w-826881-9314807048471","name":"Nature's Way Coq10 150mg","brand":"Nature's Way","imageUrls":["https://cdn0.woolworths.media/content/wowproductimages/large/826881.jpg"],"storeId":"woolworths","packageSize":"60 pack","cupPrice":"$25.00 / 100EA","locations":{"ALL":{"price":15,"discountRate":50,"promo":"","orgPrice":30}},"categoryIds":["w-health-beauty"],"similarProducts":[]},{"id":"w-815335-9314807066062","name":"Nature's Way Daily Immunity With Vitamin C & Zinc & Echinacea","brand":"Nature's Way","imageUrls":["https://cdn0.woolworths.media/content/wowproductimages/large/815335.jpg"],"storeId":"woolworths","packageSize":"100 pack","cupPrice":"$10.00 / 100EA","locations":{"ALL":{"price":10,"discountRate":50,"promo":"","orgPrice":20}},"categoryIds":["w-health-beauty"],"similarProducts":[]},{"id":"w-642323-9314807050009","name":"Nature's Way Daily Probiotic Capsules","brand":"Nature's Way","imageUrls":["https://cdn0.woolworths.media/content/wowproductimages/large/642323.jpg"],"storeId":"woolworths","packageSize":"30 pack","cupPrice":"$25.00 / 100EA","locations":{"ALL":{"price":7.5,"discountRate":50,"promo":"","orgPrice":15}},"categoryIds":["w-health-beauty"],"similarProducts":[]},{"id":"w-306795-9314807048051","name":"Nature's Way Glucosamine Tablets 1500mg","brand":"Nature's Way","imageUrls":["https://cdn0.woolworths.media/content/wowproductimages/large/306795.jpg"],"storeId":"woolworths","packageSize":"180 pack","cupPrice":"$11.11 / 100EA","locations":{"ALL":{"price":20,"discountRate":50,"promo":"","orgPrice":40}},"categoryIds":["w-health-beauty"],"similarProducts":[]},{"id":"w-57288-9314807068097","name":"Nature's Way Hair Growth Tablets","brand":"Nature's Way","imageUrls":["https://cdn0.woolworths.media/content/wowproductimages/large/057288.jpg"],"storeId":"woolworths","packageSize":"30 pack","cupPrice":"$33.33 / 100EA","locations":{"ALL":{"price":10,"discountRate":50,"promo":"","orgPrice":20}},"categoryIds":["w-health-beauty"],"similarProducts":[]},{"id":"w-775441-9314807063900","name":"Nature's Way Hemp Oil 100% Pure 1000mg","brand":"Nature's Way","imageUrls":["https://cdn0.woolworths.media/content/wowproductimages/large/775441.jpg"],"storeId":"woolworths","packageSize":"60 capsules","cupPrice":"$16.67 / 100EA","locations":{"ALL":{"price":10,"discountRate":50,"promo":"","orgPrice":20}},"categoryIds":["w-health-beauty"],"similarProducts":[]},{"id":"w-169114-9314807007379","name":"Nature's Way Immunity Defense Garlic & Horseradish Tablets","brand":"Nature's Way","imageUrls":["https://cdn0.woolworths.media/content/wowproductimages/large/169114.jpg"],"storeId":"woolworths","packageSize":"200 pack","cupPrice":"$5.00 / 100EA","locations":{"ALL":{"price":10,"discountRate":50,"promo":"","orgPrice":20}},"categoryIds":["w-health-beauty"],"similarProducts":[]},{"id":"w-725414-9314807026370","name":"Nature's Way Joint Health Osteo Krill","brand":"Nature's Way","imageUrls":["https://cdn0.woolworths.media/content/wowproductimages/large/725414.jpg"],"storeId":"woolworths","packageSize":"50 pack","cupPrice":"$30.00 / 100EA","locations":{"ALL":{"price":15,"discountRate":50,"promo":"","orgPrice":30}},"categoryIds":["w-health-beauty"],"similarProducts":[]},{"id":"w-324685-9314807021481","name":"Nature's Way Joint Restore Triple Action","brand":"Nature's Way","imageUrls":["https://cdn0.woolworths.media/content/wowproductimages/large/324685.jpg"],"storeId":"woolworths","packageSize":"60 pack","cupPrice":"$22.92 / 100EA","locations":{"ALL":{"price":13.75,"discountRate":50,"promo":"","orgPrice":27.5}},"categoryIds":["w-health-beauty"],"similarProducts":[]},{"id":"w-345773-9314807021474","name":"Nature's Way Kids Smart Complete","brand":"Nature's Way","imageUrls":["https://cdn0.woolworths.media/content/wowproductimages/large/345773.jpg"],"storeId":"woolworths","packageSize":"50 pack","cupPrice":"$19.00 / 100EA","locations":{"ALL":{"price":9.5,"discountRate":50,"promo":"","orgPrice":19}},"categoryIds":["w-health-beauty"],"similarProducts":[]},{"id":"w-57342-9314807066178","name":"Nature's Way Kids Multi Plus Probiotics Chewable Tablets","brand":"Nature's Way","imageUrls":["https://cdn0.woolworths.media/content/wowproductimages/large/057342.jpg"],"storeId":"woolworths","packageSize":"50 pack","cupPrice":"$19.00 / 100EA","locations":{"ALL":{"price":9.5,"discountRate":50,"promo":"","orgPrice":19}},"categoryIds":["w-health-beauty"],"similarProducts":[]},{"id":"w-775078-9314807064655","name":"Nature's Way Kids Omega-3 Fish Oil Smart Trio","brand":"Nature's Way","imageUrls":["https://cdn0.woolworths.media/content/wowproductimages/large/775078.jpg"],"storeId":"woolworths","packageSize":"60 capsules","cupPrice":"$16.67 / 100EA","locations":{"ALL":{"price":10,"discountRate":50,"promo":"","orgPrice":20}},"categoryIds":["w-health-beauty"],"similarProducts":[]},{"id":"w-705869-9314807025267","name":"Nature's Way Kids Smart Vita-gummies Calcium","brand":"Nature's Way","imageUrls":["https://cdn0.woolworths.media/content/wowproductimages/large/705869.jpg"],"storeId":"woolworths","packageSize":"60 pack","cupPrice":"$12.50 / 100EA","locations":{"ALL":{"price":7.5,"discountRate":50,"promo":"","orgPrice":15}},"categoryIds":["w-health-beauty"],"similarProducts":[]},{"id":"w-572117-9314807056742","name":"Nature's Way Kids Smart Triple Strength Dha","brand":"Nature's Way","imageUrls":["https://cdn0.woolworths.media/content/wowproductimages/large/572117.jpg"],"storeId":"woolworths","packageSize":"50 pack","cupPrice":"$22.00 / 100EA","locations":{"ALL":{"price":11,"discountRate":50,"promo":"","orgPrice":22}},"categoryIds":["w-health-beauty"],"similarProducts":[]},{"id":"w-57337-9314807064723","name":"Nature's Way Kids Smart Immunity Chewable Tablets","brand":"Nature's Way","imageUrls":["https://cdn0.woolworths.media/content/wowproductimages/large/057337.jpg"],"storeId":"woolworths","packageSize":"50 pack","cupPrice":"$15.00 / 100EA","locations":{"ALL":{"price":7.5,"discountRate":50,"promo":"","orgPrice":15}},"categoryIds":["w-health-beauty"],"similarProducts":[]},{"id":"w-57335-9314807063061","name":"Nature's Way Kids Smart Iron Chewable Tablets","brand":"Nature's Way","imageUrls":["https://cdn0.woolworths.media/content/wowproductimages/large/057335.jpg"],"storeId":"woolworths","packageSize":"50 pack","cupPrice":"$15.00 / 100EA","locations":{"ALL":{"price":7.5,"discountRate":50,"promo":"","orgPrice":15}},"categoryIds":["w-health-beauty"],"similarProducts":[]},{"id":"w-57343-9314807067694","name":"Nature's Way Kids Smart Vita Gummies Vitamin C Plus Zinc","brand":"Nature's Way","imageUrls":["https://cdn0.woolworths.media/content/wowproductimages/large/057343.jpg"],"storeId":"woolworths","packageSize":"120 pack","cupPrice":"$10.83 / 100EA","locations":{"ALL":{"price":13,"discountRate":50,"promo":"","orgPrice":26}},"categoryIds":["w-health-beauty"],"similarProducts":[]},{"id":"w-674888-9314807062354","name":"Nature's Way Kids Smart Vita-gummies Sugar Free Multi Trio","brand":"Nature's Way","imageUrls":["https://cdn0.woolworths.media/content/wowproductimages/large/674888.jpg"],"storeId":"woolworths","packageSize":"75 pack","cupPrice":"$13.33 / 100EA","locations":{"ALL":{"price":10,"discountRate":50,"promo":"","orgPrice":20}},"categoryIds":["w-health-beauty"],"similarProducts":[]},{"id":"w-674886-9314807062903","name":"Nature's Way Magnesium + Calcium","brand":"Nature's Way","imageUrls":["https://cdn0.woolworths.media/content/wowproductimages/large/674886.jpg"],"storeId":"woolworths","packageSize":"90 pack","cupPrice":"$11.11 / 100EA","locations":{"ALL":{"price":10,"discountRate":50,"promo":"","orgPrice":20}},"categoryIds":["w-health-beauty"],"similarProducts":[]},{"id":"w-642322-9314807051617","name":"Nature's Way Magnesium Chelate Tablets 1000mg","brand":"Nature's Way","imageUrls":["https://cdn0.woolworths.media/content/wowproductimages/large/642322.jpg"],"storeId":"woolworths","packageSize":"100 pack","cupPrice":"$12.50 / 100EA","locations":{"ALL":{"price":12.5,"discountRate":50,"promo":"","orgPrice":25}},"categoryIds":["w-health-beauty"],"similarProducts":[]},{"id":"w-815337-9314807066154","name":"Nature's Way Melatonin+ With Chamomile & Passionflower","brand":"Nature's Way","imageUrls":["https://cdn0.woolworths.media/content/wowproductimages/large/815337.jpg"],"storeId":"woolworths","packageSize":"60 pack","cupPrice":"$16.67 / 100EA","locations":{"ALL":{"price":10,"discountRate":50,"promo":"","orgPrice":20}},"categoryIds":["w-health-beauty"],"similarProducts":[]},{"id":"w-169204-9314807007225","name":"Nature's Way Protein Powder Chocolate","brand":"Nature's Way","imageUrls":["https://cdn0.woolworths.media/content/wowproductimages/large/169204.jpg"],"storeId":"woolworths","packageSize":"375g","cupPrice":"$2.80 / 100G","locations":{"ALL":{"price":10.5,"discountRate":50,"promo":"","orgPrice":21}},"categoryIds":["w-health-beauty"],"similarProducts":[]},{"id":"w-7821-9310041209098","name":"Nature's Way Protein Powder Instant Natural","brand":"Nature's Way","imageUrls":["https://cdn0.woolworths.media/content/wowproductimages/large/007821.jpg"],"storeId":"woolworths","packageSize":"375g","cupPrice":"$2.80 / 100G","locations":{"ALL":{"price":10.5,"discountRate":50,"promo":"","orgPrice":21}},"categoryIds":["w-health-beauty"],"similarProducts":[]},{"id":"w-711581-9314807025540","name":"Nature's Way Restore Daily Probiotic Chocballs","brand":"Nature's Way","imageUrls":["https://cdn0.woolworths.media/content/wowproductimages/large/711581.jpg"],"storeId":"woolworths","packageSize":"60 pack","cupPrice":"$16.67 / 100EA","locations":{"ALL":{"price":10,"discountRate":50,"promo":"","orgPrice":20}},"categoryIds":["w-health-beauty"],"similarProducts":[]},{"id":"w-780065-9314807043049","name":"Nature's Way Restore Probiotic 30 Billion","brand":"Nature's Way","imageUrls":["https://cdn0.woolworths.media/content/wowproductimages/large/780065.jpg"],"storeId":"woolworths","packageSize":"30 pack","cupPrice":"$46.67 / 100EA","locations":{"ALL":{"price":14,"discountRate":50,"promo":"","orgPrice":28}},"categoryIds":["w-health-beauty"],"similarProducts":[]},{"id":"w-57324-9314807068233","name":"Nature's Way Restore Complete Gut Formula Adult","brand":"Nature's Way","imageUrls":["https://cdn0.woolworths.media/content/wowproductimages/large/057324.jpg"],"storeId":"woolworths","packageSize":"30 pack","cupPrice":"$66.67 / 100EA","locations":{"ALL":{"price":20,"discountRate":50,"promo":"","orgPrice":40}},"categoryIds":["w-health-beauty"],"similarProducts":[]},{"id":"w-57311-9314807068240","name":"Nature's Way Restore Complete Gut Formula Child","brand":"Nature's Way","imageUrls":["https://cdn0.woolworths.media/content/wowproductimages/large/057311.jpg"],"storeId":"woolworths","packageSize":"30 pack","cupPrice":"$66.67 / 100EA","locations":{"ALL":{"price":20,"discountRate":50,"promo":"","orgPrice":40}},"categoryIds":["w-health-beauty"],"similarProducts":[]},{"id":"w-360043-9314807022815","name":"Nature's Way Restore Daily Probiotic Capsules","brand":"Nature's Way","imageUrls":["https://cdn0.woolworths.media/content/wowproductimages/large/360043.jpg"],"storeId":"woolworths","packageSize":"28 pack","cupPrice":"$35.71 / 100EA","locations":{"ALL":{"price":10,"discountRate":50,"promo":"","orgPrice":20}},"categoryIds":["w-health-beauty"],"similarProducts":[]},{"id":"w-780054-9314807041793","name":"Nature's Way Restore Probiotic Daily Health & Prebiotic","brand":"Nature's Way","imageUrls":["https://cdn0.woolworths.media/content/wowproductimages/large/780054.jpg"],"storeId":"woolworths","packageSize":"90 pack","cupPrice":"$26.39 / 100EA","locations":{"ALL":{"price":23.75,"discountRate":50,"promo":"","orgPrice":47.5}},"categoryIds":["w-health-beauty"],"similarProducts":[]},{"id":"w-57310-9314807066260","name":"Nature's Way Rosehip & Collagen Tablets","brand":"Nature's Way","imageUrls":["https://cdn0.woolworths.media/content/wowproductimages/large/057310.jpg"],"storeId":"woolworths","packageSize":"60 pack","cupPrice":"$25.00 / 100EA","locations":{"ALL":{"price":15,"discountRate":50,"promo":"","orgPrice":30}},"categoryIds":["w-health-beauty"],"similarProducts":[]},{"id":"w-57331-9314807066222","name":"Nature's Way Sugar Free Adult Gummies Calcium","brand":"Nature's Way","imageUrls":["https://cdn0.woolworths.media/content/wowproductimages/large/057331.jpg"],"storeId":"woolworths","packageSize":"65 pack","cupPrice":"$15.38 / 100EA","locations":{"ALL":{"price":10,"discountRate":50,"promo":"","orgPrice":20}},"categoryIds":["w-health-beauty"],"similarProducts":[]},{"id":"w-674889-9314807061678","name":"Nature's Way Super Foods Apple Cider Vinegar","brand":"Nature's Way","imageUrls":["https://cdn0.woolworths.media/content/wowproductimages/large/674889.jpg"],"storeId":"woolworths","packageSize":"60pk","cupPrice":"$13.33 / 100EA","locations":{"ALL":{"price":8,"discountRate":50,"promo":"","orgPrice":16}},"categoryIds":["w-health-beauty"],"similarProducts":[]},{"id":"w-674887-9314807062569","name":"Nature's Way Super Foods Collagen Turmeric","brand":"Nature's Way","imageUrls":["https://cdn0.woolworths.media/content/wowproductimages/large/674887.jpg"],"storeId":"woolworths","packageSize":"60 pack","cupPrice":"$16.67 / 100EA","locations":{"ALL":{"price":10,"discountRate":50,"promo":"","orgPrice":20}},"categoryIds":["w-health-beauty"],"similarProducts":[]},{"id":"w-86789-9314807068738","name":"Nature's Way Triple Action Joint Restore Powder Lemon Flavour","brand":"Nature's Way","imageUrls":["https://cdn0.woolworths.media/content/wowproductimages/large/086789.jpg"],"storeId":"woolworths","packageSize":"150g","cupPrice":"$11.67 / 100G","locations":{"ALL":{"price":17.5,"discountRate":50,"promo":"","orgPrice":35}},"categoryIds":["w-health-beauty"],"similarProducts":[]},{"id":"w-376791-9314807023973","name":"Nature's Way True Odourless High Strength Fish Oil 1500mg","brand":"Nature's Way","imageUrls":["https://cdn0.woolworths.media/content/wowproductimages/large/376791.jpg"],"storeId":"woolworths","packageSize":"400 pack","cupPrice":"$4.38 / 100EA","locations":{"ALL":{"price":17.5,"discountRate":50,"promo":"","orgPrice":35}},"categoryIds":["w-health-beauty"],"similarProducts":[]},{"id":"w-826884-9314807046392","name":"Nature's Way Vitagummies Mens Multivitamin","brand":"Nature's Way","imageUrls":["https://cdn0.woolworths.media/content/wowproductimages/large/826884.jpg"],"storeId":"woolworths","packageSize":"100 pack","cupPrice":"$10.00 / 100EA","locations":{"ALL":{"price":10,"discountRate":50,"promo":"","orgPrice":20}},"categoryIds":["w-health-beauty"],"similarProducts":[]},{"id":"w-192538-9314807008048","name":"Nature's Way Vitamin B Energy Boost Tablets","brand":"Nature's Way","imageUrls":["https://cdn0.woolworths.media/content/wowproductimages/large/192538.jpg"],"storeId":"woolworths","packageSize":"200 pack","cupPrice":"$4.68 / 100EA","locations":{"ALL":{"price":9.35,"discountRate":50,"promo":"","orgPrice":18.7}},"categoryIds":["w-health-beauty"],"similarProducts":[]},{"id":"w-146378-9314807006709","name":"Nature's Way Vitamin C Orange 500mg","brand":"Nature's Way","imageUrls":["https://cdn0.woolworths.media/content/wowproductimages/large/146378.jpg"],"storeId":"woolworths","packageSize":"300 pack","cupPrice":"$2.50 / 100EA","locations":{"ALL":{"price":7.5,"discountRate":50,"promo":"","orgPrice":15}},"categoryIds":["w-health-beauty"],"similarProducts":[]},{"id":"w-566520-9314807058579","name":"Nature's Way Activated Curcumin Turmeric Concentrate Joint Ease","brand":"Nature's Way","imageUrls":["https://cdn0.woolworths.media/content/wowproductimages/large/566520.jpg"],"storeId":"woolworths","packageSize":"50 pack","cupPrice":"$36.00 / 100EA","locations":{"ALL":{"price":18,"discountRate":50,"promo":"","orgPrice":36}},"categoryIds":["w-health-beauty"],"similarProducts":[]},{"id":"w-725423-9314807025458","name":"Nature's Way Kids Smart Probiotic Choc Balls","brand":"Nature's Way","imageUrls":["https://cdn0.woolworths.media/content/wowproductimages/large/725423.jpg"],"storeId":"woolworths","packageSize":"50 pack","cupPrice":"$15.94 / 100EA","locations":{"ALL":{"price":7.97,"discountRate":50,"promo":"","orgPrice":15.95}},"categoryIds":["w-health-beauty"],"similarProducts":[]},{"id":"w-57346-9325740029854","name":"Naturopathica Clear Skin Active Acne Relief Capsules","brand":"Naturopathica","imageUrls":["https://cdn0.woolworths.media/content/wowproductimages/large/057346.jpg"],"storeId":"woolworths","packageSize":"30 pack","cupPrice":"$43.33 / 100EA","locations":{"ALL":{"price":13,"discountRate":50,"promo":"","orgPrice":26}},"categoryIds":["w-health-beauty"],"similarProducts":[]},{"id":"w-627673-9325740029335","name":"Naturopathica Fat Blaster Raspberry Shake","brand":"Naturopathica","imageUrls":["https://cdn0.woolworths.media/content/wowproductimages/large/627673.jpg"],"storeId":"woolworths","packageSize":"430g","cupPrice":"$2.33 / 100G","locations":{"ALL":{"price":10,"discountRate":50,"promo":"","orgPrice":20}},"categoryIds":["w-health-beauty"],"similarProducts":[]},{"id":"w-51646-4005900662446","name":"Nivea Aloe Vera Moisture Fresh Shower Gel & Body Wash","brand":"Nivea","imageUrls":["https://cdn0.woolworths.media/content/wowproductimages/large/051646.jpg"],"storeId":"woolworths","packageSize":"1l","cupPrice":"$0.69 / 100ML","locations":{"ALL":{"price":6.85,"discountRate":50,"promo":"","orgPrice":13.7}},"categoryIds":["w-health-beauty"],"similarProducts":[{"productId":"nivea-rich-moisture-shower-gel","storeId":"coles"}]},{"id":"w-694039-4005900536679","name":"Nivea Coconut Indulgent Moisture Shower Gel & Body Wash","brand":"Nivea","imageUrls":["https://cdn0.woolworths.media/content/wowproductimages/large/694039.jpg"],"storeId":"woolworths","packageSize":"1l","cupPrice":"$0.69 / 100ML","locations":{"ALL":{"price":6.85,"discountRate":50,"promo":"","orgPrice":13.7}},"categoryIds":["w-health-beauty"],"similarProducts":[{"productId":"nivea-shower-indulgent-moisture-coconut","storeId":"coles"}]},{"id":"w-700173-4005900536686","name":"Nivea Indulgent Honey Shower Gel & Body Wash","brand":"Nivea","imageUrls":["https://cdn0.woolworths.media/content/wowproductimages/large/700173.jpg"],"storeId":"woolworths","packageSize":"1l","cupPrice":"$0.69 / 100ML","locations":{"ALL":{"price":6.85,"discountRate":50,"promo":"","orgPrice":13.7}},"categoryIds":["w-health-beauty"],"similarProducts":[]},{"id":"w-694036-4005900536662","name":"Nivea Rich Moisture Soft Shower Gel & Body Wash","brand":"Nivea","imageUrls":["https://cdn0.woolworths.media/content/wowproductimages/large/694036.jpg"],"storeId":"woolworths","packageSize":"1l","cupPrice":"$0.69 / 100ML","locations":{"ALL":{"price":6.85,"discountRate":50,"promo":"","orgPrice":13.7}},"categoryIds":["w-health-beauty"],"similarProducts":[{"productId":"nivea-shower-indulgent-moisture-soft","storeId":"coles"}]},{"id":"w-76024-9314807067786","name":"Norsca 0% Aluminium Antiperspirant Refreshing Vetiver Deodorant","brand":"Norsca","imageUrls":["https://cdn0.woolworths.media/content/wowproductimages/large/076024.jpg"],"storeId":"woolworths","packageSize":"245ml","cupPrice":"$2.67 / 100G","locations":{"ALL":{"price":4,"discountRate":50,"promo":"","orgPrice":8}},"categoryIds":["w-health-beauty"],"similarProducts":[]},{"id":"w-77192-9314807067779","name":"Norsca 0% Aluminium Antiperspirant Rosewater & Lotus Deodorant","brand":"Norsca","imageUrls":["https://cdn0.woolworths.media/content/wowproductimages/large/077192.jpg"],"storeId":"woolworths","packageSize":"245ml","cupPrice":"$2.67 / 100G","locations":{"ALL":{"price":4,"discountRate":50,"promo":"","orgPrice":8}},"categoryIds":["w-health-beauty"],"similarProducts":[]},{"id":"w-75705-93549882","name":"Norsca 0% Aluminium Antiperspirant Rosewater & Lotus Roll-on","brand":"Norsca","imageUrls":["https://cdn0.woolworths.media/content/wowproductimages/large/075705.jpg"],"storeId":"woolworths","packageSize":"50ml","cupPrice":"$5.00 / 100ML","locations":{"ALL":{"price":2.5,"discountRate":50,"promo":"","orgPrice":5}},"categoryIds":["w-health-beauty"],"similarProducts":[]},{"id":"w-19651-9300666335012","name":"Norsca Anti Perspirant Deodorant Aerosol Pump Forest","brand":"Norsca","imageUrls":["https://cdn0.woolworths.media/content/wowproductimages/large/019651.jpg"],"storeId":"woolworths","packageSize":"150ml","cupPrice":"$2.00 / 100ML","locations":{"ALL":{"price":3,"discountRate":50,"promo":"","orgPrice":6}},"categoryIds":["w-health-beauty"],"similarProducts":[]},{"id":"w-824755-9314807042639","name":"Norsca Deodorant Aerosol Baby Powder Antiperspirant","brand":"Norsca","imageUrls":["https://cdn0.woolworths.media/content/wowproductimages/large/824755.jpg"],"storeId":"woolworths","packageSize":"150g","cupPrice":"$1.22 / 100ML","locations":{"ALL":{"price":3,"discountRate":50,"promo":"","orgPrice":6}},"categoryIds":["w-health-beauty"],"similarProducts":[]},{"id":"w-370625-9314807020392","name":"Norsca Deodorant Aerosol Clear Passion Flower","brand":"Norsca","imageUrls":["https://cdn0.woolworths.media/content/wowproductimages/large/370625.jpg"],"storeId":"woolworths","packageSize":"150g","cupPrice":"$1.22 / 100ML","locations":{"ALL":{"price":3,"discountRate":50,"promo":"","orgPrice":6}},"categoryIds":["w-health-beauty"],"similarProducts":[]},{"id":"w-1100-9300666335005","name":"Norsca Deodorant Aerosol Forest Fresh","brand":"Norsca","imageUrls":["https://cdn0.woolworths.media/content/wowproductimages/large/001100.jpg"],"storeId":"woolworths","packageSize":"150g","cupPrice":"$1.22 / 100ML","locations":{"ALL":{"price":3,"discountRate":50,"promo":"","orgPrice":6}},"categoryIds":["w-health-beauty"],"similarProducts":[]},{"id":"w-370615-9314807024116","name":"Norsca Deodorant Aerosol Instant Adrenalin","brand":"Norsca","imageUrls":["https://cdn0.woolworths.media/content/wowproductimages/large/370615.jpg"],"storeId":"woolworths","packageSize":"150g","cupPrice":"$1.22 / 100ML","locations":{"ALL":{"price":3,"discountRate":50,"promo":"","orgPrice":6}},"categoryIds":["w-health-beauty"],"similarProducts":[]},{"id":"w-37747-93405041","name":"Norsca Deodorant Roll On Forest Fresh","brand":"Norsca","imageUrls":["https://cdn0.woolworths.media/content/wowproductimages/large/037747.jpg"],"storeId":"woolworths","packageSize":"50ml","cupPrice":"$4.00 / 100ML","locations":{"ALL":{"price":2,"discountRate":50,"promo":"","orgPrice":4}},"categoryIds":["w-health-beauty"],"similarProducts":[]},{"id":"w-699862-22796916716","name":"Ogx Biotin Collagen Conditioner","brand":"Ogx","imageUrls":["https://cdn0.woolworths.media/content/wowproductimages/large/699862.jpg"],"storeId":"woolworths","packageSize":"385ml","cupPrice":"$2.60 / 100ML","locations":{"ALL":{"price":10,"discountRate":50,"promo":"","orgPrice":20}},"categoryIds":["w-health-beauty"],"similarProducts":[]},{"id":"w-699861-22796916709","name":"Ogx Biotin Collagen Shampoo","brand":"Ogx","imageUrls":["https://cdn0.woolworths.media/content/wowproductimages/large/699861.jpg"],"storeId":"woolworths","packageSize":"385ml","cupPrice":"$2.60 / 100ML","locations":{"ALL":{"price":10,"discountRate":50,"promo":"","orgPrice":20}},"categoryIds":["w-health-beauty"],"similarProducts":[]},{"id":"w-376590-22796916013","name":"Ogx Brazilian Keratin Therapy Shampoo","brand":"Ogx","imageUrls":["https://cdn0.woolworths.media/content/wowproductimages/large/376590.jpg"],"storeId":"woolworths","packageSize":"385ml","cupPrice":"$2.60 / 100ML","locations":{"ALL":{"price":10,"discountRate":50,"promo":"","orgPrice":20}},"categoryIds":["w-health-beauty"],"similarProducts":[]},{"id":"w-892991-22796900814","name":"Ogx Cherry Blossom Conditioner","brand":"Ogx","imageUrls":["https://cdn0.woolworths.media/content/wowproductimages/large/892991.jpg"],"storeId":"woolworths","packageSize":"385ml","cupPrice":"$2.60 / 100ML","locations":{"ALL":{"price":10,"discountRate":50,"promo":"","orgPrice":20}},"categoryIds":["w-health-beauty"],"similarProducts":[]},{"id":"w-892988-22796900807","name":"Ogx Cherry Blossom Shampoo","brand":"Ogx","imageUrls":["https://cdn0.woolworths.media/content/wowproductimages/large/892988.jpg"],"storeId":"woolworths","packageSize":"385ml","cupPrice":"$2.60 / 100ML","locations":{"ALL":{"price":10,"discountRate":50,"promo":"","orgPrice":20}},"categoryIds":["w-health-beauty"],"similarProducts":[]},{"id":"w-600932-22796901200","name":"Ogx Coconut Miracle Oil Shampoo","brand":"Ogx","imageUrls":["https://cdn0.woolworths.media/content/wowproductimages/large/600932.jpg"],"storeId":"woolworths","packageSize":"385ml","cupPrice":"$2.73 / 100ML","locations":{"ALL":{"price":10.5,"discountRate":50,"promo":"","orgPrice":21}},"categoryIds":["w-health-beauty"],"similarProducts":[]},{"id":"w-601150-22796901217","name":"Ogx Coconut Miracle Oil Extra Strength Conditioner","brand":"Ogx","imageUrls":["https://cdn0.woolworths.media/content/wowproductimages/large/601150.jpg"],"storeId":"woolworths","packageSize":"385ml","cupPrice":"$2.73 / 100ML","locations":{"ALL":{"price":10.5,"discountRate":50,"promo":"","orgPrice":21}},"categoryIds":["w-health-beauty"],"similarProducts":[]},{"id":"w-821691-22796642011","name":"Ogx Conditioner Charcoal Detox","brand":"Ogx","imageUrls":["https://cdn0.woolworths.media/content/wowproductimages/large/821691.jpg"],"storeId":"woolworths","packageSize":"385ml","cupPrice":"$2.60 / 100ML","locations":{"ALL":{"price":10,"discountRate":50,"promo":"","orgPrice":20}},"categoryIds":["w-health-beauty"],"similarProducts":[]},{"id":"w-821690-22796610522","name":"Ogx Conditioner Green Tea Fitness","brand":"Ogx","imageUrls":["https://cdn0.woolworths.media/content/wowproductimages/large/821690.jpg"],"storeId":"woolworths","packageSize":"385ml","cupPrice":"$2.60 / 100ML","locations":{"ALL":{"price":10,"discountRate":50,"promo":"","orgPrice":20}},"categoryIds":["w-health-beauty"],"similarProducts":[]},{"id":"w-376591-22796916020","name":"Ogx Conditioner Ever Straight Brazilian Keratin Therapy","brand":"Ogx","imageUrls":["https://cdn0.woolworths.media/content/wowproductimages/large/376591.jpg"],"storeId":"woolworths","packageSize":"385ml","cupPrice":"$2.60 / 100ML","locations":{"ALL":{"price":10,"discountRate":50,"promo":"","orgPrice":20}},"categoryIds":["w-health-beauty"],"similarProducts":[]},{"id":"w-725754-22796916129","name":"Ogx Conditioner Renewing Argan Oil Of Morocco","brand":"Ogx","imageUrls":["https://cdn0.woolworths.media/content/wowproductimages/large/725754.jpg"],"storeId":"woolworths","packageSize":"385ml","cupPrice":"$2.60 / 100ML","locations":{"ALL":{"price":10,"discountRate":50,"promo":"","orgPrice":20}},"categoryIds":["w-health-beauty"],"similarProducts":[]},{"id":"w-486564-22796907028","name":"Ogx Conditioner Strength & Body Bamboo Fiber-full","brand":"Ogx","imageUrls":["https://cdn0.woolworths.media/content/wowproductimages/large/486564.jpg"],"storeId":"woolworths","packageSize":"385ml","cupPrice":"$2.60 / 100ML","locations":{"ALL":{"price":10,"discountRate":50,"promo":"","orgPrice":20}},"categoryIds":["w-health-beauty"],"similarProducts":[]},{"id":"w-486575-22796900111","name":"Ogx Extra Strength Argan Oil Of Morocco Conditioner","brand":"Ogx","imageUrls":["https://cdn0.woolworths.media/content/wowproductimages/large/486575.jpg"],"storeId":"woolworths","packageSize":"385ml","cupPrice":"$2.73 / 100ML","locations":{"ALL":{"price":10.5,"discountRate":50,"promo":"","orgPrice":21}},"categoryIds":["w-health-beauty"],"similarProducts":[]},{"id":"w-486585-22796900104","name":"Ogx Extra Strength Argan Oil Of Morocco Shampoo","brand":"Ogx","imageUrls":["https://cdn0.woolworths.media/content/wowproductimages/large/486585.jpg"],"storeId":"woolworths","packageSize":"385ml","cupPrice":"$2.73 / 100ML","locations":{"ALL":{"price":10.5,"discountRate":50,"promo":"","orgPrice":21}},"categoryIds":["w-health-beauty"],"similarProducts":[]},{"id":"w-84912-52800674882","name":"Ogx Extra Volume Biotin & Collagen Conditioner","brand":"Ogx","imageUrls":["https://cdn0.woolworths.media/content/wowproductimages/large/084912.jpg"],"storeId":"woolworths","packageSize":"385ml","cupPrice":"$2.73 / 100ML","locations":{"ALL":{"price":10.5,"discountRate":50,"promo":"","orgPrice":21}},"categoryIds":["w-health-beauty"],"similarProducts":[]},{"id":"w-78350-52800674875","name":"Ogx Extra Volume Biotin & Collagen Shampoo","brand":"Ogx","imageUrls":["https://cdn0.woolworths.media/content/wowproductimages/large/078350.jpg"],"storeId":"woolworths","packageSize":"385ml","cupPrice":"$2.73 / 100ML","locations":{"ALL":{"price":10.5,"discountRate":50,"promo":"","orgPrice":21}},"categoryIds":["w-health-beauty"],"similarProducts":[]},{"id":"w-725643-22796916136","name":"Ogx Intense Moisturizing Treatment Argan Oil Of Morocco","brand":"Ogx","imageUrls":["https://cdn0.woolworths.media/content/wowproductimages/large/725643.jpg"],"storeId":"woolworths","packageSize":"237ml","cupPrice":"$4.22 / 100ML","locations":{"ALL":{"price":10,"discountRate":50,"promo":"","orgPrice":20}},"categoryIds":["w-health-beauty"],"similarProducts":[]},{"id":"w-325774-22796910066","name":"Ogx Nourishing Coconut Milk Conditioner","brand":"Ogx","imageUrls":["https://cdn0.woolworths.media/content/wowproductimages/large/325774.jpg"],"storeId":"woolworths","packageSize":"385ml","cupPrice":"$2.60 / 100ML","locations":{"ALL":{"price":10,"discountRate":50,"promo":"","orgPrice":20}},"categoryIds":["w-health-beauty"],"similarProducts":[]},{"id":"w-325771-22796910059","name":"Ogx Nourishing Coconut Milk Shampoo","brand":"Ogx","imageUrls":["https://cdn0.woolworths.media/content/wowproductimages/large/325771.jpg"],"storeId":"woolworths","packageSize":"385ml","cupPrice":"$2.60 / 100ML","locations":{"ALL":{"price":10,"discountRate":50,"promo":"","orgPrice":20}},"categoryIds":["w-health-beauty"],"similarProducts":[]},{"id":"w-486571-22796900920","name":"Ogx Quenching & Coconut Curls Conditioner","brand":"Ogx","imageUrls":["https://cdn0.woolworths.media/content/wowproductimages/large/486571.jpg"],"storeId":"woolworths","packageSize":"385ml","cupPrice":"$2.60 / 100ML","locations":{"ALL":{"price":10,"discountRate":50,"promo":"","orgPrice":20}},"categoryIds":["w-health-beauty"],"similarProducts":[]},{"id":"w-486567-22796900906","name":"Ogx Quenching & Coconut Curls Shampoo","brand":"Ogx","imageUrls":["https://cdn0.woolworths.media/content/wowproductimages/large/486567.jpg"],"storeId":"woolworths","packageSize":"385ml","cupPrice":"$2.60 / 100ML","locations":{"ALL":{"price":10,"discountRate":50,"promo":"","orgPrice":20}},"categoryIds":["w-health-beauty"],"similarProducts":[]},{"id":"w-821656-22796642004","name":"Ogx Shampoo Charcoal Detox","brand":"Ogx","imageUrls":["https://cdn0.woolworths.media/content/wowproductimages/large/821656.jpg"],"storeId":"woolworths","packageSize":"385ml","cupPrice":"$2.60 / 100ML","locations":{"ALL":{"price":10,"discountRate":50,"promo":"","orgPrice":20}},"categoryIds":["w-health-beauty"],"similarProducts":[]},{"id":"w-821655-22796610515","name":"Ogx Shampoo Green Tea Fitness","brand":"Ogx","imageUrls":["https://cdn0.woolworths.media/content/wowproductimages/large/821655.jpg"],"storeId":"woolworths","packageSize":"385ml","cupPrice":"$2.60 / 100ML","locations":{"ALL":{"price":10,"discountRate":50,"promo":"","orgPrice":20}},"categoryIds":["w-health-beauty"],"similarProducts":[]},{"id":"w-725753-22796916112","name":"Ogx Shampoo Renewing Argan Oil Of Morocco","brand":"Ogx","imageUrls":["https://cdn0.woolworths.media/content/wowproductimages/large/725753.jpg"],"storeId":"woolworths","packageSize":"385ml","cupPrice":"$2.60 / 100ML","locations":{"ALL":{"price":10,"discountRate":50,"promo":"","orgPrice":20}},"categoryIds":["w-health-beauty"],"similarProducts":[]},{"id":"w-486539-22796907011","name":"Ogx Shampoo Strength & Body Bamboo Fiber-full","brand":"Ogx","imageUrls":["https://cdn0.woolworths.media/content/wowproductimages/large/486539.jpg"],"storeId":"woolworths","packageSize":"385ml","cupPrice":"$2.60 / 100ML","locations":{"ALL":{"price":10,"discountRate":50,"promo":"","orgPrice":20}},"categoryIds":["w-health-beauty"],"similarProducts":[]},{"id":"w-84952-52800674950","name":"Ogx Strength & Length Golden Turmeric Shampoo","brand":"Ogx","imageUrls":["https://cdn0.woolworths.media/content/wowproductimages/large/084952.jpg"],"storeId":"woolworths","packageSize":"385ml","cupPrice":"$2.60 / 100ML","locations":{"ALL":{"price":10,"discountRate":50,"promo":"","orgPrice":20}},"categoryIds":["w-health-beauty"],"similarProducts":[]},{"id":"w-21867-9324401005121","name":"Optislim Life Bar Caramel Crunch","brand":"Optislim","imageUrls":["https://cdn0.woolworths.media/content/wowproductimages/large/021867.jpg"],"storeId":"woolworths","packageSize":"5 pack","cupPrice":"$3.33 / 100G","locations":{"ALL":{"price":10,"discountRate":50,"promo":"","orgPrice":20}},"categoryIds":["w-health-beauty"],"similarProducts":[]},{"id":"w-870937-9324401008016","name":"Optislim Life French Vanilla Shake","brand":"Optislim","imageUrls":["https://cdn0.woolworths.media/content/wowproductimages/large/870937.jpg"],"storeId":"woolworths","packageSize":"7 pack","cupPrice":"$3.00 / 100G","locations":{"ALL":{"price":10.5,"discountRate":50,"promo":"","orgPrice":21}},"categoryIds":["w-health-beauty"],"similarProducts":[]},{"id":"w-678275-4902430751872","name":"Oral-b 3d White Glamorous White Toothpaste","brand":"Oral-b","imageUrls":["https://cdn0.woolworths.media/content/wowproductimages/large/678275.jpg"],"storeId":"woolworths","packageSize":"95g","cupPrice":"$4.74 / 100G","locations":{"ALL":{"price":4.5,"discountRate":50,"promo":"","orgPrice":9}},"categoryIds":["w-health-beauty"],"similarProducts":[]},{"id":"w-678277-4902430751865","name":"Oral-b 3d White Luxe Diamond Strong Toothpaste","brand":"Oral-b","imageUrls":["https://cdn0.woolworths.media/content/wowproductimages/large/678277.jpg"],"storeId":"woolworths","packageSize":"95g","cupPrice":"$4.74 / 100G","locations":{"ALL":{"price":4.5,"discountRate":50,"promo":"","orgPrice":9}},"categoryIds":["w-health-beauty"],"similarProducts":[]},{"id":"w-678300-4902430751889","name":"Oral-b 3d White Perfection Toothpaste","brand":"Oral-b","imageUrls":["https://cdn0.woolworths.media/content/wowproductimages/large/678300.jpg"],"storeId":"woolworths","packageSize":"95g","cupPrice":"$4.74 / 100G","locations":{"ALL":{"price":4.5,"discountRate":50,"promo":"","orgPrice":9}},"categoryIds":["w-health-beauty"],"similarProducts":[]},{"id":"w-824855-4902430799607","name":"Oral-b 3d White Therapy Toothpaste Enamel Care","brand":"Oral-b","imageUrls":["https://cdn0.woolworths.media/content/wowproductimages/large/824855.jpg"],"storeId":"woolworths","packageSize":"95g","cupPrice":"$6.32 / 100G","locations":{"ALL":{"price":6,"discountRate":50,"promo":"","orgPrice":12}},"categoryIds":["w-health-beauty"],"similarProducts":[]},{"id":"w-80824-4902430883658","name":"Oral-b 3d Whitening Therapy Charcoal","brand":"Oral-b","imageUrls":["https://cdn0.woolworths.media/content/wowproductimages/large/080824.jpg"],"storeId":"woolworths","packageSize":"95g","cupPrice":"$6.32 / 100G","locations":{"ALL":{"price":6,"discountRate":50,"promo":"","orgPrice":12}},"categoryIds":["w-health-beauty"],"similarProducts":[]},{"id":"w-678302-4902430771481","name":"Oral-b 5 Way Clean Toothbrush","brand":"Oral-b","imageUrls":["https://cdn0.woolworths.media/content/wowproductimages/large/678302.jpg"],"storeId":"woolworths","packageSize":"3 pack","cupPrice":"$1.67 / 1EA","locations":{"ALL":{"price":5,"discountRate":50,"promo":"","orgPrice":10}},"categoryIds":["w-health-beauty"],"similarProducts":[]},{"id":"w-750314-3014260011888","name":"Oral-b Complete 5 Way Clean Toothbrush Med","brand":"Oral-b","imageUrls":["https://cdn0.woolworths.media/content/wowproductimages/large/750314.jpg"],"storeId":"woolworths","packageSize":"1pk","cupPrice":"$2.00 / 1EA","locations":{"ALL":{"price":2,"discountRate":50,"promo":"","orgPrice":4}},"categoryIds":["w-health-beauty"],"similarProducts":[]},{"id":"w-80548-4902430853736","name":"Oral-b Cross Action Charcoal Manual Toothbrush","brand":"Oral-b","imageUrls":["https://cdn0.woolworths.media/content/wowproductimages/large/080548.jpg"],"storeId":"woolworths","packageSize":"each","cupPrice":"$3.00 / 1EA","locations":{"ALL":{"price":3,"discountRate":50,"promo":"","orgPrice":6}},"categoryIds":["w-health-beauty"],"similarProducts":[]},{"id":"w-83122-4902430848497","name":"Oral-b Cross Action Ultrathin Manual Toothbrush","brand":"Oral-b","imageUrls":["https://cdn0.woolworths.media/content/wowproductimages/large/083122.jpg"],"storeId":"woolworths","packageSize":"each","cupPrice":"$3.00 / 1EA","locations":{"ALL":{"price":3,"discountRate":50,"promo":"","orgPrice":6}},"categoryIds":["w-health-beauty"],"similarProducts":[]},{"id":"w-565575-4902430711548","name":"Oral-b Gum Care & Enamel Restore Toothpaste Smooth Mint","brand":"Oral-b","imageUrls":["https://cdn0.woolworths.media/content/wowproductimages/large/565575.jpg"],"storeId":"woolworths","packageSize":"110g","cupPrice":"$4.55 / 100G","locations":{"ALL":{"price":5,"discountRate":50,"promo":"","orgPrice":10}},"categoryIds":["w-health-beauty"],"similarProducts":[]},{"id":"w-565577-4902430713054","name":"Oral-b Gum Care & Sensitive Repair Toothpaste","brand":"Oral-b","imageUrls":["https://cdn0.woolworths.media/content/wowproductimages/large/565577.jpg"],"storeId":"woolworths","packageSize":"110g","cupPrice":"$4.55 / 100G","locations":{"ALL":{"price":5,"discountRate":50,"promo":"","orgPrice":10}},"categoryIds":["w-health-beauty"],"similarProducts":[]},{"id":"w-820436-4902430812740","name":"Oral-b Gum Detoxify Intensive Clean Toothpaste","brand":"Oral-b","imageUrls":["https://cdn0.woolworths.media/content/wowproductimages/large/820436.jpg"],"storeId":"woolworths","packageSize":"110g","cupPrice":"$5.45 / 100G","locations":{"ALL":{"price":6,"discountRate":50,"promo":"","orgPrice":12}},"categoryIds":["w-health-beauty"],"similarProducts":[]},{"id":"w-820438-4902430835732","name":"Oral-b Junior Paste Star Wars","brand":"Oral-b","imageUrls":["https://cdn0.woolworths.media/content/wowproductimages/large/820438.jpg"],"storeId":"woolworths","packageSize":"92g","cupPrice":"$1.90 / 100G","locations":{"ALL":{"price":1.75,"discountRate":50,"promo":"","orgPrice":3.5}},"categoryIds":["w-health-beauty"],"similarProducts":[]},{"id":"w-820437-4902430835718","name":"Oral-b Kids Paste Frozen","brand":"Oral-b","imageUrls":["https://cdn0.woolworths.media/content/wowproductimages/large/820437.jpg"],"storeId":"woolworths","packageSize":"92g","cupPrice":"$1.90 / 100G","locations":{"ALL":{"price":1.75,"discountRate":50,"promo":"","orgPrice":3.5}},"categoryIds":["w-health-beauty"],"similarProducts":[]},{"id":"w-820434-6903148269916","name":"Oral-b Pro 100 3d White Polish Electric Toothbrush","brand":"Oral-b","imageUrls":["https://cdn0.woolworths.media/content/wowproductimages/large/820434.jpg"],"storeId":"woolworths","packageSize":"each","cupPrice":"$35.00 / 1EA","locations":{"ALL":{"price":35,"discountRate":50,"promo":"","orgPrice":70}},"categoryIds":["w-health-beauty"],"similarProducts":[]},{"id":"w-820433-6903148269749","name":"Oral-b Pro 100 Crossaction Midnight Black Electric Toothbrush","brand":"Oral-b","imageUrls":["https://cdn0.woolworths.media/content/wowproductimages/large/820433.jpg"],"storeId":"woolworths","packageSize":"each","cupPrice":"$35.00 / 1EA","locations":{"ALL":{"price":35,"discountRate":50,"promo":"","orgPrice":70}},"categoryIds":["w-health-beauty"],"similarProducts":[]},{"id":"w-80121-6903148269923","name":"Oral-b Pro 100 Floss Action Electric Toothbrush","brand":"Oral-b","imageUrls":["https://cdn0.woolworths.media/content/wowproductimages/large/080121.jpg"],"storeId":"woolworths","packageSize":"each","cupPrice":"$35.00 / 1EA","locations":{"ALL":{"price":35,"discountRate":50,"promo":"","orgPrice":70}},"categoryIds":["w-health-beauty"],"similarProducts":[]},{"id":"w-678305-4902430753166","name":"Oral-b Pro Gumcare And Whitening Toothpaste","brand":"Oral-b","imageUrls":["https://cdn0.woolworths.media/content/wowproductimages/large/678305.jpg"],"storeId":"woolworths","packageSize":"110g","cupPrice":"$4.55 / 100G","locations":{"ALL":{"price":5,"discountRate":50,"promo":"","orgPrice":10}},"categoryIds":["w-health-beauty"],"similarProducts":[]},{"id":"w-678321-4902430753104","name":"Oral-b Pro Health Clean Mint Toothpaste","brand":"Oral-b","imageUrls":["https://cdn0.woolworths.media/content/wowproductimages/large/678321.jpg"],"storeId":"woolworths","packageSize":"190g","cupPrice":"$1.84 / 100G","locations":{"ALL":{"price":3.5,"discountRate":50,"promo":"","orgPrice":7}},"categoryIds":["w-health-beauty"],"similarProducts":[]},{"id":"w-426213-4902430670258","name":"Oral-b Pro Health Fluoride Toothpaste Advanced Deep Clean Mint","brand":"Oral-b","imageUrls":["https://cdn0.woolworths.media/content/wowproductimages/large/426213.jpg"],"storeId":"woolworths","packageSize":"110g","cupPrice":"$2.23 / 100G","locations":{"ALL":{"price":2.45,"discountRate":51,"promo":"","orgPrice":4.99}},"categoryIds":["w-health-beauty"],"similarProducts":[]},{"id":"w-678320-4902430753128","name":"Oral-b Pro Health Fresh Mint Toothpaste","brand":"Oral-b","imageUrls":["https://cdn0.woolworths.media/content/wowproductimages/large/678320.jpg"],"storeId":"woolworths","packageSize":"190g","cupPrice":"$1.84 / 100G","locations":{"ALL":{"price":3.5,"discountRate":50,"promo":"","orgPrice":7}},"categoryIds":["w-health-beauty"],"similarProducts":[]},{"id":"w-426208-4902430670265","name":"Oral-b Pro Health Toothpaste Advanced Whitening","brand":"Oral-b","imageUrls":["https://cdn0.woolworths.media/content/wowproductimages/large/426208.jpg"],"storeId":"woolworths","packageSize":"110g","cupPrice":"$2.23 / 100G","locations":{"ALL":{"price":2.45,"discountRate":51,"promo":"","orgPrice":4.99}},"categoryIds":["w-health-beauty"],"similarProducts":[]},{"id":"w-81286-4902430883665","name":"Oral-b Pro-health Advanced All Around Protection Toothpaste","brand":"Oral-b","imageUrls":["https://cdn0.woolworths.media/content/wowproductimages/large/081286.jpg"],"storeId":"woolworths","packageSize":"110g","cupPrice":"$2.27 / 100G","locations":{"ALL":{"price":2.5,"discountRate":50,"promo":"","orgPrice":5}},"categoryIds":["w-health-beauty"],"similarProducts":[]},{"id":"w-82143-4902430883672","name":"Oral-b Pro-health Advanced Gum Protect Toothpaste","brand":"Oral-b","imageUrls":["https://cdn0.woolworths.media/content/wowproductimages/large/082143.jpg"],"storeId":"woolworths","packageSize":"110g","cupPrice":"$2.27 / 100G","locations":{"ALL":{"price":2.5,"discountRate":50,"promo":"","orgPrice":5}},"categoryIds":["w-health-beauty"],"similarProducts":[]},{"id":"w-81562-4902430905961","name":"Oral-b Pure Enamel Care Fluoride Toothpaste Soft Mint","brand":"Oral-b","imageUrls":["https://cdn0.woolworths.media/content/wowproductimages/large/081562.jpg"],"storeId":"woolworths","packageSize":"100g","cupPrice":"$5.00 / 100G","locations":{"ALL":{"price":5,"discountRate":50,"promo":"","orgPrice":10}},"categoryIds":["w-health-beauty"],"similarProducts":[]},{"id":"w-81610-4902430905985","name":"Oral-b Pure Multi-protect Fluoride Toothpaste Eucalyptus Mint","brand":"Oral-b","imageUrls":["https://cdn0.woolworths.media/content/wowproductimages/large/081610.jpg"],"storeId":"woolworths","packageSize":"100g","cupPrice":"$5.00 / 100G","locations":{"ALL":{"price":5,"discountRate":50,"promo":"","orgPrice":10}},"categoryIds":["w-health-beauty"],"similarProducts":[]},{"id":"w-169614-3014260279547","name":"Oral-b Stages 2 Manual Toothbrush 2-4 Years Winnie The Pooh","brand":"Oral-b","imageUrls":["https://cdn0.woolworths.media/content/wowproductimages/large/169614.jpg"],"storeId":"woolworths","packageSize":"each","cupPrice":"$1.77 / 1EA","locations":{"ALL":{"price":1.77,"discountRate":50,"promo":"","orgPrice":3.55}},"categoryIds":["w-health-beauty"],"similarProducts":[]},{"id":"w-169612-3014260279530","name":"Oral-b Stages 3 Manual Toothbrush 5-7 Years Disney Princess","brand":"Oral-b","imageUrls":["https://cdn0.woolworths.media/content/wowproductimages/large/169612.jpg"],"storeId":"woolworths","packageSize":"each","cupPrice":"$1.77 / 1EA","locations":{"ALL":{"price":1.77,"discountRate":50,"promo":"","orgPrice":3.55}},"categoryIds":["w-health-beauty"],"similarProducts":[]},{"id":"w-573381-4902430744669","name":"Oral-b Stages Kids Power Toothbrush","brand":"Oral-b","imageUrls":["https://cdn0.woolworths.media/content/wowproductimages/large/573381.jpg"],"storeId":"woolworths","packageSize":"each","cupPrice":"$22.50 / 1EA","locations":{"ALL":{"price":22.5,"discountRate":50,"promo":"","orgPrice":45}},"categoryIds":["w-health-beauty"],"similarProducts":[]},{"id":"w-824925-4902430848435","name":"Oral-b Toothbrush 7 Benefits Pro Health","brand":"Oral-b","imageUrls":["https://cdn0.woolworths.media/content/wowproductimages/large/824925.jpg"],"storeId":"woolworths","packageSize":"each","cupPrice":"$3.00 / 1EA","locations":{"ALL":{"price":3,"discountRate":50,"promo":"","orgPrice":6}},"categoryIds":["w-health-beauty"],"similarProducts":[]},{"id":"w-376687-4210201856160","name":"Oral-b Vitality Plus Floss Action Power Toothbrush","brand":"Oral-b","imageUrls":["https://cdn0.woolworths.media/content/wowproductimages/large/376687.jpg"],"storeId":"woolworths","packageSize":"each","cupPrice":"$22.50 / 1EA","locations":{"ALL":{"price":22.5,"discountRate":50,"promo":"","orgPrice":45}},"categoryIds":["w-health-beauty"],"similarProducts":[]},{"id":"w-332537-4210201829416","name":"Oral-b Vitality Precision Clean Power Toothbrush","brand":"Oral-b","imageUrls":["https://cdn0.woolworths.media/content/wowproductimages/large/332537.jpg"],"storeId":"woolworths","packageSize":"each","cupPrice":"$22.50 / 1EA","locations":{"ALL":{"price":22.5,"discountRate":50,"promo":"","orgPrice":45}},"categoryIds":["w-health-beauty"],"similarProducts":[]},{"id":"w-376691-4210201856191","name":"Oral-b Vitality Sensitive Clean Power Toothbrush","brand":"Oral-b","imageUrls":["https://cdn0.woolworths.media/content/wowproductimages/large/376691.jpg"],"storeId":"woolworths","packageSize":"each","cupPrice":"$22.50 / 1EA","locations":{"ALL":{"price":22.5,"discountRate":50,"promo":"","orgPrice":45}},"categoryIds":["w-health-beauty"],"similarProducts":[]},{"id":"w-705839-9316090500506","name":"Ostelin Calcium & Vitamin D3 Tablets","brand":"Ostelin","imageUrls":["https://cdn0.woolworths.media/content/wowproductimages/large/705839.jpg"],"storeId":"woolworths","packageSize":"130 pack","cupPrice":"$10.00 / 100EA","locations":{"ALL":{"price":13,"discountRate":50,"promo":"","orgPrice":26}},"categoryIds":["w-health-beauty"],"similarProducts":[]},{"id":"w-43746-8850006931981","name":"Palmolive Clarifying Micellar Hair Shampoo Rose Oil","brand":"Palmolive","imageUrls":["https://cdn0.woolworths.media/content/wowproductimages/large/043746.jpg"],"storeId":"woolworths","packageSize":"370ml","cupPrice":"$1.08 / 100ML","locations":{"ALL":{"price":4,"discountRate":50,"promo":"","orgPrice":8}},"categoryIds":["w-health-beauty"],"similarProducts":[]},{"id":"w-842626-8850006493205","name":"Palmolive Kids 3 In 1 Bodywash Shampoo & Conditioner Happy Apple","brand":"Palmolive","imageUrls":["https://cdn0.woolworths.media/content/wowproductimages/large/842626.jpg"],"storeId":"woolworths","packageSize":"350ml","cupPrice":"$0.71 / 100ML","locations":{"ALL":{"price":2.5,"discountRate":50,"promo":"","orgPrice":5}},"categoryIds":["w-health-beauty"],"similarProducts":[]},{"id":"w-814206-8850006480878","name":"Palmolive Luminous Oils Coconut Oil & Frangipani Enriching Body Wash","brand":"Palmolive","imageUrls":["https://cdn0.woolworths.media/content/wowproductimages/large/814206.jpg"],"storeId":"woolworths","packageSize":"400ml","cupPrice":"$0.75 / 100ML","locations":{"ALL":{"price":3,"discountRate":50,"promo":"","orgPrice":6}},"categoryIds":["w-health-beauty"],"similarProducts":[]},{"id":"w-676541-8850006480854","name":"Palmolive Luminous Oils Macadamia Oil & Peony Invigorating Body Wash","brand":"Palmolive","imageUrls":["https://cdn0.woolworths.media/content/wowproductimages/large/676541.jpg"],"storeId":"woolworths","packageSize":"400ml","cupPrice":"$0.75 / 100ML","locations":{"ALL":{"price":3,"discountRate":50,"promo":"","orgPrice":6}},"categoryIds":["w-health-beauty"],"similarProducts":[]},{"id":"w-791621-8850006481332","name":"Palmolive Luminous Oils Moroccan Argan Oil & Camellia Protect Shampoo","brand":"Palmolive","imageUrls":["https://cdn0.woolworths.media/content/wowproductimages/large/791621.jpg"],"storeId":"woolworths","packageSize":"350ml","cupPrice":"$0.71 / 100ML","locations":{"ALL":{"price":2.5,"discountRate":50,"promo":"","orgPrice":5}},"categoryIds":["w-health-beauty"],"similarProducts":[]},{"id":"w-792531-8850006481356","name":"Palmolive Luminous Oils Moroccan Argan Oil Camellia Hair Conditioner","brand":"Palmolive","imageUrls":["https://cdn0.woolworths.media/content/wowproductimages/large/792531.jpg"],"storeId":"woolworths","packageSize":"350ml","cupPrice":"$0.71 / 100ML","locations":{"ALL":{"price":2.5,"discountRate":50,"promo":"","orgPrice":5}},"categoryIds":["w-health-beauty"],"similarProducts":[]},{"id":"w-792534-8850006481363","name":"Palmolive Luminous Oils Rose Petal Oil & Bamboo Renew Hair Conditioner","brand":"Palmolive","imageUrls":["https://cdn0.woolworths.media/content/wowproductimages/large/792534.jpg"],"storeId":"woolworths","packageSize":"350ml","cupPrice":"$0.71 / 100ML","locations":{"ALL":{"price":2.5,"discountRate":50,"promo":"","orgPrice":5}},"categoryIds":["w-health-beauty"],"similarProducts":[]},{"id":"w-792532-8850006481349","name":"Palmolive Luminous Oils Rose Petal Oil & Bamboo Restore & Renew Shampoo","brand":"Palmolive","imageUrls":["https://cdn0.woolworths.media/content/wowproductimages/large/792532.jpg"],"storeId":"woolworths","packageSize":"350ml","cupPrice":"$0.71 / 100ML","locations":{"ALL":{"price":2.5,"discountRate":50,"promo":"","orgPrice":5}},"categoryIds":["w-health-beauty"],"similarProducts":[]},{"id":"w-43755-8850006931974","name":"Palmolive Micellar Conditioner Geranium Orange Oil","brand":"Palmolive","imageUrls":["https://cdn0.woolworths.media/content/wowproductimages/large/043755.jpg"],"storeId":"woolworths","packageSize":"370ml","cupPrice":"$1.08 / 100ML","locations":{"ALL":{"price":4,"discountRate":50,"promo":"","orgPrice":8}},"categoryIds":["w-health-beauty"],"similarProducts":[]},{"id":"w-43753-8850006931998","name":"Palmolive Micellar Healthy Shine Shampoo Geranium & Orange Oil","brand":"Palmolive","imageUrls":["https://cdn0.woolworths.media/content/wowproductimages/large/043753.jpg"],"storeId":"woolworths","packageSize":"370ml","cupPrice":"$1.08 / 100ML","locations":{"ALL":{"price":4,"discountRate":50,"promo":"","orgPrice":8}},"categoryIds":["w-health-beauty"],"similarProducts":[]},{"id":"w-842530-8850006493137","name":"Palmolive Naturals Anti-dandruff 2in1 Shampoo & Hair Conditioner","brand":"Palmolive","imageUrls":["https://cdn0.woolworths.media/content/wowproductimages/large/842530.jpg"],"storeId":"woolworths","packageSize":"350ml","cupPrice":"$0.64 / 100ML","locations":{"ALL":{"price":2.25,"discountRate":50,"promo":"","orgPrice":4.5}},"categoryIds":["w-health-beauty"],"similarProducts":[]},{"id":"w-820426-4902430858427","name":"Pantene Conditioner Micellar","brand":"Pantene","imageUrls":["https://cdn0.woolworths.media/content/wowproductimages/large/820426.jpg"],"storeId":"woolworths","packageSize":"300ml","cupPrice":"$2.17 / 100ML","locations":{"ALL":{"price":6.5,"discountRate":50,"promo":"","orgPrice":13}},"categoryIds":["w-health-beauty"],"similarProducts":[]},{"id":"w-820428-4902430858724","name":"Pantene Pro V Blends Micellar Conditioner","brand":"Pantene","imageUrls":["https://cdn0.woolworths.media/content/wowproductimages/large/820428.jpg"],"storeId":"woolworths","packageSize":"300ml","cupPrice":"$2.17 / 100ML","locations":{"ALL":{"price":6.5,"discountRate":50,"promo":"","orgPrice":13}},"categoryIds":["w-health-beauty"],"similarProducts":[]},{"id":"w-820430-4902430858465","name":"Pantene Pro V Blends Micellar Aloe Conditioner","brand":"Pantene","imageUrls":["https://cdn0.woolworths.media/content/wowproductimages/large/820430.jpg"],"storeId":"woolworths","packageSize":"300ml","cupPrice":"$2.17 / 100ML","locations":{"ALL":{"price":6.5,"discountRate":50,"promo":"","orgPrice":13}},"categoryIds":["w-health-beauty"],"similarProducts":[]},{"id":"w-852213-4902430858717","name":"Pantene Pro V Blends Micellar Aloe Conditioner","brand":"Pantene","imageUrls":["https://cdn0.woolworths.media/content/wowproductimages/large/852213.jpg"],"storeId":"woolworths","packageSize":"530ml","cupPrice":"$1.70 / 100ML","locations":{"ALL":{"price":9,"discountRate":50,"promo":"","orgPrice":18}},"categoryIds":["w-health-beauty"],"similarProducts":[]},{"id":"w-820427-4902430858700","name":"Pantene Pro V Blends Micellar Aloe Shampoo","brand":"Pantene","imageUrls":["https://cdn0.woolworths.media/content/wowproductimages/large/820427.jpg"],"storeId":"woolworths","packageSize":"300ml","cupPrice":"$2.17 / 100ML","locations":{"ALL":{"price":6.5,"discountRate":50,"promo":"","orgPrice":13}},"categoryIds":["w-health-beauty"],"similarProducts":[]},{"id":"w-852210-4902430858731","name":"Pantene Pro V Blends Micellar Aloe Shampoo","brand":"Pantene","imageUrls":["https://cdn0.woolworths.media/content/wowproductimages/large/852210.jpg"],"storeId":"woolworths","packageSize":"530ml","cupPrice":"$1.70 / 100ML","locations":{"ALL":{"price":9,"discountRate":50,"promo":"","orgPrice":18}},"categoryIds":["w-health-beauty"],"similarProducts":[]},{"id":"w-820429-4902430858441","name":"Pantene Pro V Blends Micellar Charcoal Conditioner","brand":"Pantene","imageUrls":["https://cdn0.woolworths.media/content/wowproductimages/large/820429.jpg"],"storeId":"woolworths","packageSize":"300ml","cupPrice":"$2.17 / 100ML","locations":{"ALL":{"price":6.5,"discountRate":50,"promo":"","orgPrice":13}},"categoryIds":["w-health-beauty"],"similarProducts":[]},{"id":"w-852214-4902430858458","name":"Pantene Pro V Blends Micellar Charcoal Conditioner","brand":"Pantene","imageUrls":["https://cdn0.woolworths.media/content/wowproductimages/large/852214.jpg"],"storeId":"woolworths","packageSize":"530ml","cupPrice":"$1.70 / 100ML","locations":{"ALL":{"price":9,"discountRate":50,"promo":"","orgPrice":18}},"categoryIds":["w-health-beauty"],"similarProducts":[]},{"id":"w-83230-4902430919418","name":"Pantene Pro-v Blends Rosewater Moisture Restoring Shampoo","brand":"Pantene","imageUrls":["https://cdn0.woolworths.media/content/wowproductimages/large/083230.jpg"],"storeId":"woolworths","packageSize":"530ml","cupPrice":"$1.70 / 100ML","locations":{"ALL":{"price":9,"discountRate":50,"promo":"","orgPrice":18}},"categoryIds":["w-health-beauty"],"similarProducts":[]},{"id":"w-83240-4902430919401","name":"Pantene Prov Blend Rosewater Moisture Restoring Conditioner","brand":"Pantene","imageUrls":["https://cdn0.woolworths.media/content/wowproductimages/large/083240.jpg"],"storeId":"woolworths","packageSize":"300ml","cupPrice":"$0.00 / 0","locations":{"ALL":{"price":6.5,"discountRate":50,"promo":"","orgPrice":13}},"categoryIds":["w-health-beauty"],"similarProducts":[]},{"id":"w-83239-4902430919425","name":"Pantene Prov Blend Rosewater Moisture Restoring Conditioner","brand":"Pantene","imageUrls":["https://cdn0.woolworths.media/content/wowproductimages/large/083239.jpg"],"storeId":"woolworths","packageSize":"530ml","cupPrice":"$1.70 / 100ML","locations":{"ALL":{"price":9,"discountRate":50,"promo":"","orgPrice":18}},"categoryIds":["w-health-beauty"],"similarProducts":[]},{"id":"w-85187-4902430919395","name":"Pantene Prov Blend Rosewater Moisture Restoring Shampoo","brand":"Pantene","imageUrls":["https://cdn0.woolworths.media/content/wowproductimages/large/085187.jpg"],"storeId":"woolworths","packageSize":"300ml","cupPrice":"$2.17 / 100ML","locations":{"ALL":{"price":6.5,"discountRate":50,"promo":"","orgPrice":13}},"categoryIds":["w-health-beauty"],"similarProducts":[]},{"id":"w-63541-9349338001664","name":"Rapid Loss Meal Replacement Shake - Chocolate","brand":"Rapid Loss","imageUrls":["https://cdn0.woolworths.media/content/wowproductimages/large/063541.jpg"],"storeId":"woolworths","packageSize":"740g","cupPrice":"$2.67 / 100G","locations":{"ALL":{"price":19.75,"discountRate":50,"promo":"","orgPrice":39.5}},"categoryIds":["w-health-beauty"],"similarProducts":[]},{"id":"w-63697-9349338001701","name":"Rapid Loss Meal Replacement Shake - Strawberry","brand":"Rapid Loss","imageUrls":["https://cdn0.woolworths.media/content/wowproductimages/large/063697.jpg"],"storeId":"woolworths","packageSize":"740g","cupPrice":"$2.67 / 100G","locations":{"ALL":{"price":19.75,"discountRate":50,"promo":"","orgPrice":39.5}},"categoryIds":["w-health-beauty"],"similarProducts":[]},{"id":"w-65687-9349338001671","name":"Rapid Loss Meal Replacement Shake - Vanilla","brand":"Rapid Loss","imageUrls":["https://cdn0.woolworths.media/content/wowproductimages/large/065687.jpg"],"storeId":"woolworths","packageSize":"740g","cupPrice":"$2.67 / 100G","locations":{"ALL":{"price":19.75,"discountRate":50,"promo":"","orgPrice":39.5}},"categoryIds":["w-health-beauty"],"similarProducts":[]},{"id":"w-66073-9349338001688","name":"Rapid Loss Meal Replacement Shake - Latte","brand":"Rapid Loss","imageUrls":["https://cdn0.woolworths.media/content/wowproductimages/large/066073.jpg"],"storeId":"woolworths","packageSize":"740g","cupPrice":"$2.67 / 100G","locations":{"ALL":{"price":19.75,"discountRate":50,"promo":"","orgPrice":39.5}},"categoryIds":["w-health-beauty"],"similarProducts":[]},{"id":"w-59875-9314807018450","name":"Redwin Body Moisturiser Vitamin E","brand":"Redwin","imageUrls":["https://cdn0.woolworths.media/content/wowproductimages/large/059875.jpg"],"storeId":"woolworths","packageSize":"300g","cupPrice":"$0.72 / 100G","locations":{"ALL":{"price":2.15,"discountRate":50,"promo":"","orgPrice":4.3}},"categoryIds":["w-health-beauty"],"similarProducts":[]},{"id":"w-12836-9314807018504","name":"Redwin Sorbolene Body Moisturiser With Vitamin E","brand":"Redwin","imageUrls":["https://cdn0.woolworths.media/content/wowproductimages/large/012836.jpg"],"storeId":"woolworths","packageSize":"1l","cupPrice":"$0.32 / 100ML","locations":{"ALL":{"price":3.15,"discountRate":50,"promo":"","orgPrice":6.3}},"categoryIds":["w-health-beauty"],"similarProducts":[]},{"id":"w-369-9314094000473","name":"Redwin Sorbolene Body Moisturiser With Vitamin E","brand":"Redwin","imageUrls":["https://cdn0.woolworths.media/content/wowproductimages/large/000369.jpg"],"storeId":"woolworths","packageSize":"500ml","cupPrice":"$0.53 / 100ML","locations":{"ALL":{"price":2.65,"discountRate":51,"promo":"","orgPrice":5.36}},"categoryIds":["w-health-beauty"],"similarProducts":[]},{"id":"w-16787-9314807018498","name":"Redwin Sorbolene Hand Cream With Vitamin E","brand":"Redwin","imageUrls":["https://cdn0.woolworths.media/content/wowproductimages/large/016787.jpg"],"storeId":"woolworths","packageSize":"100g","cupPrice":"$1.50 / 100G","locations":{"ALL":{"price":1.5,"discountRate":53,"promo":"","orgPrice":3.17}},"categoryIds":["w-health-beauty"],"similarProducts":[]},{"id":"w-89786-784927406397","name":"Renovatio An Apple A Day Activated Phenolics Antioxidants","brand":"Renovatio","imageUrls":["https://cdn0.woolworths.media/content/wowproductimages/large/089786.jpg"],"storeId":"woolworths","packageSize":"30 tablets","cupPrice":"$48.33 / 100EA","locations":{"ALL":{"price":14.5,"discountRate":50,"promo":"","orgPrice":29}},"categoryIds":["w-health-beauty"],"similarProducts":[]},{"id":"w-91654-784927406434","name":"Renovatio Original Activated Phenolics Powder","brand":"Renovatio","imageUrls":["https://cdn0.woolworths.media/content/wowproductimages/large/091654.jpg"],"storeId":"woolworths","packageSize":"150g","cupPrice":"$11.67 / 100G","locations":{"ALL":{"price":17.5,"discountRate":50,"promo":"","orgPrice":35}},"categoryIds":["w-health-beauty"],"similarProducts":[]},{"id":"w-213349-9314807045197","name":"Rosken Skin Repair Hand Cream For Dry Skin","brand":"Rosken","imageUrls":["https://cdn0.woolworths.media/content/wowproductimages/large/213349.jpg"],"storeId":"woolworths","packageSize":"75ml","cupPrice":"$2.65 / 100ML","locations":{"ALL":{"price":1.99,"discountRate":50,"promo":"","orgPrice":3.99}},"categoryIds":["w-health-beauty"],"similarProducts":[]},{"id":"w-754716-9310714214831","name":"Schwarzkopf Brilliance 59 Violet Wild Silk","brand":"Schwarzkopf","imageUrls":["https://cdn0.woolworths.media/content/wowproductimages/large/754716.jpg"],"storeId":"woolworths","packageSize":"each","cupPrice":"$0.00 / 0","locations":{"ALL":{"price":7.2,"discountRate":50,"promo":"","orgPrice":14.4}},"categoryIds":["w-health-beauty"],"similarProducts":[]},{"id":"w-285791-9310714205372","name":"Schwarzkopf Brilliance 68 Chocolate Rush","brand":"Schwarzkopf","imageUrls":["https://cdn0.woolworths.media/content/wowproductimages/large/285791.jpg"],"storeId":"woolworths","packageSize":"1pk","cupPrice":"$0.00 / 0","locations":{"ALL":{"price":7.2,"discountRate":50,"promo":"","orgPrice":14.4}},"categoryIds":["w-health-beauty"],"similarProducts":[]},{"id":"w-285799-9310714205426","name":"Schwarzkopf Brilliance 88 Dark Brown","brand":"Schwarzkopf","imageUrls":["https://cdn0.woolworths.media/content/wowproductimages/large/285799.jpg"],"storeId":"woolworths","packageSize":"1pk","cupPrice":"$0.00 / 0","locations":{"ALL":{"price":7.2,"discountRate":50,"promo":"","orgPrice":14.4}},"categoryIds":["w-health-beauty"],"similarProducts":[]},{"id":"w-285794-9310714205396","name":"Schwarzkopf Brilliance 89 Bitter Sweet Chocolate","brand":"Schwarzkopf","imageUrls":["https://cdn0.woolworths.media/content/wowproductimages/large/285794.jpg"],"storeId":"woolworths","packageSize":"1pk","cupPrice":"$0.00 / 0","locations":{"ALL":{"price":7.2,"discountRate":50,"promo":"","orgPrice":14.4}},"categoryIds":["w-health-beauty"],"similarProducts":[]},{"id":"w-285793-9310714205488","name":"Schwarzkopf Brilliance 90 Black","brand":"Schwarzkopf","imageUrls":["https://cdn0.woolworths.media/content/wowproductimages/large/285793.jpg"],"storeId":"woolworths","packageSize":"1pk","cupPrice":"$0.00 / 0","locations":{"ALL":{"price":7.2,"discountRate":50,"promo":"","orgPrice":14.4}},"categoryIds":["w-health-beauty"],"similarProducts":[]},{"id":"w-285792-9310714205457","name":"Schwarzkopf Brilliance 91 Blue Black","brand":"Schwarzkopf","imageUrls":["https://cdn0.woolworths.media/content/wowproductimages/large/285792.jpg"],"storeId":"woolworths","packageSize":"1pk","cupPrice":"$0.00 / 0","locations":{"ALL":{"price":7.2,"discountRate":50,"promo":"","orgPrice":14.4}},"categoryIds":["w-health-beauty"],"similarProducts":[]},{"id":"w-697249-9310714221709","name":"Schwarzkopf Brilliance 23 Burgundy Chic","brand":"Schwarzkopf","imageUrls":["https://cdn0.woolworths.media/content/wowproductimages/large/697249.jpg"],"storeId":"woolworths","packageSize":"each","cupPrice":"$0.00 / 0","locations":{"ALL":{"price":7.2,"discountRate":50,"promo":"","orgPrice":14.4}},"categoryIds":["w-health-beauty"],"similarProducts":[]},{"id":"w-305947-9310714206171","name":"Schwarzkopf Brilliance Luminance Smouldering Red L43","brand":"Schwarzkopf","imageUrls":["https://cdn0.woolworths.media/content/wowproductimages/large/305947.jpg"],"storeId":"woolworths","packageSize":"each","cupPrice":"$0.00 / 0","locations":{"ALL":{"price":7.2,"discountRate":50,"promo":"","orgPrice":14.4}},"categoryIds":["w-health-beauty"],"similarProducts":[]},{"id":"w-683756-9310714221303","name":"Schwarzkopf Colour Specialist 1.0 Opulent Black","brand":"Schwarzkopf","imageUrls":["https://cdn0.woolworths.media/content/wowproductimages/large/683756.jpg"],"storeId":"woolworths","packageSize":"each","cupPrice":"$9.50 / 1EA","locations":{"ALL":{"price":9.5,"discountRate":50,"promo":"","orgPrice":19}},"categoryIds":["w-health-beauty"],"similarProducts":[{"productId":"cw-91742","storeId":"chemist-warehouse"}]},{"id":"w-601359-9310714220870","name":"Schwarzkopf Colour Specialist 5.1 Cool Light Brown","brand":"Schwarzkopf","imageUrls":["https://cdn0.woolworths.media/content/wowproductimages/large/601359.jpg"],"storeId":"woolworths","packageSize":"each","cupPrice":"$9.50 / 1EA","locations":{"ALL":{"price":9.5,"discountRate":50,"promo":"","orgPrice":19}},"categoryIds":["w-health-beauty"],"similarProducts":[{"productId":"cw-83609","storeId":"chemist-warehouse"},{"productId":"cw-83613","storeId":"chemist-warehouse"},{"productId":"cw-83608","storeId":"chemist-warehouse"}]},{"id":"w-601565-9310714220917","name":"Schwarzkopf Colour Specialist 8.1 Cool Light Blonde","brand":"Schwarzkopf","imageUrls":["https://cdn0.woolworths.media/content/wowproductimages/large/601565.jpg"],"storeId":"woolworths","packageSize":"each","cupPrice":"$9.50 / 1EA","locations":{"ALL":{"price":9.5,"discountRate":50,"promo":"","orgPrice":19}},"categoryIds":["w-health-beauty"],"similarProducts":[{"productId":"cw-83605","storeId":"chemist-warehouse"},{"productId":"cw-83613","storeId":"chemist-warehouse"},{"productId":"cw-83608","storeId":"chemist-warehouse"}]},{"id":"w-83448-9310714223918","name":"Schwarzkopf Extra Care Bio Tech 4in1 Repair Treatment","brand":"Schwarzkopf","imageUrls":["https://cdn0.woolworths.media/content/wowproductimages/large/083448.jpg"],"storeId":"woolworths","packageSize":"250ml","cupPrice":"$3.00 / 100ML","locations":{"ALL":{"price":7.5,"discountRate":50,"promo":"","orgPrice":15}},"categoryIds":["w-health-beauty"],"similarProducts":[]},{"id":"w-83260-9310714223895","name":"Schwarzkopf Extra Care Bio Tech Colour Conditioner","brand":"Schwarzkopf","imageUrls":["https://cdn0.woolworths.media/content/wowproductimages/large/083260.jpg"],"storeId":"woolworths","packageSize":"500ml","cupPrice":"$1.70 / 100ML","locations":{"ALL":{"price":8.5,"discountRate":50,"promo":"","orgPrice":17}},"categoryIds":["w-health-beauty"],"similarProducts":[{"productId":"cw-99465","storeId":"chemist-warehouse"}]},{"id":"w-83248-9310714223888","name":"Schwarzkopf Extra Care Bio Tech Colour Shampoo","brand":"Schwarzkopf","imageUrls":["https://cdn0.woolworths.media/content/wowproductimages/large/083248.jpg"],"storeId":"woolworths","packageSize":"500ml","cupPrice":"$1.70 / 100ML","locations":{"ALL":{"price":8.5,"discountRate":50,"promo":"","orgPrice":17}},"categoryIds":["w-health-beauty"],"similarProducts":[{"productId":"cw-99466","storeId":"chemist-warehouse"}]},{"id":"w-83439-9310714223864","name":"Schwarzkopf Extra Care Bio Tech Pro-balance Shampoo","brand":"Schwarzkopf","imageUrls":["https://cdn0.woolworths.media/content/wowproductimages/large/083439.jpg"],"storeId":"woolworths","packageSize":"500ml","cupPrice":"$1.70 / 100ML","locations":{"ALL":{"price":8.5,"discountRate":50,"promo":"","orgPrice":17}},"categoryIds":["w-health-beauty"],"similarProducts":[{"productId":"cw-99468","storeId":"chemist-warehouse"}]},{"id":"w-83542-9310714223857","name":"Schwarzkopf Extra Care Bio Tech Repair Conditioner","brand":"Schwarzkopf","imageUrls":["https://cdn0.woolworths.media/content/wowproductimages/large/083542.jpg"],"storeId":"woolworths","packageSize":"500ml","cupPrice":"$1.70 / 100ML","locations":{"ALL":{"price":8.5,"discountRate":50,"promo":"","orgPrice":17}},"categoryIds":["w-health-beauty"],"similarProducts":[{"productId":"cw-99469","storeId":"chemist-warehouse"}]},{"id":"w-860019-9310714223383","name":"Schwarzkopf Extra Care Blonde Toner","brand":"Schwarzkopf","imageUrls":["https://cdn0.woolworths.media/content/wowproductimages/large/860019.jpg"],"storeId":"woolworths","packageSize":"250ml","cupPrice":"$2.60 / 100ML","locations":{"ALL":{"price":6.5,"discountRate":50,"promo":"","orgPrice":13}},"categoryIds":["w-health-beauty"],"similarProducts":[]},{"id":"w-208698-9310714100240","name":"Schwarzkopf Extra Care Conditioner Colour Protect","brand":"Schwarzkopf","imageUrls":["https://cdn0.woolworths.media/content/wowproductimages/large/208698.jpg"],"storeId":"woolworths","packageSize":"400ml","cupPrice":"$0.86 / 100ML","locations":{"ALL":{"price":3.45,"discountRate":50,"promo":"","orgPrice":6.9}},"categoryIds":["w-health-beauty"],"similarProducts":[]},{"id":"w-589538-9310714221051","name":"Schwarzkopf Extra Care Conditioner Fibre Therapy","brand":"Schwarzkopf","imageUrls":["https://cdn0.woolworths.media/content/wowproductimages/large/589538.jpg"],"storeId":"woolworths","packageSize":"400ml","cupPrice":"$0.86 / 100ML","locations":{"ALL":{"price":3.45,"discountRate":50,"promo":"","orgPrice":6.9}},"categoryIds":["w-health-beauty"],"similarProducts":[]},{"id":"w-208689-9310714100288","name":"Schwarzkopf Extra Care Conditioner Liquid Silk","brand":"Schwarzkopf","imageUrls":["https://cdn0.woolworths.media/content/wowproductimages/large/208689.jpg"],"storeId":"woolworths","packageSize":"400ml","cupPrice":"$0.86 / 100ML","locations":{"ALL":{"price":3.45,"discountRate":50,"promo":"","orgPrice":6.9}},"categoryIds":["w-health-beauty"],"similarProducts":[]},{"id":"w-726202-9310714213094","name":"Schwarzkopf Extra Care Conditioner Marrakesh Oil","brand":"Schwarzkopf","imageUrls":["https://cdn0.woolworths.media/content/wowproductimages/large/726202.jpg"],"storeId":"woolworths","packageSize":"400ml","cupPrice":"$0.86 / 100ML","locations":{"ALL":{"price":3.45,"discountRate":50,"promo":"","orgPrice":6.9}},"categoryIds":["w-health-beauty"],"similarProducts":[]},{"id":"w-363573-9310714210642","name":"Schwarzkopf Extra Care Conditioner Push Up Volume Hair Repair","brand":"Schwarzkopf","imageUrls":["https://cdn0.woolworths.media/content/wowproductimages/large/363573.jpg"],"storeId":"woolworths","packageSize":"400ml","cupPrice":"$0.86 / 100ML","locations":{"ALL":{"price":3.45,"discountRate":50,"promo":"","orgPrice":6.9}},"categoryIds":["w-health-beauty"],"similarProducts":[]},{"id":"w-683957-9310714221969","name":"Schwarzkopf Extra Care Conditionner Supreme Length","brand":"Schwarzkopf","imageUrls":["https://cdn0.woolworths.media/content/wowproductimages/large/683957.jpg"],"storeId":"woolworths","packageSize":"400ml","cupPrice":"$0.86 / 100ML","locations":{"ALL":{"price":3.45,"discountRate":50,"promo":"","orgPrice":6.9}},"categoryIds":["w-health-beauty"],"similarProducts":[]},{"id":"w-699901-9310714222409","name":"Schwarzkopf Extra Care Marrakesh Oil Conditioner","brand":"Schwarzkopf","imageUrls":["https://cdn0.woolworths.media/content/wowproductimages/large/699901.jpg"],"storeId":"woolworths","packageSize":"900ml","cupPrice":"$0.78 / 100ML","locations":{"ALL":{"price":7,"discountRate":50,"promo":"","orgPrice":14}},"categoryIds":["w-health-beauty"],"similarProducts":[]},{"id":"w-699900-9310714222393","name":"Schwarzkopf Extra Care Marrakesh Oil Shampoo","brand":"Schwarzkopf","imageUrls":["https://cdn0.woolworths.media/content/wowproductimages/large/699900.jpg"],"storeId":"woolworths","packageSize":"900ml","cupPrice":"$0.78 / 100ML","locations":{"ALL":{"price":7,"discountRate":50,"promo":"","orgPrice":14}},"categoryIds":["w-health-beauty"],"similarProducts":[]},{"id":"w-208704-9310714100257","name":"Schwarzkopf Extra Care Shampoo Colour Protect","brand":"Schwarzkopf","imageUrls":["https://cdn0.woolworths.media/content/wowproductimages/large/208704.jpg"],"storeId":"woolworths","packageSize":"400ml","cupPrice":"$0.86 / 100ML","locations":{"ALL":{"price":3.45,"discountRate":50,"promo":"","orgPrice":6.9}},"categoryIds":["w-health-beauty"],"similarProducts":[]},{"id":"w-589552-9310714221037","name":"Schwarzkopf Extra Care Shampoo Fibre Therapy","brand":"Schwarzkopf","imageUrls":["https://cdn0.woolworths.media/content/wowproductimages/large/589552.jpg"],"storeId":"woolworths","packageSize":"400ml","cupPrice":"$0.86 / 100ML","locations":{"ALL":{"price":3.45,"discountRate":50,"promo":"","orgPrice":6.9}},"categoryIds":["w-health-beauty"],"similarProducts":[]},{"id":"w-208687-9310714100301","name":"Schwarzkopf Extra Care Shampoo Liquid Silk","brand":"Schwarzkopf","imageUrls":["https://cdn0.woolworths.media/content/wowproductimages/large/208687.jpg"],"storeId":"woolworths","packageSize":"400ml","cupPrice":"$0.86 / 100ML","locations":{"ALL":{"price":3.45,"discountRate":50,"promo":"","orgPrice":6.9}},"categoryIds":["w-health-beauty"],"similarProducts":[]},{"id":"w-726195-9310714213087","name":"Schwarzkopf Extra Care Shampoo Marrakesh Oil","brand":"Schwarzkopf","imageUrls":["https://cdn0.woolworths.media/content/wowproductimages/large/726195.jpg"],"storeId":"woolworths","packageSize":"400ml","cupPrice":"$0.86 / 100ML","locations":{"ALL":{"price":3.45,"discountRate":50,"promo":"","orgPrice":6.9}},"categoryIds":["w-health-beauty"],"similarProducts":[]},{"id":"w-363572-9310714210635","name":"Schwarzkopf Extra Care Shampoo Push Up Volume Hair Repair","brand":"Schwarzkopf","imageUrls":["https://cdn0.woolworths.media/content/wowproductimages/large/363572.jpg"],"storeId":"woolworths","packageSize":"400ml","cupPrice":"$0.86 / 100ML","locations":{"ALL":{"price":3.45,"discountRate":50,"promo":"","orgPrice":6.9}},"categoryIds":["w-health-beauty"],"similarProducts":[]},{"id":"w-379198-9310714211403","name":"Schwarzkopf Extra Care Shampoo Ultimate Repair","brand":"Schwarzkopf","imageUrls":["https://cdn0.woolworths.media/content/wowproductimages/large/379198.jpg"],"storeId":"woolworths","packageSize":"400ml","cupPrice":"$0.86 / 100ML","locations":{"ALL":{"price":3.45,"discountRate":50,"promo":"","orgPrice":6.9}},"categoryIds":["w-health-beauty"],"similarProducts":[]},{"id":"w-859107-9310714223376","name":"Schwarzkopf Extra Care Shampoo Purple","brand":"Schwarzkopf","imageUrls":["https://cdn0.woolworths.media/content/wowproductimages/large/859107.jpg"],"storeId":"woolworths","packageSize":"250ml","cupPrice":"$2.60 / 100ML","locations":{"ALL":{"price":6.5,"discountRate":50,"promo":"","orgPrice":13}},"categoryIds":["w-health-beauty"],"similarProducts":[]},{"id":"w-683975-9310714221952","name":"Schwarzkopf Extra Care Shampoo Supreme Length","brand":"Schwarzkopf","imageUrls":["https://cdn0.woolworths.media/content/wowproductimages/large/683975.jpg"],"storeId":"woolworths","packageSize":"400ml","cupPrice":"$0.86 / 100ML","locations":{"ALL":{"price":3.45,"discountRate":50,"promo":"","orgPrice":6.9}},"categoryIds":["w-health-beauty"],"similarProducts":[]},{"id":"w-605226-9310714220832","name":"Schwarzkopf Gem Collection Brilliance 03 Dark Amethyst","brand":"Schwarzkopf","imageUrls":["https://cdn0.woolworths.media/content/wowproductimages/large/605226.jpg"],"storeId":"woolworths","packageSize":"each","cupPrice":"$0.00 / 0","locations":{"ALL":{"price":7.2,"discountRate":50,"promo":"","orgPrice":14.4}},"categoryIds":["w-health-beauty"],"similarProducts":[]},{"id":"w-742088-17000179445","name":"Schwarzkopf Hair Mascara Temporary Grey Cover Up Black","brand":"Schwarzkopf","imageUrls":["https://cdn0.woolworths.media/content/wowproductimages/large/742088.jpg"],"storeId":"woolworths","packageSize":"each","cupPrice":"$68.75 / 100ML","locations":{"ALL":{"price":11,"discountRate":50,"promo":"","orgPrice":22}},"categoryIds":["w-health-beauty"],"similarProducts":[]},{"id":"w-742050-17000179247","name":"Schwarzkopf Hair Mascara Temporary Grey Dark Blonde","brand":"Schwarzkopf","imageUrls":["https://cdn0.woolworths.media/content/wowproductimages/large/742050.jpg"],"storeId":"woolworths","packageSize":"each","cupPrice":"$68.75 / 100ML","locations":{"ALL":{"price":11,"discountRate":50,"promo":"","orgPrice":22}},"categoryIds":["w-health-beauty"],"similarProducts":[]},{"id":"w-705163-9310714212370","name":"Schwarzkopf Live Salon Hair Colour 3.0 Dark Brown","brand":"Schwarzkopf","imageUrls":["https://cdn0.woolworths.media/content/wowproductimages/large/705163.jpg"],"storeId":"woolworths","packageSize":"each","cupPrice":"$0.00 / 0","locations":{"ALL":{"price":7,"discountRate":50,"promo":"","orgPrice":14}},"categoryIds":["w-health-beauty"],"similarProducts":[]},{"id":"w-705174-9310714212479","name":"Schwarzkopf Live Salon Hair Colour 7.1 Medium Ash Blond","brand":"Schwarzkopf","imageUrls":["https://cdn0.woolworths.media/content/wowproductimages/large/705174.jpg"],"storeId":"woolworths","packageSize":"each","cupPrice":"$0.00 / 0","locations":{"ALL":{"price":7,"discountRate":50,"promo":"","orgPrice":14}},"categoryIds":["w-health-beauty"],"similarProducts":[]},{"id":"w-859115-9310714222973","name":"Schwarzkopf Live Salon Permanent Colour 3.44 Petrol Black","brand":"Schwarzkopf","imageUrls":["https://cdn0.woolworths.media/content/wowproductimages/large/859115.jpg"],"storeId":"woolworths","packageSize":"each","cupPrice":"$7.00 / 1EA","locations":{"ALL":{"price":7,"discountRate":50,"promo":"","orgPrice":14}},"categoryIds":["w-health-beauty"],"similarProducts":[]},{"id":"w-683751-9310714221594","name":"Schwarzkopf Root Retoucher Black","brand":"Schwarzkopf","imageUrls":["https://cdn0.woolworths.media/content/wowproductimages/large/683751.jpg"],"storeId":"woolworths","packageSize":"70g","cupPrice":"$12.86 / 100G","locations":{"ALL":{"price":9,"discountRate":50,"promo":"","orgPrice":18}},"categoryIds":["w-health-beauty"],"similarProducts":[]},{"id":"w-683766-9310714221600","name":"Schwarzkopf Root Retoucher Dark Brown","brand":"Schwarzkopf","imageUrls":["https://cdn0.woolworths.media/content/wowproductimages/large/683766_2.jpg"],"storeId":"woolworths","packageSize":"70g","cupPrice":"$12.86 / 100G","locations":{"ALL":{"price":9,"discountRate":50,"promo":"","orgPrice":18}},"categoryIds":["w-health-beauty"],"similarProducts":[]},{"id":"w-819568-8717163687611","name":"Simple Biodegradable Face Wipes","brand":"Simple","imageUrls":["https://cdn0.woolworths.media/content/wowproductimages/large/819568.jpg"],"storeId":"woolworths","packageSize":"25 pack","cupPrice":"$0.15 / 1EA","locations":{"ALL":{"price":3.75,"discountRate":50,"promo":"","orgPrice":7.5}},"categoryIds":["w-health-beauty"],"similarProducts":[]},{"id":"w-779218-5011451106475","name":"Simple Cleanser Vital Vitamin Foaming","brand":"Simple","imageUrls":["https://cdn0.woolworths.media/content/wowproductimages/large/779218.jpg"],"storeId":"woolworths","packageSize":"150ml","cupPrice":"$4.17 / 100ML","locations":{"ALL":{"price":6.25,"discountRate":50,"promo":"","orgPrice":12.5}},"categoryIds":["w-health-beauty"],"similarProducts":[]},{"id":"w-819567-8717163667132","name":"Simple Daily Skin Detox Charcoal Purifying Sheet Mask","brand":"Simple","imageUrls":["https://cdn0.woolworths.media/content/wowproductimages/large/819567.jpg"],"storeId":"woolworths","packageSize":"21ml","cupPrice":"$11.90 / 100ML","locations":{"ALL":{"price":2.5,"discountRate":50,"promo":"","orgPrice":5}},"categoryIds":["w-health-beauty"],"similarProducts":[]},{"id":"w-819566-8710447473849","name":"Simple Daily Skin Detox Face Wipes Clear + Matte","brand":"Simple","imageUrls":["https://cdn0.woolworths.media/content/wowproductimages/large/819566.jpg"],"storeId":"woolworths","packageSize":"25 pack","cupPrice":"$0.15 / 1EA","locations":{"ALL":{"price":3.75,"discountRate":50,"promo":"","orgPrice":7.5}},"categoryIds":["w-health-beauty"],"similarProducts":[]},{"id":"w-207769-5011451103917","name":"Simple Kind To Eyes Make Up Remover Conditioning Eye","brand":"Simple","imageUrls":["https://cdn0.woolworths.media/content/wowproductimages/large/207769.jpg"],"storeId":"woolworths","packageSize":"125ml","cupPrice":"$4.40 / 100ML","locations":{"ALL":{"price":5.5,"discountRate":50,"promo":"","orgPrice":11}},"categoryIds":["w-health-beauty"],"similarProducts":[]},{"id":"w-207489-5011451103931","name":"Simple Kind To Skin Light Moisturiser Hydrating","brand":"Simple","imageUrls":["https://cdn0.woolworths.media/content/wowproductimages/large/207489.jpg"],"storeId":"woolworths","packageSize":"125ml","cupPrice":"$4.20 / 100ML","locations":{"ALL":{"price":5.25,"discountRate":50,"promo":"","orgPrice":10.5}},"categoryIds":["w-health-beauty"],"similarProducts":[]},{"id":"w-819446-8717163667125","name":"Simple Kind To Skin Sheet Mask Radiance Boosting","brand":"Simple","imageUrls":["https://cdn0.woolworths.media/content/wowproductimages/large/819446.jpg"],"storeId":"woolworths","packageSize":"21ml","cupPrice":"$10.00 / 100ML","locations":{"ALL":{"price":2.5,"discountRate":50,"promo":"","orgPrice":5}},"categoryIds":["w-health-beauty"],"similarProducts":[]},{"id":"w-674884-8710908711619","name":"Simple Water Boost Facial Cleanser Micellar Water","brand":"Simple","imageUrls":["https://cdn0.woolworths.media/content/wowproductimages/large/674884.jpg"],"storeId":"woolworths","packageSize":"400ml","cupPrice":"$1.63 / 100ML","locations":{"ALL":{"price":6.5,"discountRate":50,"promo":"","orgPrice":13}},"categoryIds":["w-health-beauty"],"similarProducts":[]},{"id":"w-819449-8717163679555","name":"Simple Water Boost Sheet Mask 5 Minute Reset Hydrogel","brand":"Simple","imageUrls":["https://cdn0.woolworths.media/content/wowproductimages/large/819449.jpg"],"storeId":"woolworths","packageSize":"33g","cupPrice":"$7.46 / 100G","locations":{"ALL":{"price":2.5,"discountRate":50,"promo":"","orgPrice":5}},"categoryIds":["w-health-beauty"],"similarProducts":[]},{"id":"w-731126-9336573000187","name":"Slim Secrets Craving Crusher Cookies & Cream","brand":"Slim Secrets","imageUrls":["https://cdn0.woolworths.media/content/wowproductimages/large/731126.jpg"],"storeId":"woolworths","packageSize":"40g","cupPrice":"$3.75 / 100G","locations":{"ALL":{"price":1.5,"discountRate":50,"promo":"","orgPrice":3}},"categoryIds":["w-health-beauty"],"similarProducts":[]},{"id":"w-260398-9336573000040","name":"Slim Secrets Mintabolism Boost Bar","brand":"Slim Secrets","imageUrls":["https://cdn0.woolworths.media/content/wowproductimages/large/260398.jpg"],"storeId":"woolworths","packageSize":"40g","cupPrice":"$3.75 / 100G","locations":{"ALL":{"price":1.5,"discountRate":50,"promo":"","orgPrice":3}},"categoryIds":["w-health-beauty"],"similarProducts":[]},{"id":"w-863251-9336573005007","name":"Slim Secrets Protein Pud With Chia Salted Caramel","brand":"Slim Secrets","imageUrls":["https://cdn0.woolworths.media/content/wowproductimages/large/863251.jpg"],"storeId":"woolworths","packageSize":"115g","cupPrice":"$1.96 / 100G","locations":{"ALL":{"price":2.25,"discountRate":50,"promo":"","orgPrice":4.5}},"categoryIds":["w-health-beauty"],"similarProducts":[]},{"id":"w-824524-9312240710252","name":"Solvol Heavy Duty Liquid Hand Cleaner","brand":"Solvol","imageUrls":["https://cdn0.woolworths.media/content/wowproductimages/large/824524.jpg"],"storeId":"woolworths","packageSize":"250ml","cupPrice":"$0.00 / 0","locations":{"ALL":{"price":2.5,"discountRate":50,"promo":"","orgPrice":5}},"categoryIds":["w-health-beauty"],"similarProducts":[]},{"id":"w-486428-9300830029785","name":"Sunsilk Biotin Conditioner Longer & Stronger","brand":"Sunsilk","imageUrls":["https://cdn0.woolworths.media/content/wowproductimages/large/486428.jpg"],"storeId":"woolworths","packageSize":"350ml","cupPrice":"$0.79 / 100ML","locations":{"ALL":{"price":2.75,"discountRate":50,"promo":"","orgPrice":5.5}},"categoryIds":["w-health-beauty"],"similarProducts":[]},{"id":"w-486433-9300830029235","name":"Sunsilk Biotin Shampoo Longer & Stronger","brand":"Sunsilk","imageUrls":["https://cdn0.woolworths.media/content/wowproductimages/large/486433.jpg"],"storeId":"woolworths","packageSize":"350ml","cupPrice":"$0.79 / 100ML","locations":{"ALL":{"price":2.75,"discountRate":50,"promo":"","orgPrice":5.5}},"categoryIds":["w-health-beauty"],"similarProducts":[]},{"id":"w-463195-9300830032204","name":"Sunsilk Biotin Shampoo Longer & Stronger","brand":"Sunsilk","imageUrls":["https://cdn0.woolworths.media/content/wowproductimages/large/463195.jpg"],"storeId":"woolworths","packageSize":"700ml","cupPrice":"$0.71 / 100ML","locations":{"ALL":{"price":5,"discountRate":50,"promo":"","orgPrice":10}},"categoryIds":["w-health-beauty"],"similarProducts":[]},{"id":"w-463191-9300830030675","name":"Sunsilk Conditioner Addictive Brilliant Shine","brand":"Sunsilk","imageUrls":["https://cdn0.woolworths.media/content/wowproductimages/large/463191.jpg"],"storeId":"woolworths","packageSize":"700ml","cupPrice":"$0.71 / 100ML","locations":{"ALL":{"price":5,"discountRate":50,"promo":"","orgPrice":10}},"categoryIds":["w-health-beauty"],"similarProducts":[]},{"id":"w-463180-9300830030989","name":"Sunsilk Conditioner Soft & Smooth","brand":"Sunsilk","imageUrls":["https://cdn0.woolworths.media/content/wowproductimages/large/463180.jpg"],"storeId":"woolworths","packageSize":"700ml","cupPrice":"$0.71 / 100ML","locations":{"ALL":{"price":5,"discountRate":50,"promo":"","orgPrice":10}},"categoryIds":["w-health-beauty"],"similarProducts":[]},{"id":"w-804087-9300830048502","name":"Sunsilk Conditioner Summer Care","brand":"Sunsilk","imageUrls":["https://cdn0.woolworths.media/content/wowproductimages/large/804087.jpg"],"storeId":"woolworths","packageSize":"700ml","cupPrice":"$0.71 / 100ML","locations":{"ALL":{"price":5,"discountRate":50,"promo":"","orgPrice":10}},"categoryIds":["w-health-beauty"],"similarProducts":[]},{"id":"w-463182-9300830030743","name":"Sunsilk Keratin Conditioner Defeat Damage","brand":"Sunsilk","imageUrls":["https://cdn0.woolworths.media/content/wowproductimages/large/463182.jpg"],"storeId":"woolworths","packageSize":"700ml","cupPrice":"$0.71 / 100ML","locations":{"ALL":{"price":5,"discountRate":50,"promo":"","orgPrice":10}},"categoryIds":["w-health-beauty"],"similarProducts":[]},{"id":"w-486476-9300830029099","name":"Sunsilk Keratin Conditioner Defeat Damage","brand":"Sunsilk","imageUrls":["https://cdn0.woolworths.media/content/wowproductimages/large/486476.jpg"],"storeId":"woolworths","packageSize":"350ml","cupPrice":"$0.79 / 100ML","locations":{"ALL":{"price":2.75,"discountRate":50,"promo":"","orgPrice":5.5}},"categoryIds":["w-health-beauty"],"similarProducts":[]},{"id":"w-486482-9300830028863","name":"Sunsilk Keratin Shampoo Defeat Damage","brand":"Sunsilk","imageUrls":["https://cdn0.woolworths.media/content/wowproductimages/large/486482.jpg"],"storeId":"woolworths","packageSize":"350ml","cupPrice":"$0.79 / 100ML","locations":{"ALL":{"price":2.75,"discountRate":50,"promo":"","orgPrice":5.5}},"categoryIds":["w-health-beauty"],"similarProducts":[]},{"id":"w-463192-9300830032341","name":"Sunsilk Shampoo Defeat Damage","brand":"Sunsilk","imageUrls":["https://cdn0.woolworths.media/content/wowproductimages/large/463192.jpg"],"storeId":"woolworths","packageSize":"700ml","cupPrice":"$0.71 / 100ML","locations":{"ALL":{"price":5,"discountRate":50,"promo":"","orgPrice":10}},"categoryIds":["w-health-beauty"],"similarProducts":[]},{"id":"w-486414-9300830029402","name":"Sunsilk Shampoo Detox For Men","brand":"Sunsilk","imageUrls":["https://cdn0.woolworths.media/content/wowproductimages/large/486414.jpg"],"storeId":"woolworths","packageSize":"350ml","cupPrice":"$0.79 / 100ML","locations":{"ALL":{"price":2.75,"discountRate":50,"promo":"","orgPrice":5.5}},"categoryIds":["w-health-beauty"],"similarProducts":[]},{"id":"w-463194-9300830032587","name":"Sunsilk Shampoo Soft & Smooth","brand":"Sunsilk","imageUrls":["https://cdn0.woolworths.media/content/wowproductimages/large/463194.jpg"],"storeId":"woolworths","packageSize":"700ml","cupPrice":"$0.71 / 100ML","locations":{"ALL":{"price":5,"discountRate":50,"promo":"","orgPrice":10}},"categoryIds":["w-health-beauty"],"similarProducts":[]},{"id":"w-486506-9300830028559","name":"Sunsilk Soft & Smooth Conditioner","brand":"Sunsilk","imageUrls":["https://cdn0.woolworths.media/content/wowproductimages/large/486506.jpg"],"storeId":"woolworths","packageSize":"350ml","cupPrice":"$0.79 / 100ML","locations":{"ALL":{"price":2.75,"discountRate":50,"promo":"","orgPrice":5.5}},"categoryIds":["w-health-beauty"],"similarProducts":[]},{"id":"w-486505-9300830029549","name":"Sunsilk Soft & Smooth Shampoo","brand":"Sunsilk","imageUrls":["https://cdn0.woolworths.media/content/wowproductimages/large/486505.jpg"],"storeId":"woolworths","packageSize":"350ml","cupPrice":"$0.79 / 100ML","locations":{"ALL":{"price":2.75,"discountRate":50,"promo":"","orgPrice":5.5}},"categoryIds":["w-health-beauty"],"similarProducts":[]},{"id":"w-804094-9300830048472","name":"Sunsilk Summer Care Conditioner","brand":"Sunsilk","imageUrls":["https://cdn0.woolworths.media/content/wowproductimages/large/804094.jpg"],"storeId":"woolworths","packageSize":"350ml","cupPrice":"$0.79 / 100ML","locations":{"ALL":{"price":2.75,"discountRate":50,"promo":"","orgPrice":5.5}},"categoryIds":["w-health-beauty"],"similarProducts":[]},{"id":"w-804093-9300830048496","name":"Sunsilk Summer Care Shampoo Coconut Oil & Hibiscus","brand":"Sunsilk","imageUrls":["https://cdn0.woolworths.media/content/wowproductimages/large/804093.jpg"],"storeId":"woolworths","packageSize":"700ml","cupPrice":"$0.71 / 100ML","locations":{"ALL":{"price":5,"discountRate":50,"promo":"","orgPrice":10}},"categoryIds":["w-health-beauty"],"similarProducts":[]},{"id":"w-804088-9300830048489","name":"Sunsilk Summer Care Shampoo","brand":"Sunsilk","imageUrls":["https://cdn0.woolworths.media/content/wowproductimages/large/804088.jpg"],"storeId":"woolworths","packageSize":"350ml","cupPrice":"$0.79 / 100ML","locations":{"ALL":{"price":2.75,"discountRate":50,"promo":"","orgPrice":5.5}},"categoryIds":["w-health-beauty"],"similarProducts":[]},{"id":"w-486510-9300830029167","name":"Sunsilk Total Care 2 In 1 Shampoo","brand":"Sunsilk","imageUrls":["https://cdn0.woolworths.media/content/wowproductimages/large/486510.jpg"],"storeId":"woolworths","packageSize":"350ml","cupPrice":"$0.79 / 100ML","locations":{"ALL":{"price":2.75,"discountRate":50,"promo":"","orgPrice":5.5}},"categoryIds":["w-health-beauty"],"similarProducts":[]},{"id":"w-86765-9351594001593","name":"Sup Clear Skin Capsules","brand":"Sup","imageUrls":["https://cdn0.woolworths.media/content/wowproductimages/large/086765.jpg"],"storeId":"woolworths","packageSize":"30 pack","cupPrice":"$33.33 / 100EA","locations":{"ALL":{"price":10,"discountRate":50,"promo":"","orgPrice":20}},"categoryIds":["w-health-beauty"],"similarProducts":[]},{"id":"w-58991-9351594001364","name":"Sup Collagen Hair Skin & Nails","brand":"Sup","imageUrls":["https://cdn0.woolworths.media/content/wowproductimages/large/058991.jpg"],"storeId":"woolworths","packageSize":"60 pack","cupPrice":"$15.83 / 100EA","locations":{"ALL":{"price":9.5,"discountRate":50,"promo":"","orgPrice":19}},"categoryIds":["w-health-beauty"],"similarProducts":[]},{"id":"w-814992-9351594001005","name":"Sup Focus Mental Performance Supplements","brand":"Sup","imageUrls":["https://cdn0.woolworths.media/content/wowproductimages/large/814992.jpg"],"storeId":"woolworths","packageSize":"25 pack","cupPrice":"$50.00 / 100EA","locations":{"ALL":{"price":12.5,"discountRate":50,"promo":"","orgPrice":25}},"categoryIds":["w-health-beauty"],"similarProducts":[]},{"id":"w-86378-9351594001586","name":"Sup Good Hair Day Tablets","brand":"Sup","imageUrls":["https://cdn0.woolworths.media/content/wowproductimages/large/086378.jpg"],"storeId":"woolworths","packageSize":"30 pack","cupPrice":"$33.33 / 100EA","locations":{"ALL":{"price":10,"discountRate":50,"promo":"","orgPrice":20}},"categoryIds":["w-health-beauty"],"similarProducts":[]},{"id":"w-59009-9351594001302","name":"Sup Gut Love 7.5b Probiotics","brand":"Sup","imageUrls":["https://cdn0.woolworths.media/content/wowproductimages/large/059009.jpg"],"storeId":"woolworths","packageSize":"60 pack","cupPrice":"$20.83 / 100EA","locations":{"ALL":{"price":12.5,"discountRate":50,"promo":"","orgPrice":25}},"categoryIds":["w-health-beauty"],"similarProducts":[]},{"id":"w-86400-9351594001579","name":"Sup Gut Love Debloat Capsules","brand":"Sup","imageUrls":["https://cdn0.woolworths.media/content/wowproductimages/large/086400.jpg"],"storeId":"woolworths","packageSize":"30 pack","cupPrice":"$33.33 / 100EA","locations":{"ALL":{"price":10,"discountRate":50,"promo":"","orgPrice":20}},"categoryIds":["w-health-beauty"],"similarProducts":[]},{"id":"w-86694-9351594001531","name":"Sup Hair Skin & Nails Gummies Raspberry Flavour","brand":"Sup","imageUrls":["https://cdn0.woolworths.media/content/wowproductimages/large/086694.jpg"],"storeId":"woolworths","packageSize":"60 pack","cupPrice":"$16.67 / 100EA","locations":{"ALL":{"price":10,"discountRate":50,"promo":"","orgPrice":20}},"categoryIds":["w-health-beauty"],"similarProducts":[]},{"id":"w-814702-9351594001012","name":"Sup Inner Glow Collagen Boost Supplements","brand":"Sup","imageUrls":["https://cdn0.woolworths.media/content/wowproductimages/large/814702.jpg"],"storeId":"woolworths","packageSize":"30 pack","cupPrice":"$38.33 / 100EA","locations":{"ALL":{"price":11.5,"discountRate":50,"promo":"","orgPrice":23}},"categoryIds":["w-health-beauty"],"similarProducts":[]},{"id":"w-814711-9351594000961","name":"Sup Men's Essentials Supplements","brand":"Sup","imageUrls":["https://cdn0.woolworths.media/content/wowproductimages/large/814711.jpg"],"storeId":"woolworths","packageSize":"30 pack","cupPrice":"$38.33 / 100EA","locations":{"ALL":{"price":11.5,"discountRate":50,"promo":"","orgPrice":23}},"categoryIds":["w-health-beauty"],"similarProducts":[]},{"id":"w-84961-9351594001555","name":"Sup Multi Essentials Gummies Berry Orange & Lemon Flavour","brand":"Sup","imageUrls":["https://cdn0.woolworths.media/content/wowproductimages/large/084961.jpg"],"storeId":"woolworths","packageSize":"65 pack","cupPrice":"$15.38 / 100EA","locations":{"ALL":{"price":10,"discountRate":50,"promo":"","orgPrice":20}},"categoryIds":["w-health-beauty"],"similarProducts":[]},{"id":"w-58989-9351594001272","name":"Sup Omg Magnesium","brand":"Sup","imageUrls":["https://cdn0.woolworths.media/content/wowproductimages/large/058989.jpg"],"storeId":"woolworths","packageSize":"60 pack","cupPrice":"$11.67 / 100EA","locations":{"ALL":{"price":7,"discountRate":50,"promo":"","orgPrice":14}},"categoryIds":["w-health-beauty"],"similarProducts":[]},{"id":"w-58977-9351594001418","name":"Sup Shots Collagen Hair Skin & Nails","brand":"Sup","imageUrls":["https://cdn0.woolworths.media/content/wowproductimages/large/058977.jpg"],"storeId":"woolworths","packageSize":"8 pack x 50ml","cupPrice":"$3.13 / 100ML","locations":{"ALL":{"price":12.5,"discountRate":50,"promo":"","orgPrice":25}},"categoryIds":["w-health-beauty"],"similarProducts":[]},{"id":"w-58979-9351594001401","name":"Sup Shots Fit Energy - Fuel Ignite Train","brand":"Sup","imageUrls":["https://cdn0.woolworths.media/content/wowproductimages/large/058979.jpg"],"storeId":"woolworths","packageSize":"8 pack x 50ml","cupPrice":"$3.13 / 100ML","locations":{"ALL":{"price":12.5,"discountRate":50,"promo":"","orgPrice":25}},"categoryIds":["w-health-beauty"],"similarProducts":[]},{"id":"w-58964-9351594001395","name":"Sup Shots Gut Love","brand":"Sup","imageUrls":["https://cdn0.woolworths.media/content/wowproductimages/large/058964.jpg"],"storeId":"woolworths","packageSize":"8 pack x 50ml","cupPrice":"$3.13 / 100ML","locations":{"ALL":{"price":12.5,"discountRate":50,"promo":"","orgPrice":25}},"categoryIds":["w-health-beauty"],"similarProducts":[]},{"id":"w-59022-9351594001487","name":"Sup Stress Less","brand":"Sup","imageUrls":["https://cdn0.woolworths.media/content/wowproductimages/large/059022.jpg"],"storeId":"woolworths","packageSize":"30 pack","cupPrice":"$41.67 / 100EA","locations":{"ALL":{"price":12.5,"discountRate":50,"promo":"","orgPrice":25}},"categoryIds":["w-health-beauty"],"similarProducts":[]},{"id":"w-59016-9351594001494","name":"Sup Weekly Capsule Organiser","brand":"Sup","imageUrls":["https://cdn0.woolworths.media/content/wowproductimages/large/059016.jpg"],"storeId":"woolworths","packageSize":"each","cupPrice":"$2.00 / 1EA","locations":{"ALL":{"price":2,"discountRate":50,"promo":"","orgPrice":4}},"categoryIds":["w-health-beauty"],"similarProducts":[]},{"id":"w-59012-9351594001463","name":"Sup Zzz... Sleep","brand":"Sup","imageUrls":["https://cdn0.woolworths.media/content/wowproductimages/large/059012.jpg"],"storeId":"woolworths","packageSize":"25 pack","cupPrice":"$50.00 / 100EA","locations":{"ALL":{"price":12.5,"discountRate":50,"promo":"","orgPrice":25}},"categoryIds":["w-health-beauty"],"similarProducts":[]},{"id":"w-61703-9311770598200","name":"Swisse High Strength C Immune Health Tablets","brand":"Swisse","imageUrls":["https://cdn0.woolworths.media/content/wowproductimages/large/061703.jpg"],"storeId":"woolworths","packageSize":"150 pack","cupPrice":"$13.33 / 100EA","locations":{"ALL":{"price":20,"discountRate":50,"promo":"","orgPrice":40}},"categoryIds":["w-health-beauty"],"similarProducts":[]},{"id":"w-307062-93388139","name":"Swisse Men's Ultivite Tablet","brand":"Swisse","imageUrls":["https://cdn0.woolworths.media/content/wowproductimages/large/307062.jpg"],"storeId":"woolworths","packageSize":"60 pack","cupPrice":"$25.00 / 100EA","locations":{"ALL":{"price":15,"discountRate":50,"promo":"","orgPrice":30}},"categoryIds":["w-health-beauty"],"similarProducts":[]},{"id":"w-711578-9311770589888","name":"Swisse Ultiboost Calcium + Vitamin D Tabs","brand":"Swisse","imageUrls":["https://cdn0.woolworths.media/content/wowproductimages/large/711578.jpg"],"storeId":"woolworths","packageSize":"90 pack","cupPrice":"$8.89 / 100EA","locations":{"ALL":{"price":8,"discountRate":50,"promo":"","orgPrice":16}},"categoryIds":["w-health-beauty"],"similarProducts":[{"productId":"swisse-vitamins-ultiboost-tablets-calcium-vitamin-d","storeId":"coles"},{"productId":"cw-67491","storeId":"chemist-warehouse"}]},{"id":"w-324905-9311770588041","name":"Swisse Ultiboost Hair Skin Nail Tabs","brand":"Swisse","imageUrls":["https://cdn0.woolworths.media/content/wowproductimages/large/324905.jpg"],"storeId":"woolworths","packageSize":"60 pack","cupPrice":"$19.17 / 100EA","locations":{"ALL":{"price":11.5,"discountRate":50,"promo":"","orgPrice":23}},"categoryIds":["w-health-beauty"],"similarProducts":[]},{"id":"w-345775-9311770588584","name":"Swisse Ultiboost Liver Detox Tabs","brand":"Swisse","imageUrls":["https://cdn0.woolworths.media/content/wowproductimages/large/345775.jpg"],"storeId":"woolworths","packageSize":"60 pack","cupPrice":"$17.67 / 100EA","locations":{"ALL":{"price":10.6,"discountRate":50,"promo":"","orgPrice":21.2}},"categoryIds":["w-health-beauty"],"similarProducts":[]},{"id":"w-324904-9311770588034","name":"Swisse Ultiboost Memory Focus Tabs","brand":"Swisse","imageUrls":["https://cdn0.woolworths.media/content/wowproductimages/large/324904.jpg"],"storeId":"woolworths","packageSize":"50 pack","cupPrice":"$29.20 / 100EA","locations":{"ALL":{"price":14.6,"discountRate":50,"promo":"","orgPrice":29.2}},"categoryIds":["w-health-beauty"],"similarProducts":[{"productId":"cw-57049","storeId":"chemist-warehouse"}]},{"id":"w-751314-9311770593199","name":"Swisse Ultiboost Relax & Sleep","brand":"Swisse","imageUrls":["https://cdn0.woolworths.media/content/wowproductimages/large/751314.jpg"],"storeId":"woolworths","packageSize":"60 tablets","cupPrice":"$26.67 / 100EA","locations":{"ALL":{"price":16,"discountRate":50,"promo":"","orgPrice":32}},"categoryIds":["w-health-beauty"],"similarProducts":[]},{"id":"w-679055-9311770596398","name":"Swisse Ultiboost Vitamin B12","brand":"Swisse","imageUrls":["https://cdn0.woolworths.media/content/wowproductimages/large/679055.jpg"],"storeId":"woolworths","packageSize":"60 pack","cupPrice":"$15.00 / 100EA","locations":{"ALL":{"price":9,"discountRate":50,"promo":"","orgPrice":18}},"categoryIds":["w-health-beauty"],"similarProducts":[]},{"id":"w-725119-9311770589666","name":"Swisse Ultiboost Zinc+ Tabs","brand":"Swisse","imageUrls":["https://cdn0.woolworths.media/content/wowproductimages/large/725119.jpg"],"storeId":"woolworths","packageSize":"60 pack","cupPrice":"$13.50 / 100EA","locations":{"ALL":{"price":8.1,"discountRate":50,"promo":"","orgPrice":16.2}},"categoryIds":["w-health-beauty"],"similarProducts":[]},{"id":"w-805945-93555166","name":"Swisse Ultiboost Daily Digestive Probiotic","brand":"Swisse","imageUrls":["https://cdn0.woolworths.media/content/wowproductimages/large/805945.jpg"],"storeId":"woolworths","packageSize":"30 tablets","cupPrice":"$53.33 / 100EA","locations":{"ALL":{"price":16,"discountRate":50,"promo":"","orgPrice":32}},"categoryIds":["w-health-beauty"],"similarProducts":[]},{"id":"w-88341-9311770604246","name":"Swisse Ultiboost Daily Immune Support Tablets","brand":"Swisse","imageUrls":["https://cdn0.woolworths.media/content/wowproductimages/large/088341.jpg"],"storeId":"woolworths","packageSize":"60 pack","cupPrice":"$16.67 / 100EA","locations":{"ALL":{"price":10,"discountRate":50,"promo":"","orgPrice":20}},"categoryIds":["w-health-beauty"],"similarProducts":[]},{"id":"w-733527-9311770591690","name":"Swisse Ultiboost High Strength Cranberry Capsules","brand":"Swisse","imageUrls":["https://cdn0.woolworths.media/content/wowproductimages/large/733527.jpg"],"storeId":"woolworths","packageSize":"30 pack","cupPrice":"$46.67 / 100EA","locations":{"ALL":{"price":14,"discountRate":50,"promo":"","orgPrice":28}},"categoryIds":["w-health-beauty"],"similarProducts":[]},{"id":"w-89206-9311770604178","name":"Swisse Ultiboost High Strength Vitamin C Tablets","brand":"Swisse","imageUrls":["https://cdn0.woolworths.media/content/wowproductimages/large/089206.jpg"],"storeId":"woolworths","packageSize":"20 pack","cupPrice":"$32.50 / 100EA","locations":{"ALL":{"price":6.5,"discountRate":50,"promo":"","orgPrice":13}},"categoryIds":["w-health-beauty"],"similarProducts":[]},{"id":"w-91142-9311770604239","name":"Swisse Ultiboost Immune Action With Andrographis Tablets","brand":"Swisse","imageUrls":["https://cdn0.woolworths.media/content/wowproductimages/large/091142.jpg"],"storeId":"woolworths","packageSize":"60 pack","cupPrice":"$25.00 / 100EA","locations":{"ALL":{"price":15,"discountRate":50,"promo":"","orgPrice":30}},"categoryIds":["w-health-beauty"],"similarProducts":[]},{"id":"w-90409-9311770595834","name":"Swisse Ultiboost Magensium Calcium & D3 Tablets","brand":"Swisse","imageUrls":["https://cdn0.woolworths.media/content/wowproductimages/large/090409.jpg"],"storeId":"woolworths","packageSize":"120 pack","cupPrice":"$10.42 / 100EA","locations":{"ALL":{"price":12.5,"discountRate":50,"promo":"","orgPrice":25}},"categoryIds":["w-health-beauty"],"similarProducts":[]},{"id":"w-307048-9311770587259","name":"Swisse Ultivite Women's 50+","brand":"Swisse","imageUrls":["https://cdn0.woolworths.media/content/wowproductimages/large/307048.jpg"],"storeId":"woolworths","packageSize":"60 pack","cupPrice":"$30.00 / 100EA","locations":{"ALL":{"price":18,"discountRate":50,"promo":"","orgPrice":36}},"categoryIds":["w-health-beauty"],"similarProducts":[]},{"id":"w-89455-9311770604253","name":"Swisse Utliboost Vitamin C Chewable Tablets Orange Flavour","brand":"Swisse","imageUrls":["https://cdn0.woolworths.media/content/wowproductimages/large/089455.jpg"],"storeId":"woolworths","packageSize":"110 pack","cupPrice":"$5.00 / 100EA","locations":{"ALL":{"price":5.5,"discountRate":50,"promo":"","orgPrice":11}},"categoryIds":["w-health-beauty"],"similarProducts":[]},{"id":"w-60167-9311770603720","name":"Swisse Women's Multivitamin & Superfood Blend","brand":"Swisse","imageUrls":["https://cdn0.woolworths.media/content/wowproductimages/large/060167.jpg"],"storeId":"woolworths","packageSize":"7 pack","cupPrice":"$1.43 / 1EA","locations":{"ALL":{"price":10,"discountRate":50,"promo":"","orgPrice":20}},"categoryIds":["w-health-beauty"],"similarProducts":[]},{"id":"w-805290-93553858","name":"Swisse Women's Ultivite","brand":"Swisse","imageUrls":["https://cdn0.woolworths.media/content/wowproductimages/large/805290.jpg"],"storeId":"woolworths","packageSize":"30 tablets","cupPrice":"$33.33 / 100EA","locations":{"ALL":{"price":10,"discountRate":50,"promo":"","orgPrice":20}},"categoryIds":["w-health-beauty"],"similarProducts":[]},{"id":"w-321622-9311770587617","name":"Swisse Ultiboost Sleep Tabs","brand":"Swisse","imageUrls":["https://cdn0.woolworths.media/content/wowproductimages/large/321622.jpg"],"storeId":"woolworths","packageSize":"60 pack","cupPrice":"$18.33 / 100EA","locations":{"ALL":{"price":11,"discountRate":50,"promo":"","orgPrice":22}},"categoryIds":["w-health-beauty"],"similarProducts":[]},{"id":"w-726243-79400197139","name":"Toni & Guy Cleanse Instant Refresh Dry Shampoo","brand":"Toni & Guy","imageUrls":["https://cdn0.woolworths.media/content/wowproductimages/large/726243.jpg"],"storeId":"woolworths","packageSize":"250ml","cupPrice":"$3.20 / 100ML","locations":{"ALL":{"price":8,"discountRate":50,"promo":"","orgPrice":16}},"categoryIds":["w-health-beauty"],"similarProducts":[]},{"id":"w-726224-79400204387","name":"Toni & Guy Conditioner For Fine Hair","brand":"Toni & Guy","imageUrls":["https://cdn0.woolworths.media/content/wowproductimages/large/726224.jpg"],"storeId":"woolworths","packageSize":"250ml","cupPrice":"$3.20 / 100ML","locations":{"ALL":{"price":8,"discountRate":50,"promo":"","orgPrice":16}},"categoryIds":["w-health-beauty"],"similarProducts":[]},{"id":"w-726251-79400204424","name":"Toni & Guy Damage Repair Conditioner For Damaged Hair","brand":"Toni & Guy","imageUrls":["https://cdn0.woolworths.media/content/wowproductimages/large/726251.jpg"],"storeId":"woolworths","packageSize":"250ml","cupPrice":"$3.20 / 100ML","locations":{"ALL":{"price":8,"discountRate":50,"promo":"","orgPrice":16}},"categoryIds":["w-health-beauty"],"similarProducts":[]},{"id":"w-75679-9300830057665","name":"Toni & Guy Long Lengths Conditioner","brand":"Toni & Guy","imageUrls":["https://cdn0.woolworths.media/content/wowproductimages/large/075679.jpg"],"storeId":"woolworths","packageSize":"250ml","cupPrice":"$3.20 / 100ML","locations":{"ALL":{"price":8,"discountRate":50,"promo":"","orgPrice":16}},"categoryIds":["w-health-beauty"],"similarProducts":[]},{"id":"w-75774-9300830057641","name":"Toni & Guy Long Lengths Shampoo","brand":"Toni & Guy","imageUrls":["https://cdn0.woolworths.media/content/wowproductimages/large/075774.jpg"],"storeId":"woolworths","packageSize":"250ml","cupPrice":"$3.20 / 100ML","locations":{"ALL":{"price":8,"discountRate":50,"promo":"","orgPrice":16}},"categoryIds":["w-health-beauty"],"similarProducts":[]},{"id":"w-726260-79400204370","name":"Toni & Guy Shampoo For Damaged Hair","brand":"Toni & Guy","imageUrls":["https://cdn0.woolworths.media/content/wowproductimages/large/726260.jpg"],"storeId":"woolworths","packageSize":"250ml","cupPrice":"$3.20 / 100ML","locations":{"ALL":{"price":8,"discountRate":50,"promo":"","orgPrice":16}},"categoryIds":["w-health-beauty"],"similarProducts":[]},{"id":"w-726207-79400204356","name":"Toni & Guy Shampoo For Fine Hair","brand":"Toni & Guy","imageUrls":["https://cdn0.woolworths.media/content/wowproductimages/large/726207.jpg"],"storeId":"woolworths","packageSize":"250ml","cupPrice":"$3.20 / 100ML","locations":{"ALL":{"price":8,"discountRate":50,"promo":"","orgPrice":16}},"categoryIds":["w-health-beauty"],"similarProducts":[]},{"id":"w-759449-79400263322","name":"Toni & Guy Shampoo For Normal Hair","brand":"Toni & Guy","imageUrls":["https://cdn0.woolworths.media/content/wowproductimages/large/759449.jpg"],"storeId":"woolworths","packageSize":"250ml","cupPrice":"$3.20 / 100ML","locations":{"ALL":{"price":8,"discountRate":50,"promo":"","orgPrice":16}},"categoryIds":["w-health-beauty"],"similarProducts":[]},{"id":"w-75773-9300830057658","name":"Toni & Guy Strength Plex Bond Repair Conditioner","brand":"Toni & Guy","imageUrls":["https://cdn0.woolworths.media/content/wowproductimages/large/075773.jpg"],"storeId":"woolworths","packageSize":"250ml","cupPrice":"$0.00 / 0","locations":{"ALL":{"price":8,"discountRate":50,"promo":"","orgPrice":16}},"categoryIds":["w-health-beauty"],"similarProducts":[]},{"id":"w-81499-9300830057627","name":"Toni & Guy Strength Plex Bond Repair Mask","brand":"Toni & Guy","imageUrls":["https://cdn0.woolworths.media/content/wowproductimages/large/081499.jpg"],"storeId":"woolworths","packageSize":"285ml","cupPrice":"$2.81 / 100ML","locations":{"ALL":{"price":8,"discountRate":50,"promo":"","orgPrice":16}},"categoryIds":["w-health-beauty"],"similarProducts":[]},{"id":"w-75678-9300830057634","name":"Toni & Guy Strength Plex Bond Repair Shampoo","brand":"Toni & Guy","imageUrls":["https://cdn0.woolworths.media/content/wowproductimages/large/075678.jpg"],"storeId":"woolworths","packageSize":"250ml","cupPrice":"$3.20 / 100ML","locations":{"ALL":{"price":8,"discountRate":50,"promo":"","orgPrice":16}},"categoryIds":["w-health-beauty"],"similarProducts":[]},{"id":"w-681098-9300830045648","name":"Toni & Guy Hydrating Conditioner","brand":"Toni & Guy","imageUrls":["https://cdn0.woolworths.media/content/wowproductimages/large/681098.jpg"],"storeId":"woolworths","packageSize":"250ml","cupPrice":"$3.20 / 100ML","locations":{"ALL":{"price":8,"discountRate":50,"promo":"","orgPrice":16}},"categoryIds":["w-health-beauty"],"similarProducts":[]},{"id":"w-681097-9300830045655","name":"Toni & Guy Hydrating Shampoo","brand":"Toni & Guy","imageUrls":["https://cdn0.woolworths.media/content/wowproductimages/large/681097.jpg"],"storeId":"woolworths","packageSize":"250ml","cupPrice":"$3.20 / 100ML","locations":{"ALL":{"price":8,"discountRate":50,"promo":"","orgPrice":16}},"categoryIds":["w-health-beauty"],"similarProducts":[]},{"id":"w-681092-9300830045006","name":"Toni & Guy Purple Shampoo","brand":"Toni & Guy","imageUrls":["https://cdn0.woolworths.media/content/wowproductimages/large/681092.jpg"],"storeId":"woolworths","packageSize":"250ml","cupPrice":"$3.20 / 100ML","locations":{"ALL":{"price":8,"discountRate":50,"promo":"","orgPrice":16}},"categoryIds":["w-health-beauty"],"similarProducts":[]},{"id":"w-852172-9300830051069","name":"Tresemme Botanique Restore & Shine Conditioner","brand":"Tresemme","imageUrls":["https://cdn0.woolworths.media/content/wowproductimages/large/852172.jpg"],"storeId":"woolworths","packageSize":"350ml","cupPrice":"$1.29 / 100ML","locations":{"ALL":{"price":4.5,"discountRate":50,"promo":"","orgPrice":9}},"categoryIds":["w-health-beauty"],"similarProducts":[{"productId":"cw-92799","storeId":"chemist-warehouse"},{"productId":"cw-92571","storeId":"chemist-warehouse"}]},{"id":"w-82388-9300830056293","name":"Tresemme Colour Shineplex Conditioner","brand":"Tresemme","imageUrls":["https://cdn0.woolworths.media/content/wowproductimages/large/082388.jpg"],"storeId":"woolworths","packageSize":"350ml","cupPrice":"$1.29 / 100ML","locations":{"ALL":{"price":4.5,"discountRate":50,"promo":"","orgPrice":9}},"categoryIds":["w-health-beauty"],"similarProducts":[]},{"id":"w-82387-9300830056286","name":"Tresemme Colour Shineplex Shampoo","brand":"Tresemme","imageUrls":["https://cdn0.woolworths.media/content/wowproductimages/large/082387.jpg"],"storeId":"woolworths","packageSize":"350ml","cupPrice":"$1.29 / 100ML","locations":{"ALL":{"price":4.5,"discountRate":50,"promo":"","orgPrice":9}},"categoryIds":["w-health-beauty"],"similarProducts":[]},{"id":"w-822770-9300830051137","name":"Tresemme Conditioner Keratin Smooth","brand":"Tresemme","imageUrls":["https://cdn0.woolworths.media/content/wowproductimages/large/822770.jpg"],"storeId":"woolworths","packageSize":"350ml","cupPrice":"$1.29 / 100ML","locations":{"ALL":{"price":4.5,"discountRate":50,"promo":"","orgPrice":9}},"categoryIds":["w-health-beauty"],"similarProducts":[]},{"id":"w-822767-9300830051076","name":"Tresemme Conditioner Repair & Protect","brand":"Tresemme","imageUrls":["https://cdn0.woolworths.media/content/wowproductimages/large/822767.jpg"],"storeId":"woolworths","packageSize":"350ml","cupPrice":"$1.29 / 100ML","locations":{"ALL":{"price":4.5,"discountRate":50,"promo":"","orgPrice":9}},"categoryIds":["w-health-beauty"],"similarProducts":[]},{"id":"w-822765-9300830051021","name":"Tresemme Conditioner Thick & Full","brand":"Tresemme","imageUrls":["https://cdn0.woolworths.media/content/wowproductimages/large/822765.jpg"],"storeId":"woolworths","packageSize":"350ml","cupPrice":"$1.29 / 100ML","locations":{"ALL":{"price":4.5,"discountRate":50,"promo":"","orgPrice":9}},"categoryIds":["w-health-beauty"],"similarProducts":[]},{"id":"w-822768-9300830051090","name":"Tresemme Conditioner Ultimate Hydration","brand":"Tresemme","imageUrls":["https://cdn0.woolworths.media/content/wowproductimages/large/822768.jpg"],"storeId":"woolworths","packageSize":"350ml","cupPrice":"$1.29 / 100ML","locations":{"ALL":{"price":4.5,"discountRate":50,"promo":"","orgPrice":9}},"categoryIds":["w-health-beauty"],"similarProducts":[]},{"id":"w-854819-9300830052424","name":"Tresemme Conditioner Botanique Restore & Shine","brand":"Tresemme","imageUrls":["https://cdn0.woolworths.media/content/wowproductimages/large/854819.jpg"],"storeId":"woolworths","packageSize":"675ml","cupPrice":"$0.96 / 100ML","locations":{"ALL":{"price":6.5,"discountRate":50,"promo":"","orgPrice":13}},"categoryIds":["w-health-beauty"],"similarProducts":[]},{"id":"w-855452-9300830052363","name":"Tresemme Conditioner Keratin Smooth","brand":"Tresemme","imageUrls":["https://cdn0.woolworths.media/content/wowproductimages/large/855452.jpg"],"storeId":"woolworths","packageSize":"675ml","cupPrice":"$0.96 / 100ML","locations":{"ALL":{"price":6.5,"discountRate":50,"promo":"","orgPrice":13}},"categoryIds":["w-health-beauty"],"similarProducts":[]},{"id":"w-822764-9300830051144","name":"Tresemme Keratin Smooth Shampoo","brand":"Tresemme","imageUrls":["https://cdn0.woolworths.media/content/wowproductimages/large/822764.jpg"],"storeId":"woolworths","packageSize":"350ml","cupPrice":"$1.29 / 100ML","locations":{"ALL":{"price":4.5,"discountRate":50,"promo":"","orgPrice":9}},"categoryIds":["w-health-beauty"],"similarProducts":[{"productId":"cw-92802","storeId":"chemist-warehouse"},{"productId":"cw-92572","storeId":"chemist-warehouse"}]},{"id":"w-822769-9300830051113","name":"Tresemme Purple Conditioner Violet Blonde Shine","brand":"Tresemme","imageUrls":["https://cdn0.woolworths.media/content/wowproductimages/large/822769.jpg"],"storeId":"woolworths","packageSize":"350ml","cupPrice":"$1.29 / 100ML","locations":{"ALL":{"price":4.5,"discountRate":50,"promo":"","orgPrice":9}},"categoryIds":["w-health-beauty"],"similarProducts":[]},{"id":"w-822763-9300830051120","name":"Tresemme Purple Shampoo Violet Blonde Shine","brand":"Tresemme","imageUrls":["https://cdn0.woolworths.media/content/wowproductimages/large/822763.jpg"],"storeId":"woolworths","packageSize":"350ml","cupPrice":"$1.29 / 100ML","locations":{"ALL":{"price":4.5,"discountRate":50,"promo":"","orgPrice":9}},"categoryIds":["w-health-beauty"],"similarProducts":[]},{"id":"w-855446-9300830052370","name":"Tresemme Shampoo Keratin Smooth","brand":"Tresemme","imageUrls":["https://cdn0.woolworths.media/content/wowproductimages/large/855446.jpg"],"storeId":"woolworths","packageSize":"675ml","cupPrice":"$0.96 / 100ML","locations":{"ALL":{"price":6.5,"discountRate":50,"promo":"","orgPrice":13}},"categoryIds":["w-health-beauty"],"similarProducts":[]},{"id":"w-857875-9300830052417","name":"Tresemme Shampoo Repair & Protect","brand":"Tresemme","imageUrls":["https://cdn0.woolworths.media/content/wowproductimages/large/857875.jpg"],"storeId":"woolworths","packageSize":"675ml","cupPrice":"$0.96 / 100ML","locations":{"ALL":{"price":6.5,"discountRate":50,"promo":"","orgPrice":13}},"categoryIds":["w-health-beauty"],"similarProducts":[]},{"id":"w-822761-9300830051083","name":"Tresemme Shampoo Repair & Protect","brand":"Tresemme","imageUrls":["https://cdn0.woolworths.media/content/wowproductimages/large/822761.jpg"],"storeId":"woolworths","packageSize":"350ml","cupPrice":"$1.29 / 100ML","locations":{"ALL":{"price":4.5,"discountRate":50,"promo":"","orgPrice":9}},"categoryIds":["w-health-beauty"],"similarProducts":[]},{"id":"w-822499-9300830051014","name":"Tresemme Shampoo Thick & Full","brand":"Tresemme","imageUrls":["https://cdn0.woolworths.media/content/wowproductimages/large/822499.jpg"],"storeId":"woolworths","packageSize":"350ml","cupPrice":"$1.29 / 100ML","locations":{"ALL":{"price":4.5,"discountRate":50,"promo":"","orgPrice":9}},"categoryIds":["w-health-beauty"],"similarProducts":[]},{"id":"w-822762-9300830051106","name":"Tresemme Shampoo Ultimate Hydration","brand":"Tresemme","imageUrls":["https://cdn0.woolworths.media/content/wowproductimages/large/822762.jpg"],"storeId":"woolworths","packageSize":"350ml","cupPrice":"$1.29 / 100ML","locations":{"ALL":{"price":4.5,"discountRate":50,"promo":"","orgPrice":9}},"categoryIds":["w-health-beauty"],"similarProducts":[]},{"id":"w-855440-9300830052431","name":"Tresemme Shampoo Botanique Restore & Shine","brand":"Tresemme","imageUrls":["https://cdn0.woolworths.media/content/wowproductimages/large/855440.jpg"],"storeId":"woolworths","packageSize":"675ml","cupPrice":"$0.96 / 100ML","locations":{"ALL":{"price":6.5,"discountRate":50,"promo":"","orgPrice":13}},"categoryIds":["w-health-beauty"],"similarProducts":[]},{"id":"w-852170-9300830051045","name":"Tresemme Shampoo Botanique Restore Shine","brand":"Tresemme","imageUrls":["https://cdn0.woolworths.media/content/wowproductimages/large/852170.jpg"],"storeId":"woolworths","packageSize":"350ml","cupPrice":"$1.29 / 100ML","locations":{"ALL":{"price":4.5,"discountRate":50,"promo":"","orgPrice":9}},"categoryIds":["w-health-beauty"],"similarProducts":[]},{"id":"w-85768-9300830058464","name":"Tresemme Violet Blonde Shine Conditioner","brand":"Tresemme","imageUrls":["https://cdn0.woolworths.media/content/wowproductimages/large/085768.jpg"],"storeId":"woolworths","packageSize":"675ml","cupPrice":"$0.96 / 100ML","locations":{"ALL":{"price":6.5,"discountRate":50,"promo":"","orgPrice":13}},"categoryIds":["w-health-beauty"],"similarProducts":[]},{"id":"w-85882-9300830058471","name":"Tresemme Violet Blonde Shine Shampoo","brand":"Tresemme","imageUrls":["https://cdn0.woolworths.media/content/wowproductimages/large/085882.jpg"],"storeId":"woolworths","packageSize":"675ml","cupPrice":"$0.96 / 100ML","locations":{"ALL":{"price":6.5,"discountRate":50,"promo":"","orgPrice":13}},"categoryIds":["w-health-beauty"],"similarProducts":[]},{"id":"w-508134-9320547004929","name":"Vital Strength Ripped Protein Powder Chocolate","brand":"Vital Strength","imageUrls":["https://cdn0.woolworths.media/content/wowproductimages/large/508134.jpg"],"storeId":"woolworths","packageSize":"600g","cupPrice":"$2.92 / 100G","locations":{"ALL":{"price":17.5,"discountRate":50,"promo":"","orgPrice":35}},"categoryIds":["w-health-beauty"],"similarProducts":[]},{"id":"w-58866-9347580000664","name":"Voost Effervescent Collagen Tablets","brand":"Voost","imageUrls":["https://cdn0.woolworths.media/content/wowproductimages/large/058866.jpg"],"storeId":"woolworths","packageSize":"40 pack","cupPrice":"$16.25 / 100EA","locations":{"ALL":{"price":6.5,"discountRate":50,"promo":"","orgPrice":13}},"categoryIds":["w-health-beauty"],"similarProducts":[]},{"id":"w-58699-9347580000640","name":"Voost Effervescent Energy Tablets","brand":"Voost","imageUrls":["https://cdn0.woolworths.media/content/wowproductimages/large/058699.jpg"],"storeId":"woolworths","packageSize":"40 pack","cupPrice":"$16.25 / 100EA","locations":{"ALL":{"price":6.5,"discountRate":50,"promo":"","orgPrice":13}},"categoryIds":["w-health-beauty"],"similarProducts":[]},{"id":"w-58869-9347580000633","name":"Voost Effervescent Magnesium Tablets","brand":"Voost","imageUrls":["https://cdn0.woolworths.media/content/wowproductimages/large/058869.jpg"],"storeId":"woolworths","packageSize":"40 pack","cupPrice":"$16.25 / 100EA","locations":{"ALL":{"price":6.5,"discountRate":50,"promo":"","orgPrice":13}},"categoryIds":["w-health-beauty"],"similarProducts":[]},{"id":"w-815326-9347580000299","name":"Voost Effervescent Vitamin B+ Performance","brand":"Voost","imageUrls":["https://cdn0.woolworths.media/content/wowproductimages/large/815326.jpg"],"storeId":"woolworths","packageSize":"40 pack","cupPrice":"$16.25 / 100EA","locations":{"ALL":{"price":6.5,"discountRate":50,"promo":"","orgPrice":13}},"categoryIds":["w-health-beauty"],"similarProducts":[]},{"id":"w-79918-9319871001407","name":"White Glo Instant White Toothpaste","brand":"White Glo","imageUrls":["https://cdn0.woolworths.media/content/wowproductimages/large/079918.jpg"],"storeId":"woolworths","packageSize":"150g","cupPrice":"$2.00 / 100G","locations":{"ALL":{"price":3,"discountRate":50,"promo":"","orgPrice":6}},"categoryIds":["w-health-beauty"],"similarProducts":[]},{"id":"w-81771-9319871001506","name":"White Glo Probiotic Whitening Toothpaste","brand":"White Glo","imageUrls":["https://cdn0.woolworths.media/content/wowproductimages/large/081771.jpg"],"storeId":"woolworths","packageSize":"150g","cupPrice":"$2.00 / 100G","locations":{"ALL":{"price":3,"discountRate":50,"promo":"","orgPrice":6}},"categoryIds":["w-health-beauty"],"similarProducts":[]},{"id":"w-378452-9333833007788","name":"Winners Sports Nutrition Energy Bar Apple Berry Crumble","brand":"Winners Sports Nutrition","imageUrls":["https://cdn0.woolworths.media/content/wowproductimages/large/378452.jpg"],"storeId":"woolworths","packageSize":"55g","cupPrice":"$2.27 / 100G","locations":{"ALL":{"price":1.25,"discountRate":50,"promo":"","orgPrice":2.5}},"categoryIds":["w-health-beauty"],"similarProducts":[]},{"id":"w-377681-4902430304733","name":"Ambi Pur Air Effects Aerosol Air Freshener Lavender & Vanilla","brand":"Ambi Pur","imageUrls":["https://cdn0.woolworths.media/content/wowproductimages/large/377681.jpg"],"storeId":"woolworths","packageSize":"275g","cupPrice":"$0.11 / 10G","locations":{"ALL":{"price":3,"discountRate":50,"promo":"","orgPrice":6}},"categoryIds":["w-household"],"similarProducts":[]},{"id":"w-377690-4902430304764","name":"Ambi Pur Air Effects Rocky Springs & Cool Aerosol Air Freshener","brand":"Ambi Pur","imageUrls":["https://cdn0.woolworths.media/content/wowproductimages/large/377690.jpg"],"storeId":"woolworths","packageSize":"275g","cupPrice":"$0.11 / 10G","locations":{"ALL":{"price":3,"discountRate":50,"promo":"","orgPrice":6}},"categoryIds":["w-household"],"similarProducts":[]},{"id":"w-83875-4902430915281","name":"Ambi Pur Bathroom Fresh Air Freshener Zesty Lemon","brand":"Ambi Pur","imageUrls":["https://cdn0.woolworths.media/content/wowproductimages/large/083875.jpg"],"storeId":"woolworths","packageSize":"6ml","cupPrice":"$0.00 / 0","locations":{"ALL":{"price":4,"discountRate":50,"promo":"","orgPrice":8}},"categoryIds":["w-household"],"similarProducts":[]},{"id":"w-896438-4902430570442","name":"Ambi Pur Car Air Freshener Mini Clip Vanilla Bliss","brand":"Ambi Pur","imageUrls":["https://cdn0.woolworths.media/content/wowproductimages/large/896438.jpg"],"storeId":"woolworths","packageSize":"2ml","cupPrice":"$3.00 / 1EA","locations":{"ALL":{"price":3,"discountRate":50,"promo":"","orgPrice":6}},"categoryIds":["w-household"],"similarProducts":[]},{"id":"w-503678-4902430571883","name":"Ambi Pur Car Air Freshener Premium Clip Aqua","brand":"Ambi Pur","imageUrls":["https://cdn0.woolworths.media/content/wowproductimages/large/503678.jpg"],"storeId":"woolworths","packageSize":"7.5ml","cupPrice":"$4.40 / 1EA","locations":{"ALL":{"price":4.4,"discountRate":50,"promo":"","orgPrice":8.8}},"categoryIds":["w-household"],"similarProducts":[]},{"id":"w-507554-4902430571906","name":"Ambi Pur Car Refill Aqua","brand":"Ambi Pur","imageUrls":["https://cdn0.woolworths.media/content/wowproductimages/large/507554.jpg"],"storeId":"woolworths","packageSize":"7.5ml","cupPrice":"$6.67 / 10ML","locations":{"ALL":{"price":5,"discountRate":50,"promo":"","orgPrice":10}},"categoryIds":["w-household"],"similarProducts":[]},{"id":"w-758135-4902430523103","name":"Ambi Pur Mini Clip Car Air Freshener New Zealand Springs","brand":"Ambi Pur","imageUrls":["https://cdn0.woolworths.media/content/wowproductimages/large/758135.jpg"],"storeId":"woolworths","packageSize":"2ml","cupPrice":"$3.00 / 1EA","locations":{"ALL":{"price":3,"discountRate":50,"promo":"","orgPrice":6}},"categoryIds":["w-household"],"similarProducts":[]},{"id":"w-758141-4902430377409","name":"Ambi Pur Mini Clip Car Air Freshener Sky Breeze","brand":"Ambi Pur","imageUrls":["https://cdn0.woolworths.media/content/wowproductimages/large/758141.jpg"],"storeId":"woolworths","packageSize":"2ml","cupPrice":"$3.00 / 1EA","locations":{"ALL":{"price":3,"discountRate":50,"promo":"","orgPrice":6}},"categoryIds":["w-household"],"similarProducts":[]},{"id":"w-757347-4902430470803","name":"Ambi Pur Plug In Air Freshener Vanilla Harmony Refill","brand":"Ambi Pur","imageUrls":["https://cdn0.woolworths.media/content/wowproductimages/large/757347.jpg"],"storeId":"woolworths","packageSize":"20ml","cupPrice":"$1.88 / 10ML","locations":{"ALL":{"price":3.75,"discountRate":50,"promo":"","orgPrice":7.5}},"categoryIds":["w-household"],"similarProducts":[]},{"id":"w-757395-4902430470827","name":"Ambi Pur Plug In Air Freshener Refill Lavender & Comfort","brand":"Ambi Pur","imageUrls":["https://cdn0.woolworths.media/content/wowproductimages/large/757395.jpg"],"storeId":"woolworths","packageSize":"20ml","cupPrice":"$1.88 / 10ML","locations":{"ALL":{"price":3.75,"discountRate":50,"promo":"","orgPrice":7.5}},"categoryIds":["w-household"],"similarProducts":[]},{"id":"w-758106-4902430475129","name":"Ambi Pur Plug In Air Freshener Refill Linen & Sky","brand":"Ambi Pur","imageUrls":["https://cdn0.woolworths.media/content/wowproductimages/large/758106.jpg"],"storeId":"woolworths","packageSize":"20ml","cupPrice":"$1.88 / 10ML","locations":{"ALL":{"price":3.75,"discountRate":50,"promo":"","orgPrice":7.5}},"categoryIds":["w-household"],"similarProducts":[]},{"id":"w-758099-4902430474665","name":"Ambi Pur Plug In Air Freshener Set Linen & Sky","brand":"Ambi Pur","imageUrls":["https://cdn0.woolworths.media/content/wowproductimages/large/758099.jpg"],"storeId":"woolworths","packageSize":"20ml","cupPrice":"$2.63 / 10ML","locations":{"ALL":{"price":5.25,"discountRate":50,"promo":"","orgPrice":10.5}},"categoryIds":["w-household"],"similarProducts":[]},{"id":"w-757366-4902430470629","name":"Ambi Pur Plug In Air Freshener Set Vanilla Harmony","brand":"Ambi Pur","imageUrls":["https://cdn0.woolworths.media/content/wowproductimages/large/757366.jpg"],"storeId":"woolworths","packageSize":"20ml","cupPrice":"$2.63 / 10ML","locations":{"ALL":{"price":5.25,"discountRate":50,"promo":"","orgPrice":10.5}},"categoryIds":["w-household"],"similarProducts":[]},{"id":"w-250458-4902430370745","name":"Ambi Pur Premium Clip Car Air Freshener Refill Vanilla Voyage","brand":"Ambi Pur","imageUrls":["https://cdn0.woolworths.media/content/wowproductimages/large/250458.jpg"],"storeId":"woolworths","packageSize":"2 x7.5ml","cupPrice":"$3.57 / 10ML","locations":{"ALL":{"price":5,"discountRate":50,"promo":"","orgPrice":10}},"categoryIds":["w-household"],"similarProducts":[]},{"id":"w-213682-4974052817502","name":"Artline Permanent Marker Black","brand":"Artline","imageUrls":["https://cdn0.woolworths.media/content/wowproductimages/large/213682.jpg"],"storeId":"woolworths","packageSize":"700mm 2pk","cupPrice":"$0.00 / 0","locations":{"ALL":{"price":3.75,"discountRate":50,"promo":"","orgPrice":7.5}},"categoryIds":["w-household"],"similarProducts":[]},{"id":"w-213895-4974052826696","name":"Artline Permanent Marker Black","brand":"Artline","imageUrls":["https://cdn0.woolworths.media/content/wowproductimages/large/213895.jpg"],"storeId":"woolworths","packageSize":"70mm 2pk","cupPrice":"$0.00 / 0","locations":{"ALL":{"price":3.75,"discountRate":50,"promo":"","orgPrice":7.5}},"categoryIds":["w-household"],"similarProducts":[]},{"id":"w-213896-4974052826702","name":"Artline Permanent Marker Black","brand":"Artline","imageUrls":["https://cdn0.woolworths.media/content/wowproductimages/large/213896.jpg"],"storeId":"woolworths","packageSize":"90mm 2pk","cupPrice":"$0.00 / 0","locations":{"ALL":{"price":3.75,"discountRate":50,"promo":"","orgPrice":7.5}},"categoryIds":["w-household"],"similarProducts":[]},{"id":"w-541263-3086123307520","name":"Bic 4 Colour Shine","brand":"Bic","imageUrls":["https://cdn0.woolworths.media/content/wowproductimages/large/541263.jpg"],"storeId":"woolworths","packageSize":"3 pack","cupPrice":"$0.00 / 0","locations":{"ALL":{"price":4.5,"discountRate":50,"promo":"","orgPrice":9}},"categoryIds":["w-household"],"similarProducts":[]},{"id":"w-401053-70330144576","name":"Bic Atlantis Pens Assorted","brand":"Bic","imageUrls":["https://cdn0.woolworths.media/content/wowproductimages/large/401053.jpg"],"storeId":"woolworths","packageSize":"4 pack","cupPrice":"$0.00 / 0","locations":{"ALL":{"price":2.6,"discountRate":50,"promo":"","orgPrice":5.25}},"categoryIds":["w-household"],"similarProducts":[]},{"id":"w-763331-70330139381","name":"Bic Atlantis Retractable Pen Black","brand":"Bic","imageUrls":["https://cdn0.woolworths.media/content/wowproductimages/large/763331.jpg"],"storeId":"woolworths","packageSize":"4 pack","cupPrice":"$0.00 / 0","locations":{"ALL":{"price":2.6,"discountRate":50,"promo":"","orgPrice":5.25}},"categoryIds":["w-household"],"similarProducts":[]},{"id":"w-252709-70330139374","name":"Bic Atlantis Retractable Pen Blue","brand":"Bic","imageUrls":["https://cdn0.woolworths.media/content/wowproductimages/large/252709.jpg"],"storeId":"woolworths","packageSize":"4 pack","cupPrice":"$0.00 / 0","locations":{"ALL":{"price":2.6,"discountRate":50,"promo":"","orgPrice":5.25}},"categoryIds":["w-household"],"similarProducts":[]},{"id":"w-743583-3086123008946","name":"Bic Clic 4 Colour Pen","brand":"Bic","imageUrls":["https://cdn0.woolworths.media/content/wowproductimages/large/743583.jpg"],"storeId":"woolworths","packageSize":"3 pack","cupPrice":"$0.00 / 0","locations":{"ALL":{"price":4,"discountRate":50,"promo":"","orgPrice":8}},"categoryIds":["w-household"],"similarProducts":[]},{"id":"w-922478-3086123341852","name":"Bic Fluo Lighter","brand":"Bic","imageUrls":["https://cdn0.woolworths.media/content/wowproductimages/large/922478.jpg"],"storeId":"woolworths","packageSize":"1pk","cupPrice":"$3.50 / 1EA","locations":{"ALL":{"price":3.5,"discountRate":50,"promo":"","orgPrice":7}},"categoryIds":["w-household"],"similarProducts":[]},{"id":"w-61967-70330314412","name":"Bic Gelocity Original Assorted","brand":"Bic","imageUrls":["https://cdn0.woolworths.media/content/wowproductimages/large/061967.jpg"],"storeId":"woolworths","packageSize":"4 pack","cupPrice":"$0.00 / 0","locations":{"ALL":{"price":4,"discountRate":50,"promo":"","orgPrice":8}},"categoryIds":["w-household"],"similarProducts":[]},{"id":"w-61974-70330201347","name":"Bic Gelocity Original Fashion","brand":"Bic","imageUrls":["https://cdn0.woolworths.media/content/wowproductimages/large/061974.jpg"],"storeId":"woolworths","packageSize":"4 pack","cupPrice":"$0.00 / 0","locations":{"ALL":{"price":4,"discountRate":50,"promo":"","orgPrice":8}},"categoryIds":["w-household"],"similarProducts":[]},{"id":"w-785296-3086123174092","name":"Bic Kids Crayons Turn & Colour","brand":"Bic","imageUrls":["https://cdn0.woolworths.media/content/wowproductimages/large/785296.jpg"],"storeId":"woolworths","packageSize":"12 pack","cupPrice":"$0.00 / 0","locations":{"ALL":{"price":3,"discountRate":50,"promo":"","orgPrice":6}},"categoryIds":["w-household"],"similarProducts":[]},{"id":"w-516753-3270220002734","name":"Bic Kids Felt Pens","brand":"Bic","imageUrls":["https://cdn0.woolworths.media/content/wowproductimages/large/516753.jpg"],"storeId":"woolworths","packageSize":"18 pack","cupPrice":"$3.75 / 1EA","locations":{"ALL":{"price":3.75,"discountRate":50,"promo":"","orgPrice":7.5}},"categoryIds":["w-household"],"similarProducts":[]},{"id":"w-516752-3086123499133","name":"Bic Kids Pencils Tropicolors","brand":"Bic","imageUrls":["https://cdn0.woolworths.media/content/wowproductimages/large/516752.jpg"],"storeId":"woolworths","packageSize":"24 pack","cupPrice":"$3.50 / 1EA","locations":{"ALL":{"price":3.5,"discountRate":50,"promo":"","orgPrice":7}},"categoryIds":["w-household"],"similarProducts":[]},{"id":"w-61986-9310025201247","name":"Bic Round Stic Classic Assorted","brand":"Bic","imageUrls":["https://cdn0.woolworths.media/content/wowproductimages/large/061986.jpg"],"storeId":"woolworths","packageSize":"10 pack","cupPrice":"$0.00 / 0","locations":{"ALL":{"price":2,"discountRate":50,"promo":"","orgPrice":4}},"categoryIds":["w-household"],"similarProducts":[]},{"id":"w-61984-9310025728942","name":"Bic Round Stic Classic Black","brand":"Bic","imageUrls":["https://cdn0.woolworths.media/content/wowproductimages/large/061984.jpg"],"storeId":"woolworths","packageSize":"10 pack","cupPrice":"$0.00 / 0","locations":{"ALL":{"price":2,"discountRate":50,"promo":"","orgPrice":4}},"categoryIds":["w-household"],"similarProducts":[]},{"id":"w-252710-70330411708","name":"Bic Velocity Mechanical Pencil","brand":"Bic","imageUrls":["https://cdn0.woolworths.media/content/wowproductimages/large/252710.jpg"],"storeId":"woolworths","packageSize":"2 pack","cupPrice":"$0.00 / 0","locations":{"ALL":{"price":2.5,"discountRate":50,"promo":"","orgPrice":5}},"categoryIds":["w-household"],"similarProducts":[]},{"id":"w-729687-9346176000057","name":"Bin Buddy Berry And Citrus","brand":"Bin Buddy","imageUrls":["https://cdn0.woolworths.media/content/wowproductimages/large/729687.jpg"],"storeId":"woolworths","packageSize":"450g","cupPrice":"$1.10 / 100G","locations":{"ALL":{"price":4.97,"discountRate":50,"promo":"","orgPrice":9.95}},"categoryIds":["w-household"],"similarProducts":[]},{"id":"w-431171-4901301511591","name":"Biozet Attack Front & Top Loader Laundry Powder","brand":"Biozet","imageUrls":["https://cdn0.woolworths.media/content/wowproductimages/large/431171.jpg"],"storeId":"woolworths","packageSize":"2kg","cupPrice":"$5.00 / 1KG","locations":{"ALL":{"price":9.99,"discountRate":50,"promo":"","orgPrice":19.99}},"categoryIds":["w-household"],"similarProducts":[{"productId":"biozet-attack-front-top-loader-laundry-powder","storeId":"coles"}]},{"id":"w-425288-4710363777698","name":"Biozet Attack Front & Top Loader Regular Laundry Liquid","brand":"Biozet","imageUrls":["https://cdn0.woolworths.media/content/wowproductimages/large/425288.jpg"],"storeId":"woolworths","packageSize":"2l","cupPrice":"$5.00 / 1L","locations":{"ALL":{"price":9.99,"discountRate":50,"promo":"","orgPrice":19.99}},"categoryIds":["w-household"],"similarProducts":[{"productId":"biozet-attack-front-top-loader-liquid","storeId":"coles"}]},{"id":"w-358119-9310115249593","name":"Bonds Explorer Socks Mens Black Size 11-14","brand":"Bonds","imageUrls":["https://cdn0.woolworths.media/content/wowproductimages/large/358119.jpg"],"storeId":"woolworths","packageSize":"1pk","cupPrice":"$0.00 / 0","locations":{"ALL":{"price":7,"discountRate":50,"promo":"","orgPrice":14}},"categoryIds":["w-household"],"similarProducts":[]},{"id":"w-357765-9310115249722","name":"Bonds Explorer Socks Mens Navy Size 11-14","brand":"Bonds","imageUrls":["https://cdn0.woolworths.media/content/wowproductimages/large/357765.jpg"],"storeId":"woolworths","packageSize":"each","cupPrice":"$0.00 / 0","locations":{"ALL":{"price":7,"discountRate":50,"promo":"","orgPrice":14}},"categoryIds":["w-household"],"similarProducts":[]},{"id":"w-361088-9354009664307","name":"Bonds Socks Mens Business Black Size 11-14","brand":"Bonds","imageUrls":["https://cdn0.woolworths.media/content/wowproductimages/large/361088.jpg"],"storeId":"woolworths","packageSize":"3 pack","cupPrice":"$2.33 / 1EA","locations":{"ALL":{"price":7,"discountRate":50,"promo":"","orgPrice":14}},"categoryIds":["w-household"],"similarProducts":[]},{"id":"w-7394-9354779894508","name":"Bonds Socks Mens Business Plain Size 6-10","brand":"Bonds","imageUrls":["https://cdn0.woolworths.media/content/wowproductimages/large/007394.jpg"],"storeId":"woolworths","packageSize":"3pk","cupPrice":"$2.33 / 1EA","locations":{"ALL":{"price":7,"discountRate":50,"promo":"","orgPrice":14}},"categoryIds":["w-household"],"similarProducts":[]},{"id":"w-114998-9310492006833","name":"Bostik Blu Stik Glue","brand":"Bostik","imageUrls":["https://cdn0.woolworths.media/content/wowproductimages/large/114998.jpg"],"storeId":"woolworths","packageSize":"35g","cupPrice":"$0.00 / 0","locations":{"ALL":{"price":1.75,"discountRate":50,"promo":"","orgPrice":3.5}},"categoryIds":["w-household"],"similarProducts":[]},{"id":"w-36431-9310492000459","name":"Bostik Blu-tack","brand":"Bostik","imageUrls":["https://cdn0.woolworths.media/content/wowproductimages/large/036431.jpg"],"storeId":"woolworths","packageSize":"75g","cupPrice":"$0.00 / 0","locations":{"ALL":{"price":1.25,"discountRate":50,"promo":"","orgPrice":2.5}},"categoryIds":["w-household"],"similarProducts":[]},{"id":"w-744423-9310492996929","name":"Bostik Glue Stick 35g","brand":"Bostik","imageUrls":["https://cdn0.woolworths.media/content/wowproductimages/large/744423.jpg"],"storeId":"woolworths","packageSize":"2 pack","cupPrice":"$0.00 / 0","locations":{"ALL":{"price":3,"discountRate":50,"promo":"","orgPrice":6}},"categoryIds":["w-household"],"similarProducts":[]},{"id":"w-673717-9318191903552","name":"Chux Dishwand Handle","brand":"Chux","imageUrls":["https://cdn0.woolworths.media/content/wowproductimages/large/673717.jpg"],"storeId":"woolworths","packageSize":"each","cupPrice":"$2.50 / 1EA","locations":{"ALL":{"price":2.5,"discountRate":50,"promo":"","orgPrice":5}},"categoryIds":["w-household"],"similarProducts":[]},{"id":"w-207919-9318191902401","name":"Chux Magic Eraser Spot Cleaner","brand":"Chux","imageUrls":["https://cdn0.woolworths.media/content/wowproductimages/large/207919.jpg"],"storeId":"woolworths","packageSize":"8 pack","cupPrice":"$0.25 / 1EA","locations":{"ALL":{"price":2,"discountRate":50,"promo":"","orgPrice":4}},"categoryIds":["w-household"],"similarProducts":[]},{"id":"w-32011-9318191153612","name":"Chux Original Superwipes","brand":"Chux","imageUrls":["https://cdn0.woolworths.media/content/wowproductimages/large/032011.jpg"],"storeId":"woolworths","packageSize":"10 pack","cupPrice":"$0.20 / 1EA","locations":{"ALL":{"price":2,"discountRate":50,"promo":"","orgPrice":4}},"categoryIds":["w-household"],"similarProducts":[]},{"id":"w-88311-9350376004548","name":"Cold Power 2 In 1 Advanced Clean Fabric Softener","brand":"Cold Power","imageUrls":["https://cdn0.woolworths.media/content/wowproductimages/large/088311.jpg"],"storeId":"woolworths","packageSize":"900g","cupPrice":"$6.11 / 1KG","locations":{"ALL":{"price":5.5,"discountRate":50,"promo":"","orgPrice":11}},"categoryIds":["w-household"],"similarProducts":[]},{"id":"w-88675-9350376003831","name":"Cold Power Advanced Clean","brand":"Cold Power","imageUrls":["https://cdn0.woolworths.media/content/wowproductimages/large/088675.jpg"],"storeId":"woolworths","packageSize":"1l","cupPrice":"$5.50 / 1L","locations":{"ALL":{"price":5.5,"discountRate":50,"promo":"","orgPrice":11}},"categoryIds":["w-household"],"similarProducts":[]},{"id":"w-571544-8934868125501","name":"Comfort Fabric Conditioner Amber & Rose","brand":"Comfort","imageUrls":["https://cdn0.woolworths.media/content/wowproductimages/large/571544.jpg"],"storeId":"woolworths","packageSize":"750ml","cupPrice":"$4.65 / 1L","locations":{"ALL":{"price":3.49,"discountRate":50,"promo":"","orgPrice":6.99}},"categoryIds":["w-household"],"similarProducts":[]},{"id":"w-679300-8934868132233","name":"Comfort Fabric Conditioner Rainforest Fresh","brand":"Comfort","imageUrls":["https://cdn0.woolworths.media/content/wowproductimages/large/679300.jpg"],"storeId":"woolworths","packageSize":"750ml","cupPrice":"$4.65 / 1L","locations":{"ALL":{"price":3.49,"discountRate":50,"promo":"","orgPrice":6.99}},"categoryIds":["w-household"],"similarProducts":[]},{"id":"w-861324-8934868109945","name":"Comfort Fabric Conditioner Vanilla Orchid","brand":"Comfort","imageUrls":["https://cdn0.woolworths.media/content/wowproductimages/large/861324.jpg"],"storeId":"woolworths","packageSize":"750ml","cupPrice":"$4.65 / 1L","locations":{"ALL":{"price":3.49,"discountRate":50,"promo":"","orgPrice":6.99}},"categoryIds":["w-household"],"similarProducts":[]},{"id":"w-659984-8934868129349","name":"Comfort Floral Blush Limited Edition Fabric Conditioner","brand":"Comfort","imageUrls":["https://cdn0.woolworths.media/content/wowproductimages/large/659984.jpg"],"storeId":"woolworths","packageSize":"750ml","cupPrice":"$4.65 / 1L","locations":{"ALL":{"price":3.49,"discountRate":50,"promo":"","orgPrice":6.99}},"categoryIds":["w-household"],"similarProducts":[]},{"id":"w-86861-8934868145103","name":"Comfort Sleep Aromatherapy Sheets & Towels Fabric Conditioner","brand":"Comfort","imageUrls":["https://cdn0.woolworths.media/content/wowproductimages/large/086861.jpg"],"storeId":"woolworths","packageSize":"750ml","cupPrice":"$4.65 / 1L","locations":{"ALL":{"price":3.49,"discountRate":50,"promo":"","orgPrice":6.99}},"categoryIds":["w-household"],"similarProducts":[]},{"id":"w-648078-71662003890","name":"Crayola Jumbo Crayons 8pk","brand":"Crayola","imageUrls":["https://cdn0.woolworths.media/content/wowproductimages/large/648078.jpg"],"storeId":"woolworths","packageSize":"8 pack","cupPrice":"$0.00 / 0","locations":{"ALL":{"price":3,"discountRate":50,"promo":"","orgPrice":6}},"categoryIds":["w-household"],"similarProducts":[]},{"id":"w-702538-71662252960","name":"Crayola Silly Scents Twistable Crayons","brand":"Crayola","imageUrls":["https://cdn0.woolworths.media/content/wowproductimages/large/702538.jpg"],"storeId":"woolworths","packageSize":"10 pack","cupPrice":"$0.00 / 0","locations":{"ALL":{"price":3,"discountRate":50,"promo":"","orgPrice":6}},"categoryIds":["w-household"],"similarProducts":[]},{"id":"w-653230-71662350123","name":"Crayola Super Tips Washable Markers","brand":"Crayola","imageUrls":["https://cdn0.woolworths.media/content/wowproductimages/large/653230.jpg"],"storeId":"woolworths","packageSize":"12 pack","cupPrice":"$0.00 / 0","locations":{"ALL":{"price":3,"discountRate":50,"promo":"","orgPrice":6}},"categoryIds":["w-household"],"similarProducts":[]},{"id":"w-648162-71662512064","name":"Crayola Washable Kids Paint","brand":"Crayola","imageUrls":["https://cdn0.woolworths.media/content/wowproductimages/large/648162.jpg"],"storeId":"woolworths","packageSize":"5 pack","cupPrice":"$0.00 / 0","locations":{"ALL":{"price":4,"discountRate":50,"promo":"","orgPrice":8}},"categoryIds":["w-household"],"similarProducts":[]},{"id":"w-259130-9300632067879","name":"Cuddly Concentrate Fabric Softener Aroma Collections Lavender","brand":"Cuddly","imageUrls":["https://cdn0.woolworths.media/content/wowproductimages/large/259130.jpg"],"storeId":"woolworths","packageSize":"500ml","cupPrice":"$4.98 / 1L","locations":{"ALL":{"price":2.49,"discountRate":50,"promo":"","orgPrice":4.99}},"categoryIds":["w-household"],"similarProducts":[]},{"id":"w-295088-9300632067855","name":"Cuddly Concentrate Fabric Softener Conditioner Soft & Sensitive","brand":"Cuddly","imageUrls":["https://cdn0.woolworths.media/content/wowproductimages/large/295088.jpg"],"storeId":"woolworths","packageSize":"500ml","cupPrice":"$4.98 / 1L","locations":{"ALL":{"price":2.49,"discountRate":50,"promo":"","orgPrice":4.99}},"categoryIds":["w-household"],"similarProducts":[]},{"id":"w-679284-9300632088904","name":"Cuddly Concentrate Fabric Softener Conditioner Sunshine Fresh","brand":"Cuddly","imageUrls":["https://cdn0.woolworths.media/content/wowproductimages/large/679284.jpg"],"storeId":"woolworths","packageSize":"2l","cupPrice":"$3.75 / 1L","locations":{"ALL":{"price":7.5,"discountRate":50,"promo":"","orgPrice":15}},"categoryIds":["w-household"],"similarProducts":[]},{"id":"w-863000-8850006931684","name":"Cuddly Fabric Softener Japanese Cherry Blossom","brand":"Cuddly","imageUrls":["https://cdn0.woolworths.media/content/wowproductimages/large/863000.jpg"],"storeId":"woolworths","packageSize":"1.9l","cupPrice":"$3.95 / 1L","locations":{"ALL":{"price":7.5,"discountRate":50,"promo":"","orgPrice":15}},"categoryIds":["w-household"],"similarProducts":[]},{"id":"w-759743-9300632074815","name":"Cuddly Hypoallergenic Fabric Softener Soft & Sensitive","brand":"Cuddly","imageUrls":["https://cdn0.woolworths.media/content/wowproductimages/large/759743.jpg"],"storeId":"woolworths","packageSize":"2l","cupPrice":"$3.75 / 1L","locations":{"ALL":{"price":7.5,"discountRate":50,"promo":"","orgPrice":15}},"categoryIds":["w-household"],"similarProducts":[]},{"id":"w-512329-9300621026627","name":"Decor Glass Measuring Jug With Lid","brand":"Decor","imageUrls":["https://cdn0.woolworths.media/content/wowproductimages/large/512329.jpg"],"storeId":"woolworths","packageSize":"650ml","cupPrice":"$0.00 / 0","locations":{"ALL":{"price":7.5,"discountRate":50,"promo":"","orgPrice":15}},"categoryIds":["w-household"],"similarProducts":[]},{"id":"w-742910-9300621017618","name":"Decor Match-ups Glass Storer Oblong","brand":"Decor","imageUrls":["https://cdn0.woolworths.media/content/wowproductimages/large/742910.jpg"],"storeId":"woolworths","packageSize":"1l","cupPrice":"$0.00 / 0","locations":{"ALL":{"price":5.5,"discountRate":50,"promo":"","orgPrice":11}},"categoryIds":["w-household"],"similarProducts":[]},{"id":"w-345104-9300621013733","name":"Decor Match-ups Storer Oblong","brand":"Decor","imageUrls":["https://cdn0.woolworths.media/content/wowproductimages/large/345104.jpg"],"storeId":"woolworths","packageSize":"500ml","cupPrice":"$0.00 / 0","locations":{"ALL":{"price":2.5,"discountRate":50,"promo":"","orgPrice":5}},"categoryIds":["w-household"],"similarProducts":[]},{"id":"w-588754-9300621028027","name":"Decor Microsafe 5 Piece Pack","brand":"Decor","imageUrls":["https://cdn0.woolworths.media/content/wowproductimages/large/588754.jpg"],"storeId":"woolworths","packageSize":"each","cupPrice":"$0.00 / 0","locations":{"ALL":{"price":8.5,"discountRate":50,"promo":"","orgPrice":17}},"categoryIds":["w-household"],"similarProducts":[]},{"id":"w-922933-9300621020533","name":"Decor Microsafe Container Noodle Bowl","brand":"Decor","imageUrls":["https://cdn0.woolworths.media/content/wowproductimages/large/922933.jpg"],"storeId":"woolworths","packageSize":"each","cupPrice":"$0.00 / 0","locations":{"ALL":{"price":4,"discountRate":50,"promo":"","orgPrice":8}},"categoryIds":["w-household"],"similarProducts":[]},{"id":"w-224230-9300621006155","name":"Decor Microsafe Container Oblong","brand":"Decor","imageUrls":["https://cdn0.woolworths.media/content/wowproductimages/large/224230.jpg"],"storeId":"woolworths","packageSize":"1.6l","cupPrice":"$0.00 / 0","locations":{"ALL":{"price":4,"discountRate":50,"promo":"","orgPrice":8}},"categoryIds":["w-household"],"similarProducts":[]},{"id":"w-224231-9300621006162","name":"Decor Microsafe Container Oblong","brand":"Decor","imageUrls":["https://cdn0.woolworths.media/content/wowproductimages/large/224231.jpg"],"storeId":"woolworths","packageSize":"900ml","cupPrice":"$0.00 / 0","locations":{"ALL":{"price":3,"discountRate":50,"promo":"","orgPrice":6}},"categoryIds":["w-household"],"similarProducts":[]},{"id":"w-224213-9300621006117","name":"Decor Microsafe Container Round","brand":"Decor","imageUrls":["https://cdn0.woolworths.media/content/wowproductimages/large/224213.jpg"],"storeId":"woolworths","packageSize":"1.5l","cupPrice":"$0.00 / 0","locations":{"ALL":{"price":4,"discountRate":50,"promo":"","orgPrice":8}},"categoryIds":["w-household"],"similarProducts":[]},{"id":"w-224227-9300621006124","name":"Decor Microsafe Container Round","brand":"Decor","imageUrls":["https://cdn0.woolworths.media/content/wowproductimages/large/224227.jpg"],"storeId":"woolworths","packageSize":"750ml","cupPrice":"$0.00 / 0","locations":{"ALL":{"price":3,"discountRate":50,"promo":"","orgPrice":6}},"categoryIds":["w-household"],"similarProducts":[]},{"id":"w-491645-9300621025248","name":"Decor Microsafe Easy Steam Egg Poacher","brand":"Decor","imageUrls":["https://cdn0.woolworths.media/content/wowproductimages/large/491645.jpg"],"storeId":"woolworths","packageSize":"each","cupPrice":"$7.50 / 1EA","locations":{"ALL":{"price":7.5,"discountRate":50,"promo":"","orgPrice":15}},"categoryIds":["w-household"],"similarProducts":[]},{"id":"w-676819-9300621028065","name":"Decor Microsafe Jewel Oblong","brand":"Decor","imageUrls":["https://cdn0.woolworths.media/content/wowproductimages/large/676819.jpg"],"storeId":"woolworths","packageSize":"3x900ml","cupPrice":"$0.00 / 0","locations":{"ALL":{"price":7,"discountRate":50,"promo":"","orgPrice":14}},"categoryIds":["w-household"],"similarProducts":[]},{"id":"w-27950-9300621033694","name":"Decor Microsafe Jewel Value Pack","brand":"Decor","imageUrls":["https://cdn0.woolworths.media/content/wowproductimages/large/027950.jpg"],"storeId":"woolworths","packageSize":"3 pack","cupPrice":"$0.00 / 0","locations":{"ALL":{"price":6,"discountRate":50,"promo":"","orgPrice":12}},"categoryIds":["w-household"],"similarProducts":[]},{"id":"w-309391-9300621010459","name":"Decor Microsafe Rice Cooker & Veg Steamer","brand":"Decor","imageUrls":["https://cdn0.woolworths.media/content/wowproductimages/large/309391.jpg"],"storeId":"woolworths","packageSize":"2.75l","cupPrice":"$0.00 / 0","locations":{"ALL":{"price":5,"discountRate":50,"promo":"","orgPrice":10}},"categoryIds":["w-household"],"similarProducts":[]},{"id":"w-252151-9300621008401","name":"Decor Microsafe Soup Mug","brand":"Decor","imageUrls":["https://cdn0.woolworths.media/content/wowproductimages/large/252151.jpg"],"storeId":"woolworths","packageSize":"each","cupPrice":"$0.00 / 0","locations":{"ALL":{"price":2.5,"discountRate":50,"promo":"","orgPrice":5}},"categoryIds":["w-household"],"similarProducts":[]},{"id":"w-4801-9300621025606","name":"Decor Tellfresh Storer Oblong","brand":"Decor","imageUrls":["https://cdn0.woolworths.media/content/wowproductimages/large/004801.jpg"],"storeId":"woolworths","packageSize":"900ml","cupPrice":"$0.00 / 0","locations":{"ALL":{"price":2.5,"discountRate":50,"promo":"","orgPrice":5}},"categoryIds":["w-household"],"similarProducts":[]},{"id":"w-4792-9300621022605","name":"Decor Tellfresh Storer Oblong","brand":"Decor","imageUrls":["https://cdn0.woolworths.media/content/wowproductimages/large/004792.jpg"],"storeId":"woolworths","packageSize":"1.8l","cupPrice":"$0.00 / 0","locations":{"ALL":{"price":3,"discountRate":50,"promo":"","orgPrice":6}},"categoryIds":["w-household"],"similarProducts":[]},{"id":"w-4803-9300621024609","name":"Decor Tellfresh Storer Oblong","brand":"Decor","imageUrls":["https://cdn0.woolworths.media/content/wowproductimages/large/004803.jpg"],"storeId":"woolworths","packageSize":"1l","cupPrice":"$0.00 / 0","locations":{"ALL":{"price":2.5,"discountRate":50,"promo":"","orgPrice":5}},"categoryIds":["w-household"],"similarProducts":[]},{"id":"w-229811-9300621006568","name":"Decor Tellfresh Storer Oblong 250ml","brand":"Decor","imageUrls":["https://cdn0.woolworths.media/content/wowproductimages/large/229811.jpg"],"storeId":"woolworths","packageSize":"3 pack","cupPrice":"$1.33 / 1EA","locations":{"ALL":{"price":4,"discountRate":50,"promo":"","orgPrice":8}},"categoryIds":["w-household"],"similarProducts":[]},{"id":"w-94205-9300621040609","name":"Decor Tellfresh Storer Oblong Tall","brand":"Decor","imageUrls":["https://cdn0.woolworths.media/content/wowproductimages/large/094205.jpg"],"storeId":"woolworths","packageSize":"1.75l","cupPrice":"$0.00 / 0","locations":{"ALL":{"price":3.5,"discountRate":50,"promo":"","orgPrice":7}},"categoryIds":["w-household"],"similarProducts":[]},{"id":"w-68403-9300621026603","name":"Decor Tellfresh Storer Oblong Tall","brand":"Decor","imageUrls":["https://cdn0.woolworths.media/content/wowproductimages/large/068403.jpg"],"storeId":"woolworths","packageSize":"800ml","cupPrice":"$0.00 / 0","locations":{"ALL":{"price":2.5,"discountRate":50,"promo":"","orgPrice":5}},"categoryIds":["w-household"],"similarProducts":[]},{"id":"w-492628-9300621009521","name":"Decor Tellfresh Super Storer Clear Super Storer 5.5l","brand":"Decor","imageUrls":["https://cdn0.woolworths.media/content/wowproductimages/large/492628.jpg"],"storeId":"woolworths","packageSize":"5.5l","cupPrice":"$0.00 / 0","locations":{"ALL":{"price":6,"discountRate":50,"promo":"","orgPrice":12}},"categoryIds":["w-household"],"similarProducts":[]},{"id":"w-692477-9300622001388","name":"Duck Active Foam Citrus","brand":"Duck","imageUrls":["https://cdn0.woolworths.media/content/wowproductimages/large/692477.jpg"],"storeId":"woolworths","packageSize":"38.6g","cupPrice":"$6.48 / 100G","locations":{"ALL":{"price":2.5,"discountRate":50,"promo":"","orgPrice":5}},"categoryIds":["w-household"],"similarProducts":[]},{"id":"w-692482-9300622001319","name":"Duck Active Foam Tropical Sunshine","brand":"Duck","imageUrls":["https://cdn0.woolworths.media/content/wowproductimages/large/692482.jpg"],"storeId":"woolworths","packageSize":"38.6g","cupPrice":"$6.48 / 100G","locations":{"ALL":{"price":2.5,"discountRate":50,"promo":"","orgPrice":5}},"categoryIds":["w-household"],"similarProducts":[]},{"id":"w-805480-9300622002590","name":"Duck Deep Action Gel Citrus","brand":"Duck","imageUrls":["https://cdn0.woolworths.media/content/wowproductimages/large/805480.jpg"],"storeId":"woolworths","packageSize":"750ml","cupPrice":"$0.33 / 100ML","locations":{"ALL":{"price":2.5,"discountRate":50,"promo":"","orgPrice":5}},"categoryIds":["w-household"],"similarProducts":[]},{"id":"w-805633-9300622002606","name":"Duck Deep Action Gel Lavender","brand":"Duck","imageUrls":["https://cdn0.woolworths.media/content/wowproductimages/large/805633.jpg"],"storeId":"woolworths","packageSize":"750ml","cupPrice":"$0.33 / 100ML","locations":{"ALL":{"price":2.5,"discountRate":50,"promo":"","orgPrice":5}},"categoryIds":["w-household"],"similarProducts":[]},{"id":"w-805847-9300622002774","name":"Duck Deep Action Gel Limited Edition","brand":"Duck","imageUrls":["https://cdn0.woolworths.media/content/wowproductimages/large/805847.jpg"],"storeId":"woolworths","packageSize":"750ml","cupPrice":"$0.33 / 100ML","locations":{"ALL":{"price":2.5,"discountRate":50,"promo":"","orgPrice":5}},"categoryIds":["w-household"],"similarProducts":[]},{"id":"w-805484-9300622002620","name":"Duck Deep Action Gel Pine","brand":"Duck","imageUrls":["https://cdn0.woolworths.media/content/wowproductimages/large/805484.jpg"],"storeId":"woolworths","packageSize":"750ml","cupPrice":"$0.33 / 100ML","locations":{"ALL":{"price":2.5,"discountRate":50,"promo":"","orgPrice":5}},"categoryIds":["w-household"],"similarProducts":[]},{"id":"w-805636-9300622002644","name":"Duck Foaming Bleach Gel Marine","brand":"Duck","imageUrls":["https://cdn0.woolworths.media/content/wowproductimages/large/805636.jpg"],"storeId":"woolworths","packageSize":"750ml","cupPrice":"$0.33 / 100ML","locations":{"ALL":{"price":2.5,"discountRate":50,"promo":"","orgPrice":5}},"categoryIds":["w-household"],"similarProducts":[]},{"id":"w-622975-5000204953152","name":"Duck Toilet Fresh Disc Lavender","brand":"Duck","imageUrls":["https://cdn0.woolworths.media/content/wowproductimages/large/622975.jpg"],"storeId":"woolworths","packageSize":"36ml","cupPrice":"$8.33 / 100ML","locations":{"ALL":{"price":3,"discountRate":50,"promo":"","orgPrice":6}},"categoryIds":["w-household"],"similarProducts":[]},{"id":"w-693103-8888021206043","name":"Energizer Max Plus Advanced Aaa","brand":"Energizer","imageUrls":["https://cdn0.woolworths.media/content/wowproductimages/large/693103.jpg"],"storeId":"woolworths","packageSize":"16 pack","cupPrice":"$0.75 / 1EA","locations":{"ALL":{"price":12,"discountRate":50,"promo":"","orgPrice":24}},"categoryIds":["w-household"],"similarProducts":[]},{"id":"w-693102-8888021206036","name":"Energizer Max Plus Advanced Aa","brand":"Energizer","imageUrls":["https://cdn0.woolworths.media/content/wowproductimages/large/693102.jpg"],"storeId":"woolworths","packageSize":"16 pack","cupPrice":"$0.75 / 1EA","locations":{"ALL":{"price":12,"discountRate":50,"promo":"","orgPrice":24}},"categoryIds":["w-household"],"similarProducts":[]},{"id":"w-64003-71641160132","name":"Expo Bullet Dry Erase Markers 4 Colours","brand":"Expo","imageUrls":["https://cdn0.woolworths.media/content/wowproductimages/large/064003.jpg"],"storeId":"woolworths","packageSize":"4 pack","cupPrice":"$0.00 / 0","locations":{"ALL":{"price":5.75,"discountRate":50,"promo":"","orgPrice":11.5}},"categoryIds":["w-household"],"similarProducts":[]},{"id":"w-521512-71641801523","name":"Expo Chisel Dry Erase Whiteboard Markers Black","brand":"Expo","imageUrls":["https://cdn0.woolworths.media/content/wowproductimages/large/521512.jpg"],"storeId":"woolworths","packageSize":"2 pack","cupPrice":"$1.50 / 1EA","locations":{"ALL":{"price":3,"discountRate":50,"promo":"","orgPrice":6}},"categoryIds":["w-household"],"similarProducts":[]},{"id":"w-521510-71641866010","name":"Expo Fine Whiteboard Markers Assorted","brand":"Expo","imageUrls":["https://cdn0.woolworths.media/content/wowproductimages/large/521510.jpg"],"storeId":"woolworths","packageSize":"8 pack","cupPrice":"$1.00 / 1EA","locations":{"ALL":{"price":8,"discountRate":50,"promo":"","orgPrice":16}},"categoryIds":["w-household"],"similarProducts":[]},{"id":"w-933690-4005401158554","name":"Faber-castell Coloured Pencils","brand":"Faber-castell","imageUrls":["https://cdn0.woolworths.media/content/wowproductimages/large/933690.jpg"],"storeId":"woolworths","packageSize":"24 pack","cupPrice":"$0.00 / 0","locations":{"ALL":{"price":4,"discountRate":50,"promo":"","orgPrice":8}},"categoryIds":["w-household"],"similarProducts":[]},{"id":"w-96750-9311279191209","name":"Faber-castell Connector Markers","brand":"Faber-castell","imageUrls":["https://cdn0.woolworths.media/content/wowproductimages/large/096750.jpg"],"storeId":"woolworths","packageSize":"20 pack","cupPrice":"$0.00 / 0","locations":{"ALL":{"price":3.75,"discountRate":50,"promo":"","orgPrice":7.5}},"categoryIds":["w-household"],"similarProducts":[]},{"id":"w-41808-8001090985491","name":"Fairy Platinum Plus Dishwasher Tablets Lemon","brand":"Fairy","imageUrls":["https://cdn0.woolworths.media/content/wowproductimages/large/041808.jpg"],"storeId":"woolworths","packageSize":"15 pack","cupPrice":"$0.53 / 1EA","locations":{"ALL":{"price":8,"discountRate":50,"promo":"","orgPrice":16}},"categoryIds":["w-household"],"similarProducts":[]},{"id":"w-472945-887961186307","name":"Fisher-price Laugh & Learn Puppy's Remote Assorted","brand":"Fisher-price","imageUrls":["https://cdn0.woolworths.media/content/wowproductimages/large/472945.jpg"],"storeId":"woolworths","packageSize":"each","cupPrice":"$0.00 / 0","locations":{"ALL":{"price":6.5,"discountRate":50,"promo":"","orgPrice":13}},"categoryIds":["w-household"],"similarProducts":[]},{"id":"w-5406-746775332303","name":"Fisher-price Poppity Pop Turtle Assorted","brand":"Fisher-price","imageUrls":["https://cdn0.woolworths.media/content/wowproductimages/large/005406.jpg"],"storeId":"woolworths","packageSize":"each","cupPrice":"$0.00 / 0","locations":{"ALL":{"price":5,"discountRate":50,"promo":"","orgPrice":10}},"categoryIds":["w-household"],"similarProducts":[]},{"id":"w-677149-8718033158125","name":"Jamie Oliver Large Baking Dish","brand":"Jamie Oliver","imageUrls":["https://cdn0.woolworths.media/content/wowproductimages/large/677149.jpg"],"storeId":"woolworths","packageSize":"each","cupPrice":"$0.00 / 0","locations":{"ALL":{"price":10,"discountRate":50,"promo":"","orgPrice":20}},"categoryIds":["w-household"],"similarProducts":[]},{"id":"w-677294-8718033158064","name":"Jamie Oliver Ramekins","brand":"Jamie Oliver","imageUrls":["https://cdn0.woolworths.media/content/wowproductimages/large/677294.jpg"],"storeId":"woolworths","packageSize":"4 pack","cupPrice":"$0.00 / 0","locations":{"ALL":{"price":6,"discountRate":50,"promo":"","orgPrice":12}},"categoryIds":["w-household"],"similarProducts":[]},{"id":"w-677295-8718033158088","name":"Jamie Oliver Small Baking Dish","brand":"Jamie Oliver","imageUrls":["https://cdn0.woolworths.media/content/wowproductimages/large/677295.jpg"],"storeId":"woolworths","packageSize":"each","cupPrice":"$0.00 / 0","locations":{"ALL":{"price":6,"discountRate":50,"promo":"","orgPrice":12}},"categoryIds":["w-household"],"similarProducts":[]},{"id":"w-79502-9310088002911","name":"Kleenex Aloe Vera Facial Tissues","brand":"Kleenex","imageUrls":["https://cdn0.woolworths.media/content/wowproductimages/large/079502.jpg"],"storeId":"woolworths","packageSize":"95 pack","cupPrice":"$1.37 / 100SS","locations":{"ALL":{"price":1.3,"discountRate":50,"promo":"","orgPrice":2.6}},"categoryIds":["w-household"],"similarProducts":[]},{"id":"w-79492-9310088002119","name":"Kleenex Facial Tissues Extra Care Eucalyptus","brand":"Kleenex","imageUrls":["https://cdn0.woolworths.media/content/wowproductimages/large/079492.jpg"],"storeId":"woolworths","packageSize":"95 pack","cupPrice":"$1.37 / 100SS","locations":{"ALL":{"price":1.3,"discountRate":50,"promo":"","orgPrice":2.6}},"categoryIds":["w-household"],"similarProducts":[]},{"id":"w-80919-9339687157006","name":"Little Wishes Bassinette Sheets","brand":"Little Wishes","imageUrls":["https://cdn0.woolworths.media/content/wowproductimages/large/080919.jpg"],"storeId":"woolworths","packageSize":"2 pack","cupPrice":"$0.00 / 0","locations":{"ALL":{"price":6,"discountRate":50,"promo":"","orgPrice":12}},"categoryIds":["w-household"],"similarProducts":[]},{"id":"w-81532-9339687157037","name":"Little Wishes Cot Blanket Waffle","brand":"Little Wishes","imageUrls":["https://cdn0.woolworths.media/content/wowproductimages/large/081532.JPG"],"storeId":"woolworths","packageSize":"each","cupPrice":"$0.00 / 0","locations":{"ALL":{"price":6,"discountRate":50,"promo":"","orgPrice":12}},"categoryIds":["w-household"],"similarProducts":[]},{"id":"w-80918-9339687156993","name":"Little Wishes Cot Sheet Set","brand":"Little Wishes","imageUrls":["https://cdn0.woolworths.media/content/wowproductimages/large/080918.jpg"],"storeId":"woolworths","packageSize":"2 pack","cupPrice":"$0.00 / 0","locations":{"ALL":{"price":7.5,"discountRate":50,"promo":"","orgPrice":15}},"categoryIds":["w-household"],"similarProducts":[]},{"id":"w-81533-9339687157044","name":"Little Wishes Hooded Towel With Wash Mitt","brand":"Little Wishes","imageUrls":["https://cdn0.woolworths.media/content/wowproductimages/large/081533.JPG"],"storeId":"woolworths","packageSize":"each","cupPrice":"$0.00 / 0","locations":{"ALL":{"price":7.5,"discountRate":50,"promo":"","orgPrice":15}},"categoryIds":["w-household"],"similarProducts":[]},{"id":"w-80917-9339687156986","name":"Little Wishes Mattress Protector Terry Fitted","brand":"Little Wishes","imageUrls":["https://cdn0.woolworths.media/content/wowproductimages/large/080917.JPG"],"storeId":"woolworths","packageSize":"each","cupPrice":"$0.00 / 0","locations":{"ALL":{"price":7.5,"discountRate":50,"promo":"","orgPrice":15}},"categoryIds":["w-household"],"similarProducts":[]},{"id":"w-81535-9339687157068","name":"Little Wishes Muslin Wrap With Toy","brand":"Little Wishes","imageUrls":["https://cdn0.woolworths.media/content/wowproductimages/large/081535.JPG"],"storeId":"woolworths","packageSize":"2 pack","cupPrice":"$0.00 / 0","locations":{"ALL":{"price":7.5,"discountRate":50,"promo":"","orgPrice":15}},"categoryIds":["w-household"],"similarProducts":[]},{"id":"w-80921-9339687157020","name":"Little Wishes Reversible Comforter","brand":"Little Wishes","imageUrls":["https://cdn0.woolworths.media/content/wowproductimages/large/080921.jpg"],"storeId":"woolworths","packageSize":"each","cupPrice":"$0.00 / 0","locations":{"ALL":{"price":10,"discountRate":50,"promo":"","orgPrice":20}},"categoryIds":["w-household"],"similarProducts":[]},{"id":"w-687198-9325448148703","name":"Michelle Bridges Bottle","brand":"Michelle Bridges","imageUrls":["https://cdn0.woolworths.media/content/wowproductimages/large/687198.jpg"],"storeId":"woolworths","packageSize":"1l","cupPrice":"$0.00 / 0","locations":{"ALL":{"price":7,"discountRate":50,"promo":"","orgPrice":14}},"categoryIds":["w-household"],"similarProducts":[]},{"id":"w-55954-9325448168558","name":"Michelle Bridges Insulated Lunch Bag","brand":"Michelle Bridges","imageUrls":["https://cdn0.woolworths.media/content/wowproductimages/large/055954.jpg"],"storeId":"woolworths","packageSize":"each","cupPrice":"$0.00 / 0","locations":{"ALL":{"price":10,"discountRate":50,"promo":"","orgPrice":20}},"categoryIds":["w-household"],"similarProducts":[]},{"id":"w-687520-9325448148659","name":"Michelle Bridges Meal Prep Containers","brand":"Michelle Bridges","imageUrls":["https://cdn0.woolworths.media/content/wowproductimages/large/687520.jpg"],"storeId":"woolworths","packageSize":"5 pack","cupPrice":"$0.00 / 0","locations":{"ALL":{"price":7.5,"discountRate":50,"promo":"","orgPrice":15}},"categoryIds":["w-household"],"similarProducts":[]},{"id":"w-687146-9325448148666","name":"Michelle Bridges Meal Prep Dipper Pots","brand":"Michelle Bridges","imageUrls":["https://cdn0.woolworths.media/content/wowproductimages/large/687146.jpg"],"storeId":"woolworths","packageSize":"6 pack","cupPrice":"$0.00 / 0","locations":{"ALL":{"price":3,"discountRate":50,"promo":"","orgPrice":6}},"categoryIds":["w-household"],"similarProducts":[]},{"id":"w-55962-9325448168565","name":"Michelle Bridges Snack Prep Kit","brand":"Michelle Bridges","imageUrls":["https://cdn0.woolworths.media/content/wowproductimages/large/055962.jpg"],"storeId":"woolworths","packageSize":"3 pack","cupPrice":"$0.00 / 0","locations":{"ALL":{"price":6,"discountRate":50,"promo":"","orgPrice":12}},"categoryIds":["w-household"],"similarProducts":[]},{"id":"w-807787-9348641008179","name":"Mirabella Genio Led Bc Cw 800lm","brand":"Mirabella","imageUrls":["https://cdn0.woolworths.media/content/wowproductimages/large/807787.jpg"],"storeId":"woolworths","packageSize":"each","cupPrice":"$10.00 / 1EA","locations":{"ALL":{"price":10,"discountRate":50,"promo":"","orgPrice":20}},"categoryIds":["w-household"],"similarProducts":[]},{"id":"w-807784-9348641008155","name":"Mirabella Genio Led Es Ww 800lm","brand":"Mirabella","imageUrls":["https://cdn0.woolworths.media/content/wowproductimages/large/807784.jpg"],"storeId":"woolworths","packageSize":"each","cupPrice":"$10.00 / 1EA","locations":{"ALL":{"price":10,"discountRate":50,"promo":"","orgPrice":20}},"categoryIds":["w-household"],"similarProducts":[]},{"id":"w-877102-9348641008377","name":"Mirabella Genio Wifi Dimmable 9w Led Light Bulb","brand":"Mirabella","imageUrls":["https://cdn0.woolworths.media/content/wowproductimages/large/877102.jpg"],"storeId":"woolworths","packageSize":"each","cupPrice":"$10.00 / 1EA","locations":{"ALL":{"price":10,"discountRate":50,"promo":"","orgPrice":20}},"categoryIds":["w-household"],"similarProducts":[]},{"id":"w-829558-9300615055909","name":"Morning Fresh Dishwashing Liquid Lemon Fresh","brand":"Morning Fresh","imageUrls":["https://cdn0.woolworths.media/content/wowproductimages/large/829558.jpg"],"storeId":"woolworths","packageSize":"400ml","cupPrice":"$0.54 / 100ML","locations":{"ALL":{"price":2.15,"discountRate":50,"promo":"","orgPrice":4.3}},"categoryIds":["w-household"],"similarProducts":[]},{"id":"w-829544-9300615055817","name":"Morning Fresh Dishwashing Liquid Original","brand":"Morning Fresh","imageUrls":["https://cdn0.woolworths.media/content/wowproductimages/large/829544.jpg"],"storeId":"woolworths","packageSize":"400ml","cupPrice":"$0.54 / 100ML","locations":{"ALL":{"price":2.15,"discountRate":50,"promo":"","orgPrice":4.3}},"categoryIds":["w-household"],"similarProducts":[]},{"id":"w-829570-9300615055862","name":"Morning Fresh Dishwashing Liquid Watermelon & Pomegranate","brand":"Morning Fresh","imageUrls":["https://cdn0.woolworths.media/content/wowproductimages/large/829570.jpg"],"storeId":"woolworths","packageSize":"400ml","cupPrice":"$0.54 / 100ML","locations":{"ALL":{"price":2.15,"discountRate":50,"promo":"","orgPrice":4.3}},"categoryIds":["w-household"],"similarProducts":[]},{"id":"w-26240-9310124715119","name":"Oates All Purpose Cloth","brand":"Oates","imageUrls":["https://cdn0.woolworths.media/content/wowproductimages/large/026240.jpg"],"storeId":"woolworths","packageSize":"2 pack","cupPrice":"$0.75 / 1EA","locations":{"ALL":{"price":1.5,"discountRate":50,"promo":"","orgPrice":3}},"categoryIds":["w-household"],"similarProducts":[]},{"id":"w-430650-9300830033959","name":"Omo Active Clean Laundry Detergent Washing Powder","brand":"Omo","imageUrls":["https://cdn0.woolworths.media/content/wowproductimages/large/430650.jpg"],"storeId":"woolworths","packageSize":"2kg","cupPrice":"$5.50 / 1KG","locations":{"ALL":{"price":11,"discountRate":50,"promo":"","orgPrice":22}},"categoryIds":["w-household"],"similarProducts":[]},{"id":"w-468551-9300830037070","name":"Omo Active Clean Laundry Liquid Detergent Front & Top Loader","brand":"Omo","imageUrls":["https://cdn0.woolworths.media/content/wowproductimages/large/468551.jpg"],"storeId":"woolworths","packageSize":"2l","cupPrice":"$5.50 / 1L","locations":{"ALL":{"price":11,"discountRate":50,"promo":"","orgPrice":22}},"categoryIds":["w-household"],"similarProducts":[]},{"id":"w-468552-9300830037179","name":"Omo Sensitive Laundry Detergent Liquid Front & Top Loader","brand":"Omo","imageUrls":["https://cdn0.woolworths.media/content/wowproductimages/large/468552.jpg"],"storeId":"woolworths","packageSize":"2l","cupPrice":"$5.50 / 1L","locations":{"ALL":{"price":11,"discountRate":50,"promo":"","orgPrice":22}},"categoryIds":["w-household"],"similarProducts":[]},{"id":"w-471182-9300830034017","name":"Omo Sensitive Laundry Detergent Powder Front & Top Loader","brand":"Omo","imageUrls":["https://cdn0.woolworths.media/content/wowproductimages/large/471182.jpg"],"storeId":"woolworths","packageSize":"2kg","cupPrice":"$5.50 / 1KG","locations":{"ALL":{"price":11,"discountRate":50,"promo":"","orgPrice":22}},"categoryIds":["w-household"],"similarProducts":[]},{"id":"w-659939-9300830041596","name":"Omo Touch Of Comfort Laundry Liquid","brand":"Omo","imageUrls":["https://cdn0.woolworths.media/content/wowproductimages/large/659939.jpg"],"storeId":"woolworths","packageSize":"2l","cupPrice":"$5.50 / 1L","locations":{"ALL":{"price":11,"discountRate":50,"promo":"","orgPrice":22}},"categoryIds":["w-household"],"similarProducts":[]},{"id":"w-175915-803678000095","name":"Ozkleen Floor Carpet Cleaner Lavender","brand":"Ozkleen","imageUrls":["https://cdn0.woolworths.media/content/wowproductimages/large/175915.jpg"],"storeId":"woolworths","packageSize":"500ml","cupPrice":"$0.71 / 100ML","locations":{"ALL":{"price":3.55,"discountRate":50,"promo":"","orgPrice":7.15}},"categoryIds":["w-household"],"similarProducts":[]},{"id":"w-322104-803678000651","name":"Ozkleen Oven Cleaner Power Kit","brand":"Ozkleen","imageUrls":["https://cdn0.woolworths.media/content/wowproductimages/large/322104.jpg"],"storeId":"woolworths","packageSize":"each","cupPrice":"$4.35 / 1EA","locations":{"ALL":{"price":4.35,"discountRate":50,"promo":"","orgPrice":8.7}},"categoryIds":["w-household"],"similarProducts":[]},{"id":"w-57247-9319824100010","name":"Ozkleen Shower Power Squeeze Pack","brand":"Ozkleen","imageUrls":["https://cdn0.woolworths.media/content/wowproductimages/large/057247.jpg"],"storeId":"woolworths","packageSize":"750ml","cupPrice":"$0.45 / 100ML","locations":{"ALL":{"price":3.4,"discountRate":50,"promo":"","orgPrice":6.8}},"categoryIds":["w-household"],"similarProducts":[]},{"id":"w-112775-9319824100133","name":"Ozkleen Shower Power Trigger","brand":"Ozkleen","imageUrls":["https://cdn0.woolworths.media/content/wowproductimages/large/112775.jpg"],"storeId":"woolworths","packageSize":"500ml","cupPrice":"$0.68 / 100ML","locations":{"ALL":{"price":3.4,"discountRate":50,"promo":"","orgPrice":6.85}},"categoryIds":["w-household"],"similarProducts":[]},{"id":"w-330476-41540066040","name":"Papermate Correction Tape Grip","brand":"Papermate","imageUrls":["https://cdn0.woolworths.media/content/wowproductimages/large/330476.jpg"],"storeId":"woolworths","packageSize":"each","cupPrice":"$0.00 / 0","locations":{"ALL":{"price":2.75,"discountRate":50,"promo":"","orgPrice":5.5}},"categoryIds":["w-household"],"similarProducts":[]},{"id":"w-716165-4895151401860","name":"Papermate Inkjoy 100 Pen Assorted","brand":"Papermate","imageUrls":["https://cdn0.woolworths.media/content/wowproductimages/large/716165.jpg"],"storeId":"woolworths","packageSize":"10 pack","cupPrice":"$0.00 / 0","locations":{"ALL":{"price":2.5,"discountRate":50,"promo":"","orgPrice":5}},"categoryIds":["w-household"],"similarProducts":[]},{"id":"w-753882-4895151401853","name":"Papermate Inkjoy 100 Pen Fashion","brand":"Papermate","imageUrls":["https://cdn0.woolworths.media/content/wowproductimages/large/753882.jpg"],"storeId":"woolworths","packageSize":"10 pack","cupPrice":"$0.00 / 0","locations":{"ALL":{"price":2.5,"discountRate":50,"promo":"","orgPrice":5}},"categoryIds":["w-household"],"similarProducts":[]},{"id":"w-767571-4895151401846","name":"Papermate Inkjoy Pen 100 Black","brand":"Papermate","imageUrls":["https://cdn0.woolworths.media/content/wowproductimages/large/767571.jpg"],"storeId":"woolworths","packageSize":"10 pack","cupPrice":"$0.00 / 0","locations":{"ALL":{"price":2.5,"discountRate":50,"promo":"","orgPrice":5}},"categoryIds":["w-household"],"similarProducts":[]},{"id":"w-100718-9313139220005","name":"Papermate Liquid Paper Pen","brand":"Papermate","imageUrls":["https://cdn0.woolworths.media/content/wowproductimages/large/100718.jpg"],"storeId":"woolworths","packageSize":"2 pack","cupPrice":"$0.00 / 0","locations":{"ALL":{"price":3.35,"discountRate":50,"promo":"","orgPrice":6.75}},"categoryIds":["w-household"],"similarProducts":[]},{"id":"w-333435-41540894681","name":"Papermate Profile Pen Black","brand":"Papermate","imageUrls":["https://cdn0.woolworths.media/content/wowproductimages/large/333435.jpg"],"storeId":"woolworths","packageSize":"2 pack","cupPrice":"$1.30 / 1EA","locations":{"ALL":{"price":2.6,"discountRate":50,"promo":"","orgPrice":5.2}},"categoryIds":["w-household"],"similarProducts":[]},{"id":"w-283098-41540894698","name":"Papermate Profile Pen Blue","brand":"Papermate","imageUrls":["https://cdn0.woolworths.media/content/wowproductimages/large/283098.jpg"],"storeId":"woolworths","packageSize":"2 pack","cupPrice":"$1.30 / 1EA","locations":{"ALL":{"price":2.6,"discountRate":50,"promo":"","orgPrice":5.2}},"categoryIds":["w-household"],"similarProducts":[]},{"id":"w-871608-8718699670115","name":"Philips Led 1055lm Cool Bc","brand":"Philips","imageUrls":["https://cdn0.woolworths.media/content/wowproductimages/large/871608.jpg"],"storeId":"woolworths","packageSize":"2 pack","cupPrice":"$3.25 / 1EA","locations":{"ALL":{"price":6.5,"discountRate":50,"promo":"","orgPrice":13}},"categoryIds":["w-household"],"similarProducts":[]},{"id":"w-871594-8718699670153","name":"Philips Led 1055lm Cool Es","brand":"Philips","imageUrls":["https://cdn0.woolworths.media/content/wowproductimages/large/871594.jpg"],"storeId":"woolworths","packageSize":"2 pack","cupPrice":"$3.25 / 1EA","locations":{"ALL":{"price":6.5,"discountRate":50,"promo":"","orgPrice":13}},"categoryIds":["w-household"],"similarProducts":[]},{"id":"w-871601-8718699670092","name":"Philips Led 1055lm Warm Bc","brand":"Philips","imageUrls":["https://cdn0.woolworths.media/content/wowproductimages/large/871601.jpg"],"storeId":"woolworths","packageSize":"2 pack","cupPrice":"$3.25 / 1EA","locations":{"ALL":{"price":6.5,"discountRate":50,"promo":"","orgPrice":13}},"categoryIds":["w-household"],"similarProducts":[]},{"id":"w-871600-8718699670139","name":"Philips Led 1055lm Warm Es","brand":"Philips","imageUrls":["https://cdn0.woolworths.media/content/wowproductimages/large/871600.jpg"],"storeId":"woolworths","packageSize":"2 pack","cupPrice":"$3.25 / 1EA","locations":{"ALL":{"price":6.5,"discountRate":50,"promo":"","orgPrice":13}},"categoryIds":["w-household"],"similarProducts":[]},{"id":"w-871596-8718699670191","name":"Philips Led 1400lm Cool Bc","brand":"Philips","imageUrls":["https://cdn0.woolworths.media/content/wowproductimages/large/871596.jpg"],"storeId":"woolworths","packageSize":"2 pack","cupPrice":"$3.75 / 1EA","locations":{"ALL":{"price":7.5,"discountRate":50,"promo":"","orgPrice":15}},"categoryIds":["w-household"],"similarProducts":[]},{"id":"w-871612-8718699670238","name":"Philips Led 1400lm Cool Es","brand":"Philips","imageUrls":["https://cdn0.woolworths.media/content/wowproductimages/large/871612.jpg"],"storeId":"woolworths","packageSize":"2 pack","cupPrice":"$3.75 / 1EA","locations":{"ALL":{"price":7.5,"discountRate":50,"promo":"","orgPrice":15}},"categoryIds":["w-household"],"similarProducts":[]},{"id":"w-871611-8718699670177","name":"Philips Led 1400lm Warm Bc","brand":"Philips","imageUrls":["https://cdn0.woolworths.media/content/wowproductimages/large/871611.jpg"],"storeId":"woolworths","packageSize":"2 pack","cupPrice":"$3.75 / 1EA","locations":{"ALL":{"price":7.5,"discountRate":50,"promo":"","orgPrice":15}},"categoryIds":["w-household"],"similarProducts":[]},{"id":"w-871609-8718699670214","name":"Philips Led 1400lm Warm Es","brand":"Philips","imageUrls":["https://cdn0.woolworths.media/content/wowproductimages/large/871609.jpg"],"storeId":"woolworths","packageSize":"2 pack","cupPrice":"$3.75 / 1EA","locations":{"ALL":{"price":7.5,"discountRate":50,"promo":"","orgPrice":15}},"categoryIds":["w-household"],"similarProducts":[]},{"id":"w-871582-8718699669959","name":"Philips Led 470lm Cool Bc","brand":"Philips","imageUrls":["https://cdn0.woolworths.media/content/wowproductimages/large/871582.jpg"],"storeId":"woolworths","packageSize":"2 pack","cupPrice":"$3.25 / 1EA","locations":{"ALL":{"price":6.5,"discountRate":50,"promo":"","orgPrice":13}},"categoryIds":["w-household"],"similarProducts":[]},{"id":"w-871590-8718699669997","name":"Philips Led 470lm Cool Es","brand":"Philips","imageUrls":["https://cdn0.woolworths.media/content/wowproductimages/large/871590.jpg"],"storeId":"woolworths","packageSize":"2 pack","cupPrice":"$3.25 / 1EA","locations":{"ALL":{"price":6.5,"discountRate":50,"promo":"","orgPrice":13}},"categoryIds":["w-household"],"similarProducts":[]},{"id":"w-871580-8718699669935","name":"Philips Led 470lm Warm Bc","brand":"Philips","imageUrls":["https://cdn0.woolworths.media/content/wowproductimages/large/871580.jpg"],"storeId":"woolworths","packageSize":"2 pack","cupPrice":"$3.25 / 1EA","locations":{"ALL":{"price":6.5,"discountRate":50,"promo":"","orgPrice":13}},"categoryIds":["w-household"],"similarProducts":[]},{"id":"w-871588-8718699670030","name":"Philips Led 806lm Cool Bc","brand":"Philips","imageUrls":["https://cdn0.woolworths.media/content/wowproductimages/large/871588.jpg"],"storeId":"woolworths","packageSize":"2 pack","cupPrice":"$3.25 / 1EA","locations":{"ALL":{"price":6.5,"discountRate":50,"promo":"","orgPrice":13}},"categoryIds":["w-household"],"similarProducts":[]},{"id":"w-871593-8718699670078","name":"Philips Led 806lm Cool Es","brand":"Philips","imageUrls":["https://cdn0.woolworths.media/content/wowproductimages/large/871593.jpg"],"storeId":"woolworths","packageSize":"2 pack","cupPrice":"$3.25 / 1EA","locations":{"ALL":{"price":6.5,"discountRate":50,"promo":"","orgPrice":13}},"categoryIds":["w-household"],"similarProducts":[]},{"id":"w-871592-8718699670016","name":"Philips Led 806lm Warm Bc","brand":"Philips","imageUrls":["https://cdn0.woolworths.media/content/wowproductimages/large/871592.jpg"],"storeId":"woolworths","packageSize":"2 pack","cupPrice":"$3.25 / 1EA","locations":{"ALL":{"price":6.5,"discountRate":50,"promo":"","orgPrice":13}},"categoryIds":["w-household"],"similarProducts":[]},{"id":"w-871591-8718699670054","name":"Philips Led 806lm Warm Es","brand":"Philips","imageUrls":["https://cdn0.woolworths.media/content/wowproductimages/large/871591.jpg"],"storeId":"woolworths","packageSize":"2 pack","cupPrice":"$3.25 / 1EA","locations":{"ALL":{"price":6.5,"discountRate":50,"promo":"","orgPrice":13}},"categoryIds":["w-household"],"similarProducts":[]},{"id":"w-572055-8718696681756","name":"Philips Led Gu10 Cool","brand":"Philips","imageUrls":["https://cdn0.woolworths.media/content/wowproductimages/large/572055.jpg"],"storeId":"woolworths","packageSize":"4 pack","cupPrice":"$4.00 / 1EA","locations":{"ALL":{"price":16,"discountRate":50,"promo":"","orgPrice":32}},"categoryIds":["w-household"],"similarProducts":[]},{"id":"w-574519-9351257083218","name":"Razzamatazz 15d Ladder Resist Natural Average","brand":"Razzamatazz","imageUrls":["https://cdn0.woolworths.media/content/wowproductimages/large/574519.jpg"],"storeId":"woolworths","packageSize":"each","cupPrice":"$0.00 / 0","locations":{"ALL":{"price":3,"discountRate":50,"promo":"","orgPrice":6}},"categoryIds":["w-household"],"similarProducts":[]},{"id":"w-318975-9313022893712","name":"Razzamatazz Body Contour Pantyhose Opaque Tights 70 Denier","brand":"Razzamatazz","imageUrls":["https://cdn0.woolworths.media/content/wowproductimages/large/318975.jpg"],"storeId":"woolworths","packageSize":"each","cupPrice":"$0.00 / 0","locations":{"ALL":{"price":6,"discountRate":50,"promo":"","orgPrice":12}},"categoryIds":["w-household"],"similarProducts":[]},{"id":"w-318976-9313022893729","name":"Razzamatazz Body Contour Pantyhose Opaque Tights 70d Tall-x-tall","brand":"Razzamatazz","imageUrls":["https://cdn0.woolworths.media/content/wowproductimages/large/318976.jpg"],"storeId":"woolworths","packageSize":"each","cupPrice":"$0.00 / 0","locations":{"ALL":{"price":6,"discountRate":50,"promo":"","orgPrice":12}},"categoryIds":["w-household"],"similarProducts":[]},{"id":"w-6617-9313022893026","name":"Razzamatazz Body Magic Pantyhose Control Soft Tan Medium","brand":"Razzamatazz","imageUrls":["https://cdn0.woolworths.media/content/wowproductimages/large/006617.jpg"],"storeId":"woolworths","packageSize":"each","cupPrice":"$0.00 / 0","locations":{"ALL":{"price":4,"discountRate":50,"promo":"","orgPrice":8}},"categoryIds":["w-household"],"similarProducts":[]},{"id":"w-6618-9313022893033","name":"Razzamatazz Body Magic Pantyhose Control Soft Tan Tall","brand":"Razzamatazz","imageUrls":["https://cdn0.woolworths.media/content/wowproductimages/large/006618.jpg"],"storeId":"woolworths","packageSize":"each","cupPrice":"$0.00 / 0","locations":{"ALL":{"price":4,"discountRate":50,"promo":"","orgPrice":8}},"categoryIds":["w-household"],"similarProducts":[]},{"id":"w-56049-9354009784470","name":"Razzamatazz Footlet Assorted 3 To 8","brand":"Razzamatazz","imageUrls":["https://cdn0.woolworths.media/content/wowproductimages/large/056049.jpg"],"storeId":"woolworths","packageSize":"3 pack","cupPrice":"$0.00 / 0","locations":{"ALL":{"price":4,"discountRate":50,"promo":"","orgPrice":8}},"categoryIds":["w-household"],"similarProducts":[]},{"id":"w-56036-9354009784487","name":"Razzamatazz Footlet Ast 3pk 8 To 11","brand":"Razzamatazz","imageUrls":["https://cdn0.woolworths.media/content/wowproductimages/large/056036.jpg"],"storeId":"woolworths","packageSize":"3 pack","cupPrice":"$0.00 / 0","locations":{"ALL":{"price":4,"discountRate":50,"promo":"","orgPrice":8}},"categoryIds":["w-household"],"similarProducts":[]},{"id":"w-32443-9352762554620","name":"Razzamatazz Knee Hi Black One Size","brand":"Razzamatazz","imageUrls":["https://cdn0.woolworths.media/content/wowproductimages/large/032443.jpg"],"storeId":"woolworths","packageSize":"2 pack","cupPrice":"$0.00 / 0","locations":{"ALL":{"price":2,"discountRate":50,"promo":"","orgPrice":4}},"categoryIds":["w-household"],"similarProducts":[]},{"id":"w-178511-9310259288441","name":"Razzamatazz Knee Hi Pairs And Spares Beige","brand":"Razzamatazz","imageUrls":["https://cdn0.woolworths.media/content/wowproductimages/large/178511.jpg"],"storeId":"woolworths","packageSize":"4pk","cupPrice":"$0.00 / 0","locations":{"ALL":{"price":3,"discountRate":50,"promo":"","orgPrice":6}},"categoryIds":["w-household"],"similarProducts":[]},{"id":"w-2577-9313022892227","name":"Razzamatazz Knee Hi Sheer Soft Tan","brand":"Razzamatazz","imageUrls":["https://cdn0.woolworths.media/content/wowproductimages/large/002577.jpg"],"storeId":"woolworths","packageSize":"2 pack","cupPrice":"$0.00 / 0","locations":{"ALL":{"price":3,"discountRate":50,"promo":"","orgPrice":6}},"categoryIds":["w-household"],"similarProducts":[]},{"id":"w-32354-9352762554637","name":"Razzamatazz Knee Hi Pantyhose Natural One Size","brand":"Razzamatazz","imageUrls":["https://cdn0.woolworths.media/content/wowproductimages/large/032354.jpg"],"storeId":"woolworths","packageSize":"2 pack","cupPrice":"$0.00 / 0","locations":{"ALL":{"price":2,"discountRate":50,"promo":"","orgPrice":4}},"categoryIds":["w-household"],"similarProducts":[]},{"id":"w-32350-9313022892081","name":"Razzamatazz Knee Hi Pantyhose Tan One Size","brand":"Razzamatazz","imageUrls":["https://cdn0.woolworths.media/content/wowproductimages/large/032350.jpg"],"storeId":"woolworths","packageSize":"2 pack","cupPrice":"$0.00 / 0","locations":{"ALL":{"price":2,"discountRate":50,"promo":"","orgPrice":4}},"categoryIds":["w-household"],"similarProducts":[]},{"id":"w-574520-9351257083225","name":"Razzamatazz Ladder Resist Natural Size Tall","brand":"Razzamatazz","imageUrls":["https://cdn0.woolworths.media/content/wowproductimages/large/574520.jpg"],"storeId":"woolworths","packageSize":"each","cupPrice":"$0.00 / 0","locations":{"ALL":{"price":3,"discountRate":50,"promo":"","orgPrice":6}},"categoryIds":["w-household"],"similarProducts":[]},{"id":"w-574521-9351257083232","name":"Razzamatazz Ladder Resist Natural Size Xtall","brand":"Razzamatazz","imageUrls":["https://cdn0.woolworths.media/content/wowproductimages/large/574521.jpg"],"storeId":"woolworths","packageSize":"each","cupPrice":"$0.00 / 0","locations":{"ALL":{"price":3,"discountRate":50,"promo":"","orgPrice":6}},"categoryIds":["w-household"],"similarProducts":[]},{"id":"w-17860-9351950600965","name":"Razzamatazz Luxe Anklet 1 Size Soft Black","brand":"Razzamatazz","imageUrls":["https://cdn0.woolworths.media/content/wowproductimages/large/017860.jpg"],"storeId":"woolworths","packageSize":"each","cupPrice":"$0.00 / 0","locations":{"ALL":{"price":2,"discountRate":50,"promo":"","orgPrice":4}},"categoryIds":["w-household"],"similarProducts":[]},{"id":"w-17872-9351950600972","name":"Razzamatazz Luxe Anklet Pxo Size 1","brand":"Razzamatazz","imageUrls":["https://cdn0.woolworths.media/content/wowproductimages/large/017872.jpg"],"storeId":"woolworths","packageSize":"each","cupPrice":"$0.00 / 0","locations":{"ALL":{"price":2,"discountRate":50,"promo":"","orgPrice":4}},"categoryIds":["w-household"],"similarProducts":[]},{"id":"w-17886-9351950601009","name":"Razzamatazz Luxe Knee Hi One Size Soft Black","brand":"Razzamatazz","imageUrls":["https://cdn0.woolworths.media/content/wowproductimages/large/017886.jpg"],"storeId":"woolworths","packageSize":"each","cupPrice":"$0.00 / 0","locations":{"ALL":{"price":2.5,"discountRate":50,"promo":"","orgPrice":5}},"categoryIds":["w-household"],"similarProducts":[]},{"id":"w-17909-9351950601016","name":"Razzamatazz Luxe Knee Hi Pxo Size 1","brand":"Razzamatazz","imageUrls":["https://cdn0.woolworths.media/content/wowproductimages/large/017909.jpg"],"storeId":"woolworths","packageSize":"each","cupPrice":"$0.00 / 0","locations":{"ALL":{"price":2.5,"discountRate":50,"promo":"","orgPrice":5}},"categoryIds":["w-household"],"similarProducts":[]},{"id":"w-339809-9352762554705","name":"Razzamatazz Pantyhose Control Brazen Medium","brand":"Razzamatazz","imageUrls":["https://cdn0.woolworths.media/content/wowproductimages/large/339809.jpg"],"storeId":"woolworths","packageSize":"2 pack","cupPrice":"$0.00 / 0","locations":{"ALL":{"price":3,"discountRate":50,"promo":"","orgPrice":6}},"categoryIds":["w-household"],"similarProducts":[]},{"id":"w-339810-9352762554712","name":"Razzamatazz Pantyhose Control Brazen Tall","brand":"Razzamatazz","imageUrls":["https://cdn0.woolworths.media/content/wowproductimages/large/339810.jpg"],"storeId":"woolworths","packageSize":"2 pack","cupPrice":"$0.00 / 0","locations":{"ALL":{"price":3,"discountRate":50,"promo":"","orgPrice":6}},"categoryIds":["w-household"],"similarProducts":[]},{"id":"w-339811-9352762554729","name":"Razzamatazz Pantyhose Control Brazen X-tall","brand":"Razzamatazz","imageUrls":["https://cdn0.woolworths.media/content/wowproductimages/large/339811.jpg"],"storeId":"woolworths","packageSize":"2 pack","cupPrice":"$0.00 / 0","locations":{"ALL":{"price":3,"discountRate":50,"promo":"","orgPrice":6}},"categoryIds":["w-household"],"similarProducts":[]},{"id":"w-57533-9313022892098","name":"Razzamatazz Sheer Anklet Black One Size","brand":"Razzamatazz","imageUrls":["https://cdn0.woolworths.media/content/wowproductimages/large/057533.jpg"],"storeId":"woolworths","packageSize":"2 pack","cupPrice":"$0.00 / 0","locations":{"ALL":{"price":1.5,"discountRate":50,"promo":"","orgPrice":3}},"categoryIds":["w-household"],"similarProducts":[]},{"id":"w-4649-9310259007134","name":"Razzamatazz Sheer Relief Pantyhose Control Support Tan Extra Tall","brand":"Razzamatazz","imageUrls":["https://cdn0.woolworths.media/content/wowproductimages/large/004649.jpg"],"storeId":"woolworths","packageSize":"each","cupPrice":"$0.00 / 0","locations":{"ALL":{"price":4,"discountRate":50,"promo":"","orgPrice":8}},"categoryIds":["w-household"],"similarProducts":[]},{"id":"w-167361-9310259298488","name":"Razzamatazz Sheer Relief Socks Half Hi Support Navy Or Beige","brand":"Razzamatazz","imageUrls":["https://cdn0.woolworths.media/content/wowproductimages/large/167361.jpg"],"storeId":"woolworths","packageSize":"each","cupPrice":"$0.00 / 0","locations":{"ALL":{"price":4,"discountRate":50,"promo":"","orgPrice":8}},"categoryIds":["w-household"],"similarProducts":[]},{"id":"w-100303-9352762554743","name":"Razzamatazz Tan Anklet One Size","brand":"Razzamatazz","imageUrls":["https://cdn0.woolworths.media/content/wowproductimages/large/100303.jpg"],"storeId":"woolworths","packageSize":"2 pack","cupPrice":"$0.00 / 0","locations":{"ALL":{"price":1.5,"discountRate":50,"promo":"","orgPrice":3}},"categoryIds":["w-household"],"similarProducts":[]},{"id":"w-569283-9351257083126","name":"Razzamatazz 40d Tight Ave/tall","brand":"Razzamatazz","imageUrls":["https://cdn0.woolworths.media/content/wowproductimages/large/569283.jpg"],"storeId":"woolworths","packageSize":"each","cupPrice":"$0.00 / 0","locations":{"ALL":{"price":3,"discountRate":50,"promo":"","orgPrice":6}},"categoryIds":["w-household"],"similarProducts":[]},{"id":"w-569125-9351257083133","name":"Razzamatazz 40d Tight Tall/xtall","brand":"Razzamatazz","imageUrls":["https://cdn0.woolworths.media/content/wowproductimages/large/569125.jpg"],"storeId":"woolworths","packageSize":"each","cupPrice":"$0.00 / 0","locations":{"ALL":{"price":3,"discountRate":50,"promo":"","orgPrice":6}},"categoryIds":["w-household"],"similarProducts":[]},{"id":"w-40259-9310537108843","name":"Redheads Expert Firestarters","brand":"Redheads","imageUrls":["https://cdn0.woolworths.media/content/wowproductimages/large/040259.jpg"],"storeId":"woolworths","packageSize":"10 pack","cupPrice":"$0.13 / 1EA","locations":{"ALL":{"price":1.25,"discountRate":50,"promo":"","orgPrice":2.5}},"categoryIds":["w-household"],"similarProducts":[]},{"id":"w-20069-9310345000100","name":"Reva Pegs Plastic","brand":"Reva","imageUrls":["https://cdn0.woolworths.media/content/wowproductimages/large/020069.jpg"],"storeId":"woolworths","packageSize":"48 pack","cupPrice":"$0.07 / 1EA","locations":{"ALL":{"price":3.25,"discountRate":50,"promo":"","orgPrice":6.5}},"categoryIds":["w-household"],"similarProducts":[]},{"id":"w-774221-9420039506440","name":"Samba Natural Bbq Fuel","brand":"Samba","imageUrls":["https://cdn0.woolworths.media/content/wowproductimages/large/774221.jpg"],"storeId":"woolworths","packageSize":"4kg","cupPrice":"$0.13 / 100G","locations":{"ALL":{"price":5,"discountRate":50,"promo":"","orgPrice":10}},"categoryIds":["w-household"],"similarProducts":[]},{"id":"w-10994-9310063003483","name":"Scotch-brite Handy Sponge","brand":"Scotch-brite","imageUrls":["https://cdn0.woolworths.media/content/wowproductimages/large/010994.jpg"],"storeId":"woolworths","packageSize":"4ea","cupPrice":"$0.50 / 1EA","locations":{"ALL":{"price":2,"discountRate":50,"promo":"","orgPrice":4}},"categoryIds":["w-household"],"similarProducts":[]},{"id":"w-307480-9310063034470","name":"Scotch-brite Heavy Duty Foam Scourer 3x Longer","brand":"Scotch-brite","imageUrls":["https://cdn0.woolworths.media/content/wowproductimages/large/307480.jpg"],"storeId":"woolworths","packageSize":"4 pack","cupPrice":"$0.56 / 1EA","locations":{"ALL":{"price":2.25,"discountRate":50,"promo":"","orgPrice":4.5}},"categoryIds":["w-household"],"similarProducts":[]},{"id":"w-177264-21200572357","name":"Scotch-brite Heavy Duty Scourer & Sponge","brand":"Scotch-brite","imageUrls":["https://cdn0.woolworths.media/content/wowproductimages/large/177264.jpg"],"storeId":"woolworths","packageSize":"3 pack","cupPrice":"$0.75 / 1EA","locations":{"ALL":{"price":2.25,"discountRate":50,"promo":"","orgPrice":4.5}},"categoryIds":["w-household"],"similarProducts":[]},{"id":"w-189817-9310063017282","name":"Scotch-brite Non Scratch Scrub Sponge","brand":"Scotch-brite","imageUrls":["https://cdn0.woolworths.media/content/wowproductimages/large/189817.jpg"],"storeId":"woolworths","packageSize":"3 pack","cupPrice":"$0.75 / 1EA","locations":{"ALL":{"price":2.25,"discountRate":50,"promo":"","orgPrice":4.5}},"categoryIds":["w-household"],"similarProducts":[]},{"id":"w-700818-9310063042604","name":"Scotch-brite Non Scratch Foam Scrub Sponge","brand":"Scotch-brite","imageUrls":["https://cdn0.woolworths.media/content/wowproductimages/large/700818.jpg"],"storeId":"woolworths","packageSize":"4 pack","cupPrice":"$0.56 / 1EA","locations":{"ALL":{"price":2.25,"discountRate":50,"promo":"","orgPrice":4.5}},"categoryIds":["w-household"],"similarProducts":[]},{"id":"w-886750-71641084353","name":"Sharpie Cd Marker Electro Pop Fine","brand":"Sharpie","imageUrls":["https://cdn0.woolworths.media/content/wowproductimages/large/886750.jpg"],"storeId":"woolworths","packageSize":"5 pack","cupPrice":"$0.00 / 0","locations":{"ALL":{"price":5,"discountRate":50,"promo":"","orgPrice":10}},"categoryIds":["w-household"],"similarProducts":[]},{"id":"w-283104-71641301627","name":"Sharpie Cd Marker Fine Black","brand":"Sharpie","imageUrls":["https://cdn0.woolworths.media/content/wowproductimages/large/283104.jpg"],"storeId":"woolworths","packageSize":"2 pack","cupPrice":"$0.00 / 0","locations":{"ALL":{"price":2.5,"discountRate":50,"promo":"","orgPrice":5}},"categoryIds":["w-household"],"similarProducts":[]},{"id":"w-931401-71641084339","name":"Sharpie Marker Extreme","brand":"Sharpie","imageUrls":["https://cdn0.woolworths.media/content/wowproductimages/large/931401.jpg"],"storeId":"woolworths","packageSize":"2 pack","cupPrice":"$0.00 / 0","locations":{"ALL":{"price":3,"discountRate":50,"promo":"","orgPrice":6}},"categoryIds":["w-household"],"similarProducts":[]},{"id":"w-936522-71641302174","name":"Sharpie Marker Fine 8 Colour Set","brand":"Sharpie","imageUrls":["https://cdn0.woolworths.media/content/wowproductimages/large/936522.jpg"],"storeId":"woolworths","packageSize":"8 pack","cupPrice":"$0.00 / 0","locations":{"ALL":{"price":8,"discountRate":50,"promo":"","orgPrice":16}},"categoryIds":["w-household"],"similarProducts":[]},{"id":"w-936520-71641053649","name":"Sharpie Markers Metallic","brand":"Sharpie","imageUrls":["https://cdn0.woolworths.media/content/wowproductimages/large/936520.jpg"],"storeId":"woolworths","packageSize":"3 pack","cupPrice":"$0.00 / 0","locations":{"ALL":{"price":4.5,"discountRate":50,"promo":"","orgPrice":9}},"categoryIds":["w-household"],"similarProducts":[]},{"id":"w-100495-9352762554774","name":"Sheer Relief Anklet Black One Size","brand":"Sheer Relief","imageUrls":["https://cdn0.woolworths.media/content/wowproductimages/large/100495.jpg"],"storeId":"woolworths","packageSize":"each","cupPrice":"$0.00 / 0","locations":{"ALL":{"price":4,"discountRate":50,"promo":"","orgPrice":8}},"categoryIds":["w-household"],"similarProducts":[]},{"id":"w-431249-9312688753644","name":"Sheer Relief Firm Compress Tights 12d Natural Average","brand":"Sheer Relief","imageUrls":["https://cdn0.woolworths.media/content/wowproductimages/large/431249.jpg"],"storeId":"woolworths","packageSize":"each","cupPrice":"$0.00 / 0","locations":{"ALL":{"price":4.5,"discountRate":50,"promo":"","orgPrice":9}},"categoryIds":["w-household"],"similarProducts":[]},{"id":"w-431259-9312688753651","name":"Sheer Relief Firm Compress Tights 12d Natural Tall","brand":"Sheer Relief","imageUrls":["https://cdn0.woolworths.media/content/wowproductimages/large/431259.jpg"],"storeId":"woolworths","packageSize":"each","cupPrice":"$0.00 / 0","locations":{"ALL":{"price":4.5,"discountRate":50,"promo":"","orgPrice":9}},"categoryIds":["w-household"],"similarProducts":[]},{"id":"w-431270-9312688753668","name":"Sheer Relief Firm Compress Tights 12d Natural X-tall","brand":"Sheer Relief","imageUrls":["https://cdn0.woolworths.media/content/wowproductimages/large/431270.jpg"],"storeId":"woolworths","packageSize":"each","cupPrice":"$0.00 / 0","locations":{"ALL":{"price":4.5,"discountRate":50,"promo":"","orgPrice":9}},"categoryIds":["w-household"],"similarProducts":[]},{"id":"w-35222-9350461531553","name":"Sheer Relief Pantyhose Control Support Black Avg","brand":"Sheer Relief","imageUrls":["https://cdn0.woolworths.media/content/wowproductimages/large/035222.jpg"],"storeId":"woolworths","packageSize":"each","cupPrice":"$0.00 / 0","locations":{"ALL":{"price":4,"discountRate":50,"promo":"","orgPrice":8}},"categoryIds":["w-household"],"similarProducts":[]},{"id":"w-35372-9350461531560","name":"Sheer Relief Pantyhose Control Support Black Tall","brand":"Sheer Relief","imageUrls":["https://cdn0.woolworths.media/content/wowproductimages/large/035372.jpg"],"storeId":"woolworths","packageSize":"each","cupPrice":"$0.00 / 0","locations":{"ALL":{"price":4,"discountRate":50,"promo":"","orgPrice":8}},"categoryIds":["w-household"],"similarProducts":[]},{"id":"w-35291-9350461531591","name":"Sheer Relief Pantyhose Control Support M/ Beige Tall","brand":"Sheer Relief","imageUrls":["https://cdn0.woolworths.media/content/wowproductimages/large/035291.jpg"],"storeId":"woolworths","packageSize":"each","cupPrice":"$0.00 / 0","locations":{"ALL":{"price":4,"discountRate":50,"promo":"","orgPrice":8}},"categoryIds":["w-household"],"similarProducts":[]},{"id":"w-4647-9310259007110","name":"Sheer Relief Pantyhose Control Support Mini Tan Avg","brand":"Sheer Relief","imageUrls":["https://cdn0.woolworths.media/content/wowproductimages/large/004647.jpg"],"storeId":"woolworths","packageSize":"each","cupPrice":"$0.00 / 0","locations":{"ALL":{"price":4,"discountRate":50,"promo":"","orgPrice":8}},"categoryIds":["w-household"],"similarProducts":[]},{"id":"w-71597-9310259007127","name":"Sheer Relief Pantyhose Control Support Mini Tan Tall","brand":"Sheer Relief","imageUrls":["https://cdn0.woolworths.media/content/wowproductimages/large/071597.jpg"],"storeId":"woolworths","packageSize":"each","cupPrice":"$0.00 / 0","locations":{"ALL":{"price":4,"discountRate":50,"promo":"","orgPrice":8}},"categoryIds":["w-household"],"similarProducts":[]},{"id":"w-4644-9350461531584","name":"Sheer Relief Pantyhose Control Support Beige Average","brand":"Sheer Relief","imageUrls":["https://cdn0.woolworths.media/content/wowproductimages/large/004644.jpg"],"storeId":"woolworths","packageSize":"each","cupPrice":"$0.00 / 0","locations":{"ALL":{"price":4,"discountRate":50,"promo":"","orgPrice":8}},"categoryIds":["w-household"],"similarProducts":[]},{"id":"w-4646-9350461531607","name":"Sheer Relief Pantyhose Control Support Beige Extra Tall","brand":"Sheer Relief","imageUrls":["https://cdn0.woolworths.media/content/wowproductimages/large/004646.jpg"],"storeId":"woolworths","packageSize":"each","cupPrice":"$0.00 / 0","locations":{"ALL":{"price":4,"discountRate":50,"promo":"","orgPrice":8}},"categoryIds":["w-household"],"similarProducts":[]},{"id":"w-35427-9350461531577","name":"Sheer Relief Pantyhose Control Support Black Extra Tall","brand":"Sheer Relief","imageUrls":["https://cdn0.woolworths.media/content/wowproductimages/large/035427.jpg"],"storeId":"woolworths","packageSize":"each","cupPrice":"$0.00 / 0","locations":{"ALL":{"price":4,"discountRate":50,"promo":"","orgPrice":8}},"categoryIds":["w-household"],"similarProducts":[]},{"id":"w-100286-9352762554750","name":"Sheer Relief Trouser Sock Black 1 Size","brand":"Sheer Relief","imageUrls":["https://cdn0.woolworths.media/content/wowproductimages/large/100286.jpg"],"storeId":"woolworths","packageSize":"1pk","cupPrice":"$0.00 / 0","locations":{"ALL":{"price":3.5,"discountRate":50,"promo":"","orgPrice":7}},"categoryIds":["w-household"],"similarProducts":[]},{"id":"w-686151-9414202063007","name":"Sistema Bottle Quick Flip","brand":"Sistema","imageUrls":["https://cdn0.woolworths.media/content/wowproductimages/large/686151.jpg"],"storeId":"woolworths","packageSize":"800ml","cupPrice":"$0.00 / 0","locations":{"ALL":{"price":6,"discountRate":50,"promo":"","orgPrice":12}},"categoryIds":["w-household"],"similarProducts":[]},{"id":"w-646654-9414202512109","name":"Sistema Laundry Stack & Nest Basket","brand":"Sistema","imageUrls":["https://cdn0.woolworths.media/content/wowproductimages/large/646654.jpg"],"storeId":"woolworths","packageSize":"5.25l","cupPrice":"$0.00 / 0","locations":{"ALL":{"price":5,"discountRate":50,"promo":"","orgPrice":10}},"categoryIds":["w-household"],"similarProducts":[]},{"id":"w-777289-9414202217455","name":"Sistema Lunch Cube Max To Go","brand":"Sistema","imageUrls":["https://cdn0.woolworths.media/content/wowproductimages/large/777289.jpg"],"storeId":"woolworths","packageSize":"each","cupPrice":"$0.00 / 0","locations":{"ALL":{"price":5,"discountRate":50,"promo":"","orgPrice":10}},"categoryIds":["w-household","w-lunch-box"],"similarProducts":[]},{"id":"w-850092-9414202214676","name":"Sistema Mini Bites Stackable Containers Bpa Free","brand":"Sistema","imageUrls":["https://cdn0.woolworths.media/content/wowproductimages/large/850092.jpg"],"storeId":"woolworths","packageSize":"3x130ml","cupPrice":"$0.00 / 0","locations":{"ALL":{"price":3,"discountRate":50,"promo":"","orgPrice":6}},"categoryIds":["w-household"],"similarProducts":[]},{"id":"w-711918-9414202216472","name":"Sistema Plasticware Sandwich Box To Go","brand":"Sistema","imageUrls":["https://cdn0.woolworths.media/content/wowproductimages/large/711918.jpg"],"storeId":"woolworths","packageSize":"each","cupPrice":"$0.00 / 0","locations":{"ALL":{"price":2.5,"discountRate":50,"promo":"","orgPrice":5}},"categoryIds":["w-household","w-lunch-box"],"similarProducts":[]},{"id":"w-43467-9414202104663","name":"Sistema Storage 810ml","brand":"Sistema","imageUrls":["https://cdn0.woolworths.media/content/wowproductimages/large/043467.jpg"],"storeId":"woolworths","packageSize":"each","cupPrice":"$0.00 / 0","locations":{"ALL":{"price":2,"discountRate":50,"promo":"","orgPrice":4}},"categoryIds":["w-household"],"similarProducts":[]},{"id":"w-43497-9414202104687","name":"Sistema Storage With Tray 3.58l","brand":"Sistema","imageUrls":["https://cdn0.woolworths.media/content/wowproductimages/large/043497.jpg"],"storeId":"woolworths","packageSize":"each","cupPrice":"$0.00 / 0","locations":{"ALL":{"price":3.5,"discountRate":50,"promo":"","orgPrice":7}},"categoryIds":["w-household"],"similarProducts":[]},{"id":"w-532375-9414202065001","name":"Sistema Tritan Active Water Bottle","brand":"Sistema","imageUrls":["https://cdn0.woolworths.media/content/wowproductimages/large/532375.jpg"],"storeId":"woolworths","packageSize":"each","cupPrice":"$6.00 / 1EA","locations":{"ALL":{"price":6,"discountRate":50,"promo":"","orgPrice":12}},"categoryIds":["w-household","w-lunch-box"],"similarProducts":[]},{"id":"w-935630-9312828572821","name":"Spirax 5 Subject Book A4 Assorted Colours","brand":"Spirax","imageUrls":["https://cdn0.woolworths.media/content/wowproductimages/large/935630.jpg"],"storeId":"woolworths","packageSize":"250pg each","cupPrice":"$0.00 / 0","locations":{"ALL":{"price":4,"discountRate":50,"promo":"","orgPrice":8}},"categoryIds":["w-household"],"similarProducts":[]},{"id":"w-68762-9310924041180","name":"Spirax Kode P958 A4 Lecture 140 Pg Assorted","brand":"Spirax","imageUrls":["https://cdn0.woolworths.media/content/wowproductimages/large/068762.jpg"],"storeId":"woolworths","packageSize":"each","cupPrice":"$0.00 / 0","locations":{"ALL":{"price":2.5,"discountRate":50,"promo":"","orgPrice":5}},"categoryIds":["w-household"],"similarProducts":[]},{"id":"w-936476-9312828572791","name":"Spirax Notebook A4 Assorted Colours","brand":"Spirax","imageUrls":["https://cdn0.woolworths.media/content/wowproductimages/large/936476.jpg"],"storeId":"woolworths","packageSize":"120pg each","cupPrice":"$0.00 / 0","locations":{"ALL":{"price":2,"discountRate":50,"promo":"","orgPrice":4}},"categoryIds":["w-household"],"similarProducts":[]},{"id":"w-354504-4006381215695","name":"Stabilo Boss Highlighters","brand":"Stabilo","imageUrls":["https://cdn0.woolworths.media/content/wowproductimages/large/354504.jpg"],"storeId":"woolworths","packageSize":"4 pack","cupPrice":"$0.00 / 0","locations":{"ALL":{"price":4,"discountRate":50,"promo":"","orgPrice":8}},"categoryIds":["w-household"],"similarProducts":[]},{"id":"w-546810-4006381492867","name":"Stabilo Boss Pastel","brand":"Stabilo","imageUrls":["https://cdn0.woolworths.media/content/wowproductimages/large/546810.jpg"],"storeId":"woolworths","packageSize":"4 pack","cupPrice":"$0.00 / 0","locations":{"ALL":{"price":4,"discountRate":50,"promo":"","orgPrice":8}},"categoryIds":["w-household"],"similarProducts":[]},{"id":"w-60871-4006381527422","name":"Stabilo Swing Cool Pastels Highlighters","brand":"Stabilo","imageUrls":["https://cdn0.woolworths.media/content/wowproductimages/large/060871.jpg"],"storeId":"woolworths","packageSize":"4 pack","cupPrice":"$0.00 / 0","locations":{"ALL":{"price":3.25,"discountRate":50,"promo":"","orgPrice":6.5}},"categoryIds":["w-household"],"similarProducts":[]},{"id":"w-95984-9310802010314","name":"Tenderly Toilet Tissue 3 Ply 250 Sheets","brand":"Tenderly","imageUrls":["https://cdn0.woolworths.media/content/wowproductimages/large/095984.jpg"],"storeId":"woolworths","packageSize":"10 pack","cupPrice":"$0.20 / 100SS","locations":{"ALL":{"price":4.95,"discountRate":50,"promo":"","orgPrice":9.9}},"categoryIds":["w-household"],"similarProducts":[]},{"id":"w-92335-9311838643392","name":"Tontine Sweet Dreams Soft Touch Pillow","brand":"Tontine","imageUrls":["https://cdn0.woolworths.media/content/wowproductimages/large/092335.jpg"],"storeId":"woolworths","packageSize":"2 pack","cupPrice":"$0.00 / 0","locations":{"ALL":{"price":10,"discountRate":50,"promo":"","orgPrice":20}},"categoryIds":["w-household"],"similarProducts":[]},{"id":"w-383861-4026700397109","name":"Uhu Glue Stick Strong & Safe 7ml","brand":"Uhu","imageUrls":["https://cdn0.woolworths.media/content/wowproductimages/large/383861.jpg"],"storeId":"woolworths","packageSize":"each","cupPrice":"$0.00 / 0","locations":{"ALL":{"price":4.25,"discountRate":50,"promo":"","orgPrice":8.5}},"categoryIds":["w-household"],"similarProducts":[]},{"id":"w-941863-4026700501902","name":"Uhu Glue Stick","brand":"Uhu","imageUrls":["https://cdn0.woolworths.media/content/wowproductimages/large/941863.jpg"],"storeId":"woolworths","packageSize":"21g each","cupPrice":"$0.00 / 0","locations":{"ALL":{"price":1.75,"discountRate":50,"promo":"","orgPrice":3.5}},"categoryIds":["w-household"],"similarProducts":[]},{"id":"w-383862-4026700454154","name":"Uhu Super Glue Minis 1ml","brand":"Uhu","imageUrls":["https://cdn0.woolworths.media/content/wowproductimages/large/383862.jpg"],"storeId":"woolworths","packageSize":"3 pack","cupPrice":"$0.00 / 0","locations":{"ALL":{"price":3.25,"discountRate":50,"promo":"","orgPrice":6.5}},"categoryIds":["w-household"],"similarProducts":[]},{"id":"w-99291-9310009014948","name":"Valvoline Oil Motor Xld 20w-50","brand":"Valvoline","imageUrls":["https://cdn0.woolworths.media/content/wowproductimages/large/099291.jpg"],"storeId":"woolworths","packageSize":"4l","cupPrice":"$0.36 / 100ML","locations":{"ALL":{"price":14.5,"discountRate":50,"promo":"","orgPrice":29}},"categoryIds":["w-household"],"similarProducts":[]},{"id":"w-802978-9300701708535","name":"Vanish Napisan Gold Pro Stain Remover Powder","brand":"Vanish","imageUrls":["https://cdn0.woolworths.media/content/wowproductimages/large/802978.jpg"],"storeId":"woolworths","packageSize":"2.7kg","cupPrice":"$5.56 / 1KG","locations":{"ALL":{"price":15,"discountRate":50,"promo":"","orgPrice":30}},"categoryIds":["w-household"],"similarProducts":[]},{"id":"w-98054-9300622510057","name":"Vileda Wettex Cleaning Cloth Super Absorbent Assorted","brand":"Vileda","imageUrls":["https://cdn0.woolworths.media/content/wowproductimages/large/098054.jpg"],"storeId":"woolworths","packageSize":"3 pack","cupPrice":"$0.67 / 1EA","locations":{"ALL":{"price":2,"discountRate":50,"promo":"","orgPrice":4}},"categoryIds":["w-household"],"similarProducts":[]},{"id":"w-75770-9310497004193","name":"Woolworths Bbq Foil Tray Medium","brand":"Woolworths","imageUrls":["https://cdn0.woolworths.media/content/wowproductimages/large/075770.jpg"],"storeId":"woolworths","packageSize":"3 pack","cupPrice":"$0.67 / 1EA","locations":{"ALL":{"price":2,"discountRate":50,"promo":"","orgPrice":4}},"categoryIds":["w-household"],"similarProducts":[]},{"id":"w-714673-9300633280420","name":"Woolworths Bbq Foil Tray Small","brand":"Woolworths","imageUrls":["https://cdn0.woolworths.media/content/wowproductimages/large/714673.jpg"],"storeId":"woolworths","packageSize":"10 pack","cupPrice":"$0.45 / 1EA","locations":{"ALL":{"price":4.5,"discountRate":50,"promo":"","orgPrice":9}},"categoryIds":["w-household"],"similarProducts":[]},{"id":"w-26220-9339687095513","name":"Woolworths Bbq Meat Claws","brand":"Woolworths","imageUrls":["https://cdn0.woolworths.media/content/wowproductimages/large/026220.jpg"],"storeId":"woolworths","packageSize":"2 pack","cupPrice":"$1.50 / 1EA","locations":{"ALL":{"price":1.5,"discountRate":70,"promo":"","orgPrice":5}},"categoryIds":["w-household"],"similarProducts":[]},{"id":"w-738367-9300633354930","name":"Woolworths For Ladies Underwear Bikini Size 16-18","brand":"Woolworths","imageUrls":["https://cdn0.woolworths.media/content/wowproductimages/large/738367.jpg"],"storeId":"woolworths","packageSize":"5 pack","cupPrice":"$0.00 / 0","locations":{"ALL":{"price":5,"discountRate":50,"promo":"","orgPrice":10}},"categoryIds":["w-household"],"similarProducts":[]},{"id":"w-804966-9315090204292","name":"Freedom Foods Messy Monkey Bites Chicken","brand":"Freedom Foods","imageUrls":["https://cdn0.woolworths.media/content/wowproductimages/large/804966.jpg"],"storeId":"woolworths","packageSize":"8 pack","cupPrice":"$2.19 / 100G","locations":{"ALL":{"price":3.5,"discountRate":50,"promo":"","orgPrice":7}},"categoryIds":["w-lunch-box"],"similarProducts":[]},{"id":"w-635961-9315090204360","name":"Messy Monkeys Whole Grain Bites Burger Flavour","brand":"Messy Monkeys","imageUrls":["https://cdn0.woolworths.media/content/wowproductimages/large/635961.jpg"],"storeId":"woolworths","packageSize":"8x160g","cupPrice":"$2.19 / 100G","locations":{"ALL":{"price":3.5,"discountRate":50,"promo":"","orgPrice":7}},"categoryIds":["w-lunch-box"],"similarProducts":[]},{"id":"w-635962-9315090204346","name":"Messy Monkeys Whole Grain Bites Cheese Flavour","brand":"Messy Monkeys","imageUrls":["https://cdn0.woolworths.media/content/wowproductimages/large/635962.jpg"],"storeId":"woolworths","packageSize":"8x160g","cupPrice":"$2.19 / 100G","locations":{"ALL":{"price":3.5,"discountRate":50,"promo":"","orgPrice":7}},"categoryIds":["w-lunch-box"],"similarProducts":[]}],"categories":[{"id":"w-bakery","name":"Bakery"},{"id":"w-lunch-box","name":"Lunch Box"},{"id":"w-dairy-eggs-fridge","name":"Dairy, Eggs & Fridge"},{"id":"w-pantry","name":"Pantry"},{"id":"w-drinks","name":"Drinks"},{"id":"w-freezer","name":"Freezer"},{"id":"w-pet","name":"Pet"},{"id":"w-baby","name":"Baby"},{"id":"w-household","name":"Household"},{"id":"w-health-beauty","name":"Health & Beauty"}]},"chemist-warehouse":{"products":[{"id":"cw-67491","name":"Swisse Ultiboost Calcium + Vitamin D 150 Tablets","brand":"Swisse","imageUrls":["https://static.chemistwarehouse.com.au/ams/media/pi/67491/2DF_800.jpg"],"storeId":"chemist-warehouse","packageSize":"","cupPrice":"","categoryIds":["cw-health/cw-vitamins"],"locations":{"ALL":{"price":13.99,"discountRate":53,"promo":"","orgPrice":29.99}},"similarProducts":[{"productId":"w-711578-9311770589888","storeId":"woolworths"}]},{"id":"cw-69707","name":"Bioglan Red Krill Oil 1000mg 60 Capsules","brand":"Bioglan","imageUrls":["https://static.chemistwarehouse.com.au/ams/media/pi/69707/2DF_800.jpg"],"storeId":"chemist-warehouse","packageSize":"","cupPrice":"","categoryIds":["cw-health/cw-vitamins"],"locations":{"ALL":{"price":24.99,"discountRate":72,"promo":"","orgPrice":89.95}},"similarProducts":[]},{"id":"cw-55511","name":"Swisse Men's Ultivite Multivitamin 120 Tablets","brand":"Swisse","imageUrls":["https://static.chemistwarehouse.com.au/ams/media/pi/55511/2DF_800.jpg"],"storeId":"chemist-warehouse","packageSize":"","cupPrice":"","categoryIds":["cw-health/cw-vitamins"],"locations":{"ALL":{"price":29.99,"discountRate":58,"promo":"","orgPrice":71.99}},"similarProducts":[{"productId":"swisse-ultivite-womens-tablets","storeId":"coles"}]},{"id":"cw-58934","name":"Blackmores Glucosamine Sulfate 1500mg One-A-Day 180 Tablets","brand":"Blackmores","imageUrls":["https://static.chemistwarehouse.com.au/ams/media/pi/58934/ADD4_800.jpg"],"storeId":"chemist-warehouse","packageSize":"","cupPrice":"","categoryIds":["cw-health/cw-vitamins"],"locations":{"ALL":{"price":32.99,"discountRate":51,"promo":"","orgPrice":67.99}},"similarProducts":[]},{"id":"cw-79795","name":"Swisse Ultiboost Co Enzyme Q10 150mg 180 Capsules","brand":"Swisse","imageUrls":["https://static.chemistwarehouse.com.au/ams/media/pi/79795/2DF_800.jpg"],"storeId":"chemist-warehouse","packageSize":"","cupPrice":"","categoryIds":["cw-health/cw-vitamins"],"locations":{"ALL":{"price":36.99,"discountRate":62,"promo":"","orgPrice":96.99}},"similarProducts":[]},{"id":"cw-52658","name":"Swisse Women's Ultivite Multivitamin 120 Tablets","brand":"Swisse","imageUrls":["https://static.chemistwarehouse.com.au/ams/media/pi/52658/2DF_800.jpg"],"storeId":"chemist-warehouse","packageSize":"","cupPrice":"","categoryIds":["cw-health/cw-vitamins"],"locations":{"ALL":{"price":29.99,"discountRate":58,"promo":"","orgPrice":71.99}},"similarProducts":[{"productId":"swisse-ultivite-womens-tablets","storeId":"coles"}]},{"id":"cw-50953","name":"Blackmores Pregnancy and Breastfeeding Gold 180 Capsules","brand":"Blackmores","imageUrls":["https://static.chemistwarehouse.com.au/ams/media/pi/50953/ADD4_800.jpg"],"storeId":"chemist-warehouse","packageSize":"","cupPrice":"","categoryIds":["cw-health/cw-vitamins"],"locations":{"ALL":{"price":35.99,"discountRate":50,"promo":"","orgPrice":71.49}},"similarProducts":[{"productId":"w-92206-9300807232675","storeId":"woolworths"}]},{"id":"cw-55278","name":"Blackmores Total Calcium & Magnesium + D3 200 Tablets","brand":"Blackmores","imageUrls":["https://static.chemistwarehouse.com.au/ams/media/pi/55278/ADD4_800.jpg"],"storeId":"chemist-warehouse","packageSize":"","cupPrice":"","categoryIds":["cw-health/cw-vitamins"],"locations":{"ALL":{"price":19.99,"discountRate":51,"promo":"","orgPrice":40.99}},"similarProducts":[]},{"id":"cw-64119","name":"Comvita UMF 10+ Manuka Honey 500g (Not Available in WA)","brand":"Comvita","imageUrls":["https://static.chemistwarehouse.com.au/ams/media/pi/64119/F2D_800.jpg"],"storeId":"chemist-warehouse","packageSize":"","cupPrice":"","categoryIds":["cw-health/cw-vitamins"],"locations":{"ALL":{"price":49.99,"discountRate":51,"promo":"","orgPrice":102.95}},"similarProducts":[]},{"id":"cw-53030","name":"Blackmores Evening Primrose Oil 190 Capsules","brand":"Blackmores","imageUrls":["https://static.chemistwarehouse.com.au/ams/media/pi/53030/ADD4_800.jpg"],"storeId":"chemist-warehouse","packageSize":"","cupPrice":"","categoryIds":["cw-health/cw-vitamins"],"locations":{"ALL":{"price":19.99,"discountRate":52,"promo":"","orgPrice":41.49}},"similarProducts":[]},{"id":"cw-83712","name":"Nutra-Life Kyolic Aged Garlic Extract 120 Capsules","brand":"NutraLife","imageUrls":["https://static.chemistwarehouse.com.au/ams/media/pi/83712/2DF_800.jpg"],"storeId":"chemist-warehouse","packageSize":"","cupPrice":"","categoryIds":["cw-health/cw-vitamins"],"locations":{"ALL":{"price":25.99,"discountRate":57,"promo":"","orgPrice":59.99}},"similarProducts":[]},{"id":"cw-58108","name":"Swisse Ultiboost Sleep 100 Tablets","brand":"Swisse","imageUrls":["https://static.chemistwarehouse.com.au/ams/media/pi/58108/2DF_800.jpg"],"storeId":"chemist-warehouse","packageSize":"","cupPrice":"","categoryIds":["cw-health/cw-vitamins"],"locations":{"ALL":{"price":19.99,"discountRate":55,"promo":"","orgPrice":43.99}},"similarProducts":[]},{"id":"cw-89644","name":"Swisse Ultibiotic Daily Digestive Probiotic 90 Capsules","brand":"Swisse","imageUrls":["https://static.chemistwarehouse.com.au/ams/media/pi/89644/2DF_800.jpg"],"storeId":"chemist-warehouse","packageSize":"","cupPrice":"","categoryIds":["cw-health/cw-vitamins"],"locations":{"ALL":{"price":34.99,"discountRate":56,"promo":"","orgPrice":79.99}},"similarProducts":[{"productId":"swisse-ultibiotic-daily-digestive-probiotic","storeId":"coles"}]},{"id":"cw-58938","name":"Blackmores Joint Formula Advanced 120 Tablets","brand":"Blackmores","imageUrls":["https://static.chemistwarehouse.com.au/ams/media/pi/58938/ADD4_800.jpg"],"storeId":"chemist-warehouse","packageSize":"","cupPrice":"","categoryIds":["cw-health/cw-vitamins"],"locations":{"ALL":{"price":39.99,"discountRate":50,"promo":"","orgPrice":79.99}},"similarProducts":[]},{"id":"cw-86219","name":"Thompson's One-a-day Milk Thistle 42000mg 60 Capsules","brand":"Thompsons","imageUrls":["https://static.chemistwarehouse.com.au/ams/media/pi/86219/ADD7_800.jpg"],"storeId":"chemist-warehouse","packageSize":"","cupPrice":"","categoryIds":["cw-health/cw-vitamins"],"locations":{"ALL":{"price":15.99,"discountRate":57,"promo":"","orgPrice":37}},"similarProducts":[]},{"id":"cw-64186","name":"Comvita UMF 15+ Manuka Honey 250g (Not Available in WA)","brand":"Comvita","imageUrls":["https://static.chemistwarehouse.com.au/ams/media/pi/64186/F2D_800.jpg"],"storeId":"chemist-warehouse","packageSize":"","cupPrice":"","categoryIds":["cw-health/cw-vitamins"],"locations":{"ALL":{"price":59.99,"discountRate":55,"promo":"","orgPrice":131.95}},"similarProducts":[]},{"id":"cw-63835","name":"Comvita UMF 5+ Manuka Honey 1kg (Not Available in WA)","brand":"Comvita","imageUrls":["https://static.chemistwarehouse.com.au/ams/media/pi/63835/F2D_800.jpg"],"storeId":"chemist-warehouse","packageSize":"","cupPrice":"","categoryIds":["cw-health/cw-vitamins"],"locations":{"ALL":{"price":49.99,"discountRate":54,"promo":"","orgPrice":107.95}},"similarProducts":[]},{"id":"cw-63351","name":"Thompson's One-A-Day Ginkgo 6000mg 60 Capsules","brand":"Thompsons","imageUrls":["https://static.chemistwarehouse.com.au/ams/media/pi/63351/ADD7_800.jpg"],"storeId":"chemist-warehouse","packageSize":"","cupPrice":"","categoryIds":["cw-health/cw-vitamins"],"locations":{"ALL":{"price":15.99,"discountRate":57,"promo":"","orgPrice":37.6}},"similarProducts":[]},{"id":"cw-80322","name":"Ostelin Kids Calcium & Vitamin D3 90 Chewable Tablets","brand":"Ostelin","imageUrls":["https://static.chemistwarehouse.com.au/ams/media/pi/80322/ADD7_800.jpg"],"storeId":"chemist-warehouse","packageSize":"","cupPrice":"","categoryIds":["cw-health/cw-vitamins"],"locations":{"ALL":{"price":10.99,"discountRate":50,"promo":"","orgPrice":21.99}},"similarProducts":[]},{"id":"cw-80461","name":"Swisse Ultiboost Grape Seed 14250mg 300 Tablets","brand":"Swisse","imageUrls":["https://static.chemistwarehouse.com.au/ams/media/pi/80461/2DF_800.jpg"],"storeId":"chemist-warehouse","packageSize":"","cupPrice":"","categoryIds":["cw-health/cw-vitamins","cw-beauty/cw-skin-care"],"locations":{"ALL":{"price":25.99,"discountRate":62,"promo":"","orgPrice":68.99}},"similarProducts":[]},{"id":"cw-69708","name":"Bioglan Red Krill Oil 500mg 120 Soft Capsules","brand":"Bioglan","imageUrls":["https://static.chemistwarehouse.com.au/ams/media/pi/69708/2DF_800.jpg"],"storeId":"chemist-warehouse","packageSize":"","cupPrice":"","categoryIds":["cw-health/cw-vitamins"],"locations":{"ALL":{"price":24.99,"discountRate":72,"promo":"","orgPrice":89.95}},"similarProducts":[]},{"id":"cw-93598","name":"Barnes Naturals Australian Manuka Honey 1kg MGO 100+","brand":"Barnes Naturals","imageUrls":["https://static.chemistwarehouse.com.au/ams/media/pi/93598/F2D_800.jpg"],"storeId":"chemist-warehouse","packageSize":"","cupPrice":"","categoryIds":["cw-health/cw-vitamins"],"locations":{"ALL":{"price":39.99,"discountRate":56,"promo":"","orgPrice":89.99}},"similarProducts":[]},{"id":"cw-70258","name":"Swisse Ultiboost Evening Primrose Oil 200 Capsules","brand":"Swisse","imageUrls":["https://static.chemistwarehouse.com.au/ams/media/pi/70258/2DF_800.jpg"],"storeId":"chemist-warehouse","packageSize":"","cupPrice":"","categoryIds":["cw-health/cw-vitamins"],"locations":{"ALL":{"price":20.99,"discountRate":54,"promo":"","orgPrice":45.99}},"similarProducts":[]},{"id":"cw-63338","name":"Thompson's One-A-Day Bilberry 12000mg 60 Capsules","brand":"Thompsons","imageUrls":["https://static.chemistwarehouse.com.au/ams/media/pi/63338/ADD7_800.jpg"],"storeId":"chemist-warehouse","packageSize":"","cupPrice":"","categoryIds":["cw-health/cw-vitamins"],"locations":{"ALL":{"price":25.99,"discountRate":58,"promo":"","orgPrice":61.3}},"similarProducts":[]},{"id":"cw-64807","name":"Ostelin Kids Vitamin D3 Liquid 20ml","brand":"Ostelin","imageUrls":["https://static.chemistwarehouse.com.au/ams/media/pi/64807/ADD7_800.jpg"],"storeId":"chemist-warehouse","packageSize":"","cupPrice":"","categoryIds":["cw-health/cw-vitamins"],"locations":{"ALL":{"price":6.99,"discountRate":56,"promo":"","orgPrice":15.99}},"similarProducts":[]},{"id":"cw-80463","name":"Swisse Ultiboost Lecithin 1200mg 300 Capsules","brand":"Swisse","imageUrls":["https://static.chemistwarehouse.com.au/ams/media/pi/80463/2DF_800.jpg"],"storeId":"chemist-warehouse","packageSize":"","cupPrice":"","categoryIds":["cw-health/cw-vitamins"],"locations":{"ALL":{"price":28.99,"discountRate":55,"promo":"","orgPrice":64.99}},"similarProducts":[]},{"id":"cw-85983","name":"GO Healthy CoQ10 Ubiquinol 100mg 60 Capsules","brand":"Go Healthy","imageUrls":["https://static.chemistwarehouse.com.au/ams/media/pi/85983/2DF_800.jpg"],"storeId":"chemist-warehouse","packageSize":"","cupPrice":"","categoryIds":["cw-health/cw-vitamins"],"locations":{"ALL":{"price":39.99,"discountRate":57,"promo":"","orgPrice":91.99}},"similarProducts":[]},{"id":"cw-56439","name":"Swisse Ultiboost Prostate 50 Tablets","brand":"Swisse","imageUrls":["https://static.chemistwarehouse.com.au/ams/media/pi/56439/2DF_800.jpg"],"storeId":"chemist-warehouse","packageSize":"","cupPrice":"","categoryIds":["cw-health/cw-vitamins"],"locations":{"ALL":{"price":22.99,"discountRate":51,"promo":"","orgPrice":46.99}},"similarProducts":[]},{"id":"cw-93604","name":"Barnes Naturals Australian Manuka Honey 500g MGO 550+","brand":"Barnes Naturals","imageUrls":["https://static.chemistwarehouse.com.au/ams/media/pi/93604/F2D_800.jpg"],"storeId":"chemist-warehouse","packageSize":"","cupPrice":"","categoryIds":["cw-health/cw-vitamins"],"locations":{"ALL":{"price":69.99,"discountRate":58,"promo":"","orgPrice":164.99}},"similarProducts":[]},{"id":"cw-77526","name":"Swisse Ultiboost Lung Health Support 90 Tablets","brand":"Swisse","imageUrls":["https://static.chemistwarehouse.com.au/ams/media/pi/77526/2DF_800.jpg"],"storeId":"chemist-warehouse","packageSize":"","cupPrice":"","categoryIds":["cw-health/cw-vitamins"],"locations":{"ALL":{"price":24.99,"discountRate":62,"promo":"","orgPrice":64.99}},"similarProducts":[]},{"id":"cw-67493","name":"Swisse Chlorophyll Mixed Berry 500ml","brand":"Swisse","imageUrls":["https://static.chemistwarehouse.com.au/ams/media/pi/67493/2DF_800.jpg"],"storeId":"chemist-warehouse","packageSize":"","cupPrice":"","categoryIds":["cw-health/cw-vitamins"],"locations":{"ALL":{"price":12.99,"discountRate":55,"promo":"","orgPrice":28.99}},"similarProducts":[]},{"id":"cw-87454","name":"Manuka Health MGO 400+ Manuka Honey 500g (Not For Sale In WA)","brand":"Manuka Health","imageUrls":["https://static.chemistwarehouse.com.au/ams/media/pi/87454/F2D_800.jpg"],"storeId":"chemist-warehouse","packageSize":"","cupPrice":"","categoryIds":["cw-health/cw-vitamins"],"locations":{"ALL":{"price":59.99,"discountRate":50,"promo":"","orgPrice":119.17}},"similarProducts":[]},{"id":"cw-77619","name":"Bioglan Lung Clear 60 Tablets","brand":"Bioglan","imageUrls":["https://static.chemistwarehouse.com.au/ams/media/pi/77619/2DF_800.jpg"],"storeId":"chemist-warehouse","packageSize":"","cupPrice":"","categoryIds":["cw-health/cw-vitamins"],"locations":{"ALL":{"price":19.49,"discountRate":51,"promo":"","orgPrice":39.95}},"similarProducts":[]},{"id":"cw-89646","name":"Swisse Ultibiotic Daily Immune Probiotic 30 Capsules","brand":"Swisse","imageUrls":["https://static.chemistwarehouse.com.au/ams/media/pi/89646/2DF_800.jpg"],"storeId":"chemist-warehouse","packageSize":"","cupPrice":"","categoryIds":["cw-health/cw-vitamins"],"locations":{"ALL":{"price":15.99,"discountRate":52,"promo":"","orgPrice":32.99}},"similarProducts":[{"productId":"swisse-ultibiotic-daily-immune-probiotic","storeId":"coles"}]},{"id":"cw-89645","name":"Swisse Ultibiotic Daily IBS Probiotic 30 Capsules","brand":"Swisse","imageUrls":["https://static.chemistwarehouse.com.au/ams/media/pi/89645/2DF_800.jpg"],"storeId":"chemist-warehouse","packageSize":"","cupPrice":"","categoryIds":["cw-health/cw-vitamins"],"locations":{"ALL":{"price":15.99,"discountRate":52,"promo":"","orgPrice":32.99}},"similarProducts":[]},{"id":"cw-70153","name":"Swisse Menopause Balance 60 Tablets","brand":"Swisse","imageUrls":["https://static.chemistwarehouse.com.au/ams/media/pi/70153/2DF_800.jpg"],"storeId":"chemist-warehouse","packageSize":"","cupPrice":"","categoryIds":["cw-health/cw-vitamins"],"locations":{"ALL":{"price":20.99,"discountRate":50,"promo":"","orgPrice":41.99}},"similarProducts":[]},{"id":"cw-89647","name":"Swisse Ultibiotic Womens Flora Probiotic 30 Capsules","brand":"Swisse","imageUrls":["https://static.chemistwarehouse.com.au/ams/media/pi/89647/2DF_800.jpg"],"storeId":"chemist-warehouse","packageSize":"","cupPrice":"","categoryIds":["cw-health/cw-vitamins"],"locations":{"ALL":{"price":15.99,"discountRate":52,"promo":"","orgPrice":32.99}},"similarProducts":[]},{"id":"cw-64041","name":"Ostelin Vitamin D3 1000IU Liquid 50ml","brand":"Ostelin","imageUrls":["https://static.chemistwarehouse.com.au/ams/media/pi/64041/ADD7_800.jpg"],"storeId":"chemist-warehouse","packageSize":"","cupPrice":"","categoryIds":["cw-health/cw-vitamins"],"locations":{"ALL":{"price":12.99,"discountRate":54,"promo":"","orgPrice":27.99}},"similarProducts":[]},{"id":"cw-49436","name":"Inner Health Plus 90 Capsules","brand":"Ethical Nutrients","imageUrls":["https://static.chemistwarehouse.com.au/ams/media/pi/49436/2DF_800.jpg"],"storeId":"chemist-warehouse","packageSize":"","cupPrice":"","categoryIds":["cw-health/cw-vitamins"],"locations":{"ALL":{"price":39.75,"discountRate":50,"promo":"","orgPrice":79.5}},"similarProducts":[]},{"id":"cw-91653","name":"GO Healthy Hemp Seed Oil 1100mg 100 Softgel Capsules","brand":"Go Healthy","imageUrls":["https://static.chemistwarehouse.com.au/ams/media/pi/91653/2DF_800.jpg"],"storeId":"chemist-warehouse","packageSize":"","cupPrice":"","categoryIds":["cw-health/cw-vitamins"],"locations":{"ALL":{"price":14.99,"discountRate":50,"promo":"","orgPrice":29.99}},"similarProducts":[]},{"id":"cw-57049","name":"Swisse Ultiboost Memory + Focus 50 Tablets","brand":"Swisse","imageUrls":["https://static.chemistwarehouse.com.au/ams/media/pi/57049/2DF_800.jpg"],"storeId":"chemist-warehouse","packageSize":"","cupPrice":"","categoryIds":["cw-health/cw-vitamins"],"locations":{"ALL":{"price":14.99,"discountRate":53,"promo":"","orgPrice":31.99}},"similarProducts":[{"productId":"swisse-ultiboost-tabs-executive-focus","storeId":"coles"},{"productId":"w-324904-9311770588034","storeId":"woolworths"}]},{"id":"cw-81467","name":"Swisse Ultiboost Cranberry Effervescent 60 Tablets","brand":"Swisse","imageUrls":["https://static.chemistwarehouse.com.au/ams/media/pi/81467/ADD3_800.jpg"],"storeId":"chemist-warehouse","packageSize":"","cupPrice":"","categoryIds":["cw-health/cw-vitamins"],"locations":{"ALL":{"price":9.99,"discountRate":67,"promo":"","orgPrice":29.95}},"similarProducts":[]},{"id":"cw-64122","name":"Comvita UMF 5+ Manuka Honey 500g (Not Available in WA)","brand":"Comvita","imageUrls":["https://static.chemistwarehouse.com.au/ams/media/pi/64122/F2D_800.jpg"],"storeId":"chemist-warehouse","packageSize":"","cupPrice":"","categoryIds":["cw-health/cw-vitamins"],"locations":{"ALL":{"price":26.99,"discountRate":54,"promo":"","orgPrice":58.95}},"similarProducts":[]},{"id":"cw-87484","name":"Thompson's One-a-day Vitex 1500mg 60 Capsules","brand":"Thompsons","imageUrls":["https://static.chemistwarehouse.com.au/ams/media/pi/87484/ADD7_800.jpg"],"storeId":"chemist-warehouse","packageSize":"","cupPrice":"","categoryIds":["cw-health/cw-vitamins"],"locations":{"ALL":{"price":12.99,"discountRate":55,"promo":"","orgPrice":28.8}},"similarProducts":[]},{"id":"cw-63345","name":"Thompson's One-A-Day St. John's Wort 4000mg 60 Tablets","brand":"Thompsons","imageUrls":["https://static.chemistwarehouse.com.au/ams/media/pi/63345/ADD7_800.jpg"],"storeId":"chemist-warehouse","packageSize":"","cupPrice":"","categoryIds":["cw-health/cw-vitamins"],"locations":{"ALL":{"price":17.99,"discountRate":57,"promo":"","orgPrice":41.7}},"similarProducts":[]},{"id":"cw-55289","name":"Blackmores Vitamin D3 1000IU 200 Capsules","brand":"Blackmores","imageUrls":["https://static.chemistwarehouse.com.au/ams/media/pi/55289/ADD4_800.jpg"],"storeId":"chemist-warehouse","packageSize":"","cupPrice":"","categoryIds":["cw-health/cw-vitamins"],"locations":{"ALL":{"price":13.99,"discountRate":52,"promo":"","orgPrice":28.99}},"similarProducts":[{"productId":"w-134174-93391078","storeId":"woolworths"}]},{"id":"cw-81468","name":"Swisse Ultivite Multivitamin Effervescent 60 Tablets","brand":"Swisse","imageUrls":["https://static.chemistwarehouse.com.au/ams/media/pi/81468/3DF_800.jpg"],"storeId":"chemist-warehouse","packageSize":"","cupPrice":"","categoryIds":["cw-health/cw-vitamins"],"locations":{"ALL":{"price":10.99,"discountRate":63,"promo":"","orgPrice":29.95}},"similarProducts":[]},{"id":"cw-91060","name":"Blis Probiotics Throat Guard 30","brand":"Blis","imageUrls":["https://static.chemistwarehouse.com.au/ams/media/pi/91060/F2D_800.jpg"],"storeId":"chemist-warehouse","packageSize":"","cupPrice":"","categoryIds":["cw-health/cw-vitamins"],"locations":{"ALL":{"price":14.99,"discountRate":50,"promo":"","orgPrice":29.99}},"similarProducts":[]},{"id":"cw-85973","name":"GO Healthy Beautiful Skin Collagen Support 60 Vege Capsules","brand":"Go Healthy","imageUrls":["https://static.chemistwarehouse.com.au/ams/media/pi/85973/2DF_800.jpg"],"storeId":"chemist-warehouse","packageSize":"","cupPrice":"","categoryIds":["cw-health/cw-vitamins"],"locations":{"ALL":{"price":21.99,"discountRate":51,"promo":"","orgPrice":44.99}},"similarProducts":[]},{"id":"cw-84374","name":"Nature's Own Glucosamine Sulfate & Chondroitin Advanced 120 Tablets","brand":"Natures Own","imageUrls":["https://static.chemistwarehouse.com.au/ams/media/pi/84374/ADD7_800.jpg"],"storeId":"chemist-warehouse","packageSize":"","cupPrice":"","categoryIds":["cw-health/cw-vitamins"],"locations":{"ALL":{"price":29.99,"discountRate":50,"promo":"","orgPrice":59.99}},"similarProducts":[]},{"id":"cw-93602","name":"Barnes Naturals Australian Manuka Honey 500g MGO 400+","brand":"Barnes Naturals","imageUrls":["https://static.chemistwarehouse.com.au/ams/media/pi/93602/F2D_800.jpg"],"storeId":"chemist-warehouse","packageSize":"","cupPrice":"","categoryIds":["cw-health/cw-vitamins"],"locations":{"ALL":{"price":49.99,"discountRate":50,"promo":"","orgPrice":99.99}},"similarProducts":[]},{"id":"cw-85837","name":"Thompson's One-a-day Kava 3800mg 30 Tablets","brand":"Thompsons","imageUrls":["https://static.chemistwarehouse.com.au/ams/media/pi/85837/ADD7_800.jpg"],"storeId":"chemist-warehouse","packageSize":"","cupPrice":"","categoryIds":["cw-health/cw-vitamins"],"locations":{"ALL":{"price":15.99,"discountRate":51,"promo":"","orgPrice":32.95}},"similarProducts":[]},{"id":"cw-63376","name":"Thompson's Omega 3 Fish Oil 400 Capsules","brand":"Thompsons","imageUrls":["https://static.chemistwarehouse.com.au/ams/media/pi/63376/2DF_800.jpg"],"storeId":"chemist-warehouse","packageSize":"","cupPrice":"","categoryIds":["cw-health/cw-vitamins"],"locations":{"ALL":{"price":18.99,"discountRate":56,"promo":"","orgPrice":43.25}},"similarProducts":[]},{"id":"cw-71933","name":"Swisse Ultiboost Joint Repair 90 Tablets","brand":"Swisse","imageUrls":["https://static.chemistwarehouse.com.au/ams/media/pi/71933/2DF_800.jpg"],"storeId":"chemist-warehouse","packageSize":"","cupPrice":"","categoryIds":["cw-health/cw-vitamins"],"locations":{"ALL":{"price":26.99,"discountRate":53,"promo":"","orgPrice":56.99}},"similarProducts":[]},{"id":"cw-80462","name":"Swisse Propolis 2000mg 300 Capsules","brand":"Swisse","imageUrls":["https://static.chemistwarehouse.com.au/ams/media/pi/80462/2DF_800.jpg"],"storeId":"chemist-warehouse","packageSize":"","cupPrice":"","categoryIds":["cw-health/cw-vitamins"],"locations":{"ALL":{"price":33.49,"discountRate":55,"promo":"","orgPrice":73.99}},"similarProducts":[]},{"id":"cw-81469","name":"Swisse Ultiboost Calcium + VItamin D Effervescent 60 Tablets","brand":"Swisse","imageUrls":["https://static.chemistwarehouse.com.au/ams/media/pi/81469/ADD3_800.jpg"],"storeId":"chemist-warehouse","packageSize":"","cupPrice":"","categoryIds":["cw-health/cw-vitamins"],"locations":{"ALL":{"price":10.99,"discountRate":63,"promo":"","orgPrice":29.95}},"similarProducts":[]},{"id":"cw-55752","name":"Comvita Olive Leaf Extract Natural/ Original 500ml","brand":"Comvita","imageUrls":["https://static.chemistwarehouse.com.au/ams/media/pi/55752/F2D_800.jpg"],"storeId":"chemist-warehouse","packageSize":"","cupPrice":"","categoryIds":["cw-health/cw-vitamins"],"locations":{"ALL":{"price":19.99,"discountRate":51,"promo":"","orgPrice":40.5}},"similarProducts":[]},{"id":"cw-75966","name":"Thompson's One-a-day Celery Seed 5000mg 60 Capsules","brand":"Thompsons","imageUrls":["https://static.chemistwarehouse.com.au/ams/media/pi/75966/ADD7_800.jpg"],"storeId":"chemist-warehouse","packageSize":"","cupPrice":"","categoryIds":["cw-health/cw-vitamins"],"locations":{"ALL":{"price":11.99,"discountRate":55,"promo":"","orgPrice":26.8}},"similarProducts":[]},{"id":"cw-56715","name":"Swisse Ultiboost Mood 50 Tablets","brand":"Swisse","imageUrls":["https://static.chemistwarehouse.com.au/ams/media/pi/56715/2DF_800.jpg"],"storeId":"chemist-warehouse","packageSize":"","cupPrice":"","categoryIds":["cw-health/cw-vitamins"],"locations":{"ALL":{"price":16.99,"discountRate":50,"promo":"","orgPrice":33.95}},"similarProducts":[]},{"id":"cw-90366","name":"Nutra-Life Gut Relief 14 Sachets","brand":"NutraLife","imageUrls":["https://static.chemistwarehouse.com.au/ams/media/pi/90366/ADD7_800.jpg"],"storeId":"chemist-warehouse","packageSize":"","cupPrice":"","categoryIds":["cw-health/cw-vitamins"],"locations":{"ALL":{"price":12.99,"discountRate":68,"promo":"","orgPrice":39.99}},"similarProducts":[]},{"id":"cw-86760","name":"GO Healthy K2 180mcg 30 Vege Capsules","brand":"Go Healthy","imageUrls":["https://static.chemistwarehouse.com.au/ams/media/pi/86760/2DF_800.jpg"],"storeId":"chemist-warehouse","packageSize":"","cupPrice":"","categoryIds":["cw-health/cw-vitamins"],"locations":{"ALL":{"price":14.99,"discountRate":55,"promo":"","orgPrice":32.99}},"similarProducts":[]},{"id":"cw-64104","name":"Comvita Olive Leaf Extract Mixed Berry 500mL","brand":"Comvita","imageUrls":["https://static.chemistwarehouse.com.au/ams/media/pi/64104/F2D_800.jpg"],"storeId":"chemist-warehouse","packageSize":"","cupPrice":"","categoryIds":["cw-health/cw-vitamins"],"locations":{"ALL":{"price":19.99,"discountRate":51,"promo":"","orgPrice":40.5}},"similarProducts":[]},{"id":"cw-78669","name":"Thompson's One-A-Day Ultra Cranberry 60000 60 Capsules","brand":"Thompsons","imageUrls":["https://static.chemistwarehouse.com.au/ams/media/pi/78669/ADD7_800.jpg"],"storeId":"chemist-warehouse","packageSize":"","cupPrice":"","categoryIds":["cw-health/cw-vitamins"],"locations":{"ALL":{"price":16.99,"discountRate":53,"promo":"","orgPrice":36}},"similarProducts":[]},{"id":"cw-95160","name":"Pentavite High DHA Kids 50 Capsules","brand":"Pentavite","imageUrls":["https://static.chemistwarehouse.com.au/ams/media/pi/95160/2DF_800.jpg"],"storeId":"chemist-warehouse","packageSize":"","cupPrice":"","categoryIds":["cw-health/cw-vitamins"],"locations":{"ALL":{"price":6.99,"discountRate":75,"promo":"","orgPrice":27.95}},"similarProducts":[]},{"id":"cw-73685","name":"Swisse Grape Seed 14,250mg 180 Tablets","brand":"Swisse","imageUrls":["https://static.chemistwarehouse.com.au/ams/media/pi/73685/2DF_800.jpg"],"storeId":"chemist-warehouse","packageSize":"","cupPrice":"","categoryIds":["cw-health/cw-vitamins","cw-beauty/cw-skin-care"],"locations":{"ALL":{"price":22.99,"discountRate":56,"promo":"","orgPrice":51.99}},"similarProducts":[]},{"id":"cw-66485","name":"Swisse Ultiboost Co-Enzyme Q10 150mg 50 Capsules","brand":"Swisse","imageUrls":["https://static.chemistwarehouse.com.au/ams/media/pi/66485/2DF_800.jpg"],"storeId":"chemist-warehouse","packageSize":"","cupPrice":"","categoryIds":["cw-health/cw-vitamins"],"locations":{"ALL":{"price":22.99,"discountRate":59,"promo":"","orgPrice":55.95}},"similarProducts":[]},{"id":"cw-91059","name":"Blis Probiotics Immune Defence 30 Lozenges","brand":"Blis","imageUrls":["https://static.chemistwarehouse.com.au/ams/media/pi/91059/F2D_800.jpg"],"storeId":"chemist-warehouse","packageSize":"","cupPrice":"","categoryIds":["cw-health/cw-vitamins"],"locations":{"ALL":{"price":12.49,"discountRate":50,"promo":"","orgPrice":24.99}},"similarProducts":[]},{"id":"cw-93568","name":"Nature's Way Kids Smart Vita Gummies Vegan 75 Gummies","brand":"Natures Way","imageUrls":["https://static.chemistwarehouse.com.au/ams/media/pi/93568/2DF_800.jpg"],"storeId":"chemist-warehouse","packageSize":"","cupPrice":"","categoryIds":["cw-health/cw-vitamins"],"locations":{"ALL":{"price":10,"discountRate":50,"promo":"","orgPrice":19.99}},"similarProducts":[]},{"id":"cw-99931","name":"Manuka Health MGO263+ UMF10 Manuka Honey 500g (NOT For sale in WA)","brand":"Manuka Health","imageUrls":["https://static.chemistwarehouse.com.au/ams/media/pi/99931/F2D_800.jpg"],"storeId":"chemist-warehouse","packageSize":"","cupPrice":"","categoryIds":["cw-health/cw-vitamins"],"locations":{"ALL":{"price":42.99,"discountRate":50,"promo":"","orgPrice":85.31}},"similarProducts":[]},{"id":"cw-74931","name":"Swisse Ultiboost Lecithin 1200mg 150 Caps","brand":"Swisse","imageUrls":["https://static.chemistwarehouse.com.au/ams/media/pi/74931/2DF_800.jpg"],"storeId":"chemist-warehouse","packageSize":"","cupPrice":"","categoryIds":["cw-health/cw-vitamins"],"locations":{"ALL":{"price":19.99,"discountRate":52,"promo":"","orgPrice":41.99}},"similarProducts":[]},{"id":"cw-95159","name":"Pentavite Calcium + Vitamin D3 & K2 Kids 50 Capsules","brand":"Pentavite","imageUrls":["https://static.chemistwarehouse.com.au/ams/media/pi/95159/2DF_800.jpg"],"storeId":"chemist-warehouse","packageSize":"","cupPrice":"","categoryIds":["cw-health/cw-vitamins"],"locations":{"ALL":{"price":6.99,"discountRate":75,"promo":"","orgPrice":27.95}},"similarProducts":[]},{"id":"cw-64120","name":"Comvita UMF 10+ Manuka Honey 250g (Not Available in WA)","brand":"Comvita","imageUrls":["https://static.chemistwarehouse.com.au/ams/media/pi/64120/F2D_800.jpg"],"storeId":"chemist-warehouse","packageSize":"","cupPrice":"","categoryIds":["cw-health/cw-vitamins"],"locations":{"ALL":{"price":28.99,"discountRate":52,"promo":"","orgPrice":59.95}},"similarProducts":[]},{"id":"cw-85990","name":"GO Healthy Fish Oil 1500mg Odourless 420 Capsules","brand":"Go Healthy","imageUrls":["https://static.chemistwarehouse.com.au/ams/media/pi/85990/2DF_800.jpg"],"storeId":"chemist-warehouse","packageSize":"","cupPrice":"","categoryIds":["cw-health/cw-vitamins"],"locations":{"ALL":{"price":23.99,"discountRate":55,"promo":"","orgPrice":52.99}},"similarProducts":[]},{"id":"cw-58504","name":"Swisse Chlorophyll Spearmint 500ml","brand":"Swisse","imageUrls":["https://static.chemistwarehouse.com.au/ams/media/pi/58504/2DF_800.jpg"],"storeId":"chemist-warehouse","packageSize":"","cupPrice":"","categoryIds":["cw-health/cw-vitamins"],"locations":{"ALL":{"price":12.99,"discountRate":55,"promo":"","orgPrice":28.99}},"similarProducts":[]},{"id":"cw-95154","name":"Pentavite Calcium + Magnesium + Vitamin D3 Kids Liquid 500ml","brand":"Pentavite","imageUrls":["https://static.chemistwarehouse.com.au/ams/media/pi/95154/2DF_800.jpg"],"storeId":"chemist-warehouse","packageSize":"","cupPrice":"","categoryIds":["cw-health/cw-vitamins"],"locations":{"ALL":{"price":8.99,"discountRate":75,"promo":"","orgPrice":35.95}},"similarProducts":[]},{"id":"cw-63343","name":"Thompson's One-A-Day Hawthorn 2000mg 60 Capsules","brand":"Thompsons","imageUrls":["https://static.chemistwarehouse.com.au/ams/media/pi/63343/ADD7_800.jpg"],"storeId":"chemist-warehouse","packageSize":"","cupPrice":"","categoryIds":["cw-health/cw-vitamins"],"locations":{"ALL":{"price":18.99,"discountRate":58,"promo":"","orgPrice":44.8}},"similarProducts":[]},{"id":"cw-85987","name":"GO Healthy Fish Oil 1000mg Odourless 200 Capsules","brand":"Go Healthy","imageUrls":["https://static.chemistwarehouse.com.au/ams/media/pi/85987/2DF_800.jpg"],"storeId":"chemist-warehouse","packageSize":"","cupPrice":"","categoryIds":["cw-health/cw-vitamins"],"locations":{"ALL":{"price":9.99,"discountRate":55,"promo":"","orgPrice":21.99}},"similarProducts":[]},{"id":"cw-76186","name":"Bioglan Grape Seed 20000mg 200 Capsules","brand":"Bioglan","imageUrls":["https://static.chemistwarehouse.com.au/ams/media/pi/76186/2DF_800.jpg"],"storeId":"chemist-warehouse","packageSize":"","cupPrice":"","categoryIds":["cw-health/cw-vitamins"],"locations":{"ALL":{"price":17.49,"discountRate":56,"promo":"","orgPrice":39.95}},"similarProducts":[]},{"id":"cw-88758","name":"Swisse Ultinatal Calcium Liquid For Baby 60 Capsules","brand":"Swisse","imageUrls":["https://static.chemistwarehouse.com.au/ams/media/pi/88758/2DF_800.jpg"],"storeId":"chemist-warehouse","packageSize":"","cupPrice":"","categoryIds":["cw-health/cw-vitamins"],"locations":{"ALL":{"price":9.99,"discountRate":55,"promo":"","orgPrice":21.99}},"similarProducts":[]},{"id":"cw-63786","name":"Comvita UMF 5+ Manuka Honey 250g (Not Available in WA)","brand":"Comvita","imageUrls":["https://static.chemistwarehouse.com.au/ams/media/pi/63786/F2D_800.jpg"],"storeId":"chemist-warehouse","packageSize":"","cupPrice":"","categoryIds":["cw-health/cw-vitamins"],"locations":{"ALL":{"price":17.99,"discountRate":53,"promo":"","orgPrice":37.95}},"similarProducts":[]},{"id":"cw-88759","name":"Swisse Ultinatal DHA + EPA Liquid for Baby 60 Capsules","brand":"Swisse","imageUrls":["https://static.chemistwarehouse.com.au/ams/media/pi/88759/2DF_800.jpg"],"storeId":"chemist-warehouse","packageSize":"","cupPrice":"","categoryIds":["cw-health/cw-vitamins"],"locations":{"ALL":{"price":10.99,"discountRate":56,"promo":"","orgPrice":24.99}},"similarProducts":[]},{"id":"cw-82280","name":"Bergamot Cardiovascular Care 60 Tablets","brand":"Natures Sunshine","imageUrls":["https://static.chemistwarehouse.com.au/ams/media/pi/82280/F2D_800.jpg"],"storeId":"chemist-warehouse","packageSize":"","cupPrice":"","categoryIds":["cw-health/cw-vitamins"],"locations":{"ALL":{"price":30,"discountRate":50,"promo":"","orgPrice":59.95}},"similarProducts":[]},{"id":"cw-64203","name":"Thompson's One-A-Day Grape Seed 19000mg 120 Tablets","brand":"Thompsons","imageUrls":["https://static.chemistwarehouse.com.au/ams/media/pi/64203/ADD7_800.jpg"],"storeId":"chemist-warehouse","packageSize":"","cupPrice":"","categoryIds":["cw-health/cw-vitamins"],"locations":{"ALL":{"price":23.99,"discountRate":55,"promo":"","orgPrice":53}},"similarProducts":[]},{"id":"cw-93573","name":"Nature's Way Plant Wisdom Immune Defence 60 Tablets","brand":"Natures Way","imageUrls":["https://static.chemistwarehouse.com.au/ams/media/pi/93573/2DF_800.jpg"],"storeId":"chemist-warehouse","packageSize":"","cupPrice":"","categoryIds":["cw-health/cw-vitamins"],"locations":{"ALL":{"price":10,"discountRate":60,"promo":"","orgPrice":24.99}},"similarProducts":[]},{"id":"cw-86021","name":"GO Healthy Pregnancy DHA 60 Capsules","brand":"Go Healthy","imageUrls":["https://static.chemistwarehouse.com.au/ams/media/pi/86021/2DF_800.jpg"],"storeId":"chemist-warehouse","packageSize":"","cupPrice":"","categoryIds":["cw-health/cw-vitamins"],"locations":{"ALL":{"price":12.99,"discountRate":64,"promo":"","orgPrice":35.99}},"similarProducts":[]},{"id":"cw-63372","name":"Thompsons Salmon Oil Plus 1000mg 500 Capsules","brand":"Thompsons","imageUrls":["https://static.chemistwarehouse.com.au/ams/media/pi/63372/ADD7_800.jpg"],"storeId":"chemist-warehouse","packageSize":"","cupPrice":"","categoryIds":["cw-health/cw-vitamins"],"locations":{"ALL":{"price":34.99,"discountRate":54,"promo":"","orgPrice":75.95}},"similarProducts":[]},{"id":"cw-85989","name":"GO Healthy Fish Oil 1500mg Odourless 210 Capsules","brand":"Go Healthy","imageUrls":["https://static.chemistwarehouse.com.au/ams/media/pi/85989/2DF_800.jpg"],"storeId":"chemist-warehouse","packageSize":"","cupPrice":"","categoryIds":["cw-health/cw-vitamins"],"locations":{"ALL":{"price":12.49,"discountRate":58,"promo":"","orgPrice":29.99}},"similarProducts":[]},{"id":"cw-85995","name":"GO Healthy Grape Seed 60000mg 120 Vege Capsules","brand":"Go Healthy","imageUrls":["https://static.chemistwarehouse.com.au/ams/media/pi/85995/2DF_800.jpg"],"storeId":"chemist-warehouse","packageSize":"","cupPrice":"","categoryIds":["cw-health/cw-vitamins"],"locations":{"ALL":{"price":28.99,"discountRate":52,"promo":"","orgPrice":59.99}},"similarProducts":[]},{"id":"cw-94208","name":"Cenovis Hello Detox 60 Tablets","brand":"Cenovis","imageUrls":["https://static.chemistwarehouse.com.au/ams/media/pi/94208/ADD4_800.jpg"],"storeId":"chemist-warehouse","packageSize":"","cupPrice":"","categoryIds":["cw-health/cw-vitamins"],"locations":{"ALL":{"price":14.99,"discountRate":57,"promo":"","orgPrice":34.99}},"similarProducts":[]},{"id":"cw-98235","name":"Swisse Ultivite Women's Multivitamin + Superfood Blend 28 pack","brand":"Swisse","imageUrls":["https://static.chemistwarehouse.com.au/ams/media/pi/98235/F2D_800.jpg"],"storeId":"chemist-warehouse","packageSize":"","cupPrice":"","categoryIds":["cw-health/cw-vitamins"],"locations":{"ALL":{"price":25.99,"discountRate":60,"promo":"","orgPrice":64.99}},"similarProducts":[]},{"id":"cw-90412","name":"Swisse Ultinatal Probiotic Powder For Baby 28 Sachets","brand":"Swisse","imageUrls":["https://static.chemistwarehouse.com.au/ams/media/pi/90412/F2D_800.jpg"],"storeId":"chemist-warehouse","packageSize":"","cupPrice":"","categoryIds":["cw-health/cw-vitamins"],"locations":{"ALL":{"price":14.99,"discountRate":63,"promo":"","orgPrice":39.99}},"similarProducts":[]},{"id":"cw-94209","name":"Cenovis Hello Energy 60 Tablets","brand":"Cenovis","imageUrls":["https://static.chemistwarehouse.com.au/ams/media/pi/94209/ADD4_800.jpg"],"storeId":"chemist-warehouse","packageSize":"","cupPrice":"","categoryIds":["cw-health/cw-vitamins"],"locations":{"ALL":{"price":14.99,"discountRate":57,"promo":"","orgPrice":34.99}},"similarProducts":[{"productId":"w-85956-9300705605892","storeId":"woolworths"}]},{"id":"cw-64094","name":"Comvita Olive Leaf Extract Peppermint 500mL","brand":"Comvita","imageUrls":["https://static.chemistwarehouse.com.au/ams/media/pi/64094/F2D_800.jpg"],"storeId":"chemist-warehouse","packageSize":"","cupPrice":"","categoryIds":["cw-health/cw-vitamins"],"locations":{"ALL":{"price":19.99,"discountRate":51,"promo":"","orgPrice":40.5}},"similarProducts":[]},{"id":"cw-93575","name":"Nature's Way Plant Wisdom Vegan Multivitamin 60 Tablets","brand":"Natures Way","imageUrls":["https://static.chemistwarehouse.com.au/ams/media/pi/93575/2DF_800.jpg"],"storeId":"chemist-warehouse","packageSize":"","cupPrice":"","categoryIds":["cw-health/cw-vitamins"],"locations":{"ALL":{"price":10,"discountRate":60,"promo":"","orgPrice":24.99}},"similarProducts":[]},{"id":"cw-68932","name":"Bioglan Organic Coconut Oil 300g","brand":"Bioglan","imageUrls":["https://static.chemistwarehouse.com.au/ams/media/pi/68932/2DF_800.jpg"],"storeId":"chemist-warehouse","packageSize":"","cupPrice":"","categoryIds":["cw-health/cw-vitamins"],"locations":{"ALL":{"price":6.99,"discountRate":51,"promo":"","orgPrice":14.35}},"similarProducts":[]},{"id":"cw-88760","name":"Swisse Ultinatal Mens Pre Conception 30 Capsules","brand":"Swisse","imageUrls":["https://static.chemistwarehouse.com.au/ams/media/pi/88760/2DF_800.jpg"],"storeId":"chemist-warehouse","packageSize":"","cupPrice":"","categoryIds":["cw-health/cw-vitamins"],"locations":{"ALL":{"price":9.99,"discountRate":67,"promo":"","orgPrice":29.99}},"similarProducts":[]},{"id":"cw-88762","name":"Swisse Ultinatal Vitamin D3 Liquid For Baby 30ml","brand":"Swisse","imageUrls":["https://static.chemistwarehouse.com.au/ams/media/pi/88762/ADD6_800.jpg"],"storeId":"chemist-warehouse","packageSize":"","cupPrice":"","categoryIds":["cw-health/cw-vitamins"],"locations":{"ALL":{"price":10.99,"discountRate":52,"promo":"","orgPrice":22.99}},"similarProducts":[]},{"id":"cw-75063","name":"Swisse Glucosamine Sulfate 1500mg 180Â Tablets","brand":"Swisse","imageUrls":["https://static.chemistwarehouse.com.au/ams/media/pi/75063/2DF_800.jpg"],"storeId":"chemist-warehouse","packageSize":"","cupPrice":"","categoryIds":["cw-health/cw-vitamins"],"locations":{"ALL":{"price":29.99,"discountRate":52,"promo":"","orgPrice":62.99}},"similarProducts":[]},{"id":"cw-80267","name":"Nature's Way Kids Smart Drops Probiotic 20ml","brand":"Natures Way","imageUrls":["https://static.chemistwarehouse.com.au/ams/media/pi/80267/3DF_800.jpg"],"storeId":"chemist-warehouse","packageSize":"","cupPrice":"","categoryIds":["cw-health/cw-vitamins"],"locations":{"ALL":{"price":10,"discountRate":50,"promo":"","orgPrice":19.99}},"similarProducts":[]},{"id":"cw-94211","name":"Cenovis Hello Immunity 60 Tablets","brand":"Cenovis","imageUrls":["https://static.chemistwarehouse.com.au/ams/media/pi/94211/ADD4_800.jpg"],"storeId":"chemist-warehouse","packageSize":"","cupPrice":"","categoryIds":["cw-health/cw-vitamins"],"locations":{"ALL":{"price":14.99,"discountRate":57,"promo":"","orgPrice":34.99}},"similarProducts":[]},{"id":"cw-98234","name":"Swisse Ultivite Men's Multivitamin + Superfood Blend 28 pack","brand":"Swisse","imageUrls":["https://static.chemistwarehouse.com.au/ams/media/pi/98234/F2D_800.jpg"],"storeId":"chemist-warehouse","packageSize":"","cupPrice":"","categoryIds":["cw-health/cw-vitamins"],"locations":{"ALL":{"price":25.99,"discountRate":60,"promo":"","orgPrice":64.99}},"similarProducts":[]},{"id":"cw-93574","name":"Nature's Way Plant Wisdom Unwind & De-stress 60 Tablets","brand":"Natures Way","imageUrls":["https://static.chemistwarehouse.com.au/ams/media/pi/93574/2DF_800.jpg"],"storeId":"chemist-warehouse","packageSize":"","cupPrice":"","categoryIds":["cw-health/cw-vitamins"],"locations":{"ALL":{"price":10,"discountRate":60,"promo":"","orgPrice":24.99}},"similarProducts":[]},{"id":"cw-91058","name":"Blis Probiotics Honey Blis 8 Lozenges","brand":"Blis","imageUrls":["https://static.chemistwarehouse.com.au/ams/media/pi/91058/F2D_800.jpg"],"storeId":"chemist-warehouse","packageSize":"","cupPrice":"","categoryIds":["cw-health/cw-vitamins"],"locations":{"ALL":{"price":4.99,"discountRate":50,"promo":"","orgPrice":9.99}},"similarProducts":[]},{"id":"cw-91057","name":"Blis Probiotics Daily Defence Junior 48g","brand":"Blis","imageUrls":["https://static.chemistwarehouse.com.au/ams/media/pi/91057/F2D_800.jpg"],"storeId":"chemist-warehouse","packageSize":"","cupPrice":"","categoryIds":["cw-health/cw-vitamins"],"locations":{"ALL":{"price":12.49,"discountRate":50,"promo":"","orgPrice":24.99}},"similarProducts":[]},{"id":"cw-93603","name":"Barnes Naturals Australian Manuka Honey 250g MGO 550+","brand":"Barnes Naturals","imageUrls":["https://static.chemistwarehouse.com.au/ams/media/pi/93603/F2D_800.jpg"],"storeId":"chemist-warehouse","packageSize":"","cupPrice":"","categoryIds":["cw-health/cw-vitamins"],"locations":{"ALL":{"price":39.99,"discountRate":56,"promo":"","orgPrice":89.99}},"similarProducts":[]},{"id":"cw-73682","name":"Swisse Propolis 2000mg 210 Capsules","brand":"Swisse","imageUrls":["https://static.chemistwarehouse.com.au/ams/media/pi/73682/2DF_800.jpg"],"storeId":"chemist-warehouse","packageSize":"","cupPrice":"","categoryIds":["cw-health/cw-vitamins"],"locations":{"ALL":{"price":27.99,"discountRate":53,"promo":"","orgPrice":59.99}},"similarProducts":[]},{"id":"cw-84211","name":"Henry Blooms Back, Neck & Shoulders + 60 Vegetarian Capsules","brand":"Blooms","imageUrls":["https://static.chemistwarehouse.com.au/ams/media/pi/84211/F2D_800.jpg"],"storeId":"chemist-warehouse","packageSize":"","cupPrice":"","categoryIds":["cw-health/cw-vitamins"],"locations":{"ALL":{"price":11.99,"discountRate":72,"promo":"","orgPrice":42.75}},"similarProducts":[]},{"id":"cw-94207","name":"Cenovis Hello Calm 60 Tablets","brand":"Cenovis","imageUrls":["https://static.chemistwarehouse.com.au/ams/media/pi/94207/ADD4_800.jpg"],"storeId":"chemist-warehouse","packageSize":"","cupPrice":"","categoryIds":["cw-health/cw-vitamins"],"locations":{"ALL":{"price":14.99,"discountRate":57,"promo":"","orgPrice":34.99}},"similarProducts":[{"productId":"w-85959-9300705605922","storeId":"woolworths"}]},{"id":"cw-93571","name":"Nature's Way Plant Wisdom Restful Sleep 60 Tablets","brand":"Natures Way","imageUrls":["https://static.chemistwarehouse.com.au/ams/media/pi/93571/2DF_800.jpg"],"storeId":"chemist-warehouse","packageSize":"","cupPrice":"","categoryIds":["cw-health/cw-vitamins"],"locations":{"ALL":{"price":10,"discountRate":60,"promo":"","orgPrice":24.99}},"similarProducts":[]},{"id":"cw-93567","name":"Nature's Way Instant Natural Protein + Magnesium 375g","brand":"Natures Way","imageUrls":["https://static.chemistwarehouse.com.au/ams/media/pi/93567/F2D_800.jpg"],"storeId":"chemist-warehouse","packageSize":"","cupPrice":"","categoryIds":["cw-health/cw-vitamins"],"locations":{"ALL":{"price":15,"discountRate":50,"promo":"","orgPrice":29.99}},"similarProducts":[]},{"id":"cw-86022","name":"GO Healthy Propolis 2000mg 200 Capsules","brand":"Go Healthy","imageUrls":["https://static.chemistwarehouse.com.au/ams/media/pi/86022/2DF_800.jpg"],"storeId":"chemist-warehouse","packageSize":"","cupPrice":"","categoryIds":["cw-health/cw-vitamins"],"locations":{"ALL":{"price":28.49,"discountRate":53,"promo":"","orgPrice":59.99}},"similarProducts":[]},{"id":"cw-94210","name":"Cenovis Hello Focus 60 Tablets","brand":"Cenovis","imageUrls":["https://static.chemistwarehouse.com.au/ams/media/pi/94210/ADD4_800.jpg"],"storeId":"chemist-warehouse","packageSize":"","cupPrice":"","categoryIds":["cw-health/cw-vitamins"],"locations":{"ALL":{"price":14.99,"discountRate":57,"promo":"","orgPrice":34.99}},"similarProducts":[{"productId":"w-85962-9300705605885","storeId":"woolworths"}]},{"id":"cw-91185","name":"Nature's Way Keto Diet Shake Vanilla 300g Powder","brand":"Natures Way","imageUrls":["https://static.chemistwarehouse.com.au/ams/media/pi/91185/2DF_800.jpg"],"storeId":"chemist-warehouse","packageSize":"","cupPrice":"","categoryIds":["cw-health/cw-vitamins"],"locations":{"ALL":{"price":12.5,"discountRate":50,"promo":"","orgPrice":24.99}},"similarProducts":[]},{"id":"cw-93578","name":"Nature's Way Lemon & Ginger Kombucha Probiotic Drink Mix 50g","brand":"Natures Way","imageUrls":["https://static.chemistwarehouse.com.au/ams/media/pi/93578/2DF_800.jpg"],"storeId":"chemist-warehouse","packageSize":"","cupPrice":"","categoryIds":["cw-health/cw-vitamins"],"locations":{"ALL":{"price":7.5,"discountRate":50,"promo":"","orgPrice":14.99}},"similarProducts":[]},{"id":"cw-86020","name":"GO Healthy Pregnancy and Breastfeeding Advance 90 Capsules","brand":"Go Healthy","imageUrls":["https://static.chemistwarehouse.com.au/ams/media/pi/86020/2DF_800.jpg"],"storeId":"chemist-warehouse","packageSize":"","cupPrice":"","categoryIds":["cw-health/cw-vitamins"],"locations":{"ALL":{"price":14.99,"discountRate":67,"promo":"","orgPrice":44.99}},"similarProducts":[]},{"id":"cw-98236","name":"Swisse Ultivite Women's Multivitamin + Superfood Blend 7 pack","brand":"Swisse","imageUrls":["https://static.chemistwarehouse.com.au/ams/media/pi/98236/F2D_800.jpg"],"storeId":"chemist-warehouse","packageSize":"","cupPrice":"","categoryIds":["cw-health/cw-vitamins"],"locations":{"ALL":{"price":7.99,"discountRate":60,"promo":"","orgPrice":19.99}},"similarProducts":[]},{"id":"cw-94206","name":"Cenovis Hello Boost 60 Tablets","brand":"Cenovis","imageUrls":["https://static.chemistwarehouse.com.au/ams/media/pi/94206/ADD4_800.jpg"],"storeId":"chemist-warehouse","packageSize":"","cupPrice":"","categoryIds":["cw-health/cw-vitamins"],"locations":{"ALL":{"price":14.99,"discountRate":57,"promo":"","orgPrice":34.99}},"similarProducts":[]},{"id":"cw-93579","name":"Nature's Way Raspberry & Lemon Kombucha Probiotic Drink Mix 50g","brand":"Natures Way","imageUrls":["https://static.chemistwarehouse.com.au/ams/media/pi/93579/2DF_800.jpg"],"storeId":"chemist-warehouse","packageSize":"","cupPrice":"","categoryIds":["cw-health/cw-vitamins"],"locations":{"ALL":{"price":7.5,"discountRate":50,"promo":"","orgPrice":14.99}},"similarProducts":[]},{"id":"cw-93566","name":"Nature's Way Juicy Apple & Pomegranate Kombucha Probiotic Drink Mix 50g","brand":"Natures Way","imageUrls":["https://static.chemistwarehouse.com.au/ams/media/pi/93566/2DF_800.jpg"],"storeId":"chemist-warehouse","packageSize":"","cupPrice":"","categoryIds":["cw-health/cw-vitamins"],"locations":{"ALL":{"price":7.5,"discountRate":50,"promo":"","orgPrice":14.99}},"similarProducts":[]},{"id":"cw-91061","name":"Blis Probiotics Travel Protect 30 Lozenges","brand":"Blis","imageUrls":["https://static.chemistwarehouse.com.au/ams/media/pi/91061/F2D_800.jpg"],"storeId":"chemist-warehouse","packageSize":"","cupPrice":"","categoryIds":["cw-health/cw-vitamins"],"locations":{"ALL":{"price":14.99,"discountRate":50,"promo":"","orgPrice":29.99}},"similarProducts":[]},{"id":"cw-93572","name":"Nature's Way Plant Wisdom Energy & Focus 60 Tablets","brand":"Natures Way","imageUrls":["https://static.chemistwarehouse.com.au/ams/media/pi/93572/2DF_800.jpg"],"storeId":"chemist-warehouse","packageSize":"","cupPrice":"","categoryIds":["cw-health/cw-vitamins"],"locations":{"ALL":{"price":10,"discountRate":60,"promo":"","orgPrice":24.99}},"similarProducts":[]},{"id":"cw-63369","name":"Thompsons Salmon Oil Plus 1000mg 300 Capsules","brand":"Thompsons","imageUrls":["https://static.chemistwarehouse.com.au/ams/media/pi/63369/2DF_800.jpg"],"storeId":"chemist-warehouse","packageSize":"","cupPrice":"","categoryIds":["cw-health/cw-vitamins"],"locations":{"ALL":{"price":22.99,"discountRate":51,"promo":"","orgPrice":46.65}},"similarProducts":[]},{"id":"cw-97588","name":"Swisse Ultivite Men's Multivitamin + Superfood Blend 7 pack","brand":"Swisse","imageUrls":["https://static.chemistwarehouse.com.au/ams/media/pi/97588/F2D_800.jpg"],"storeId":"chemist-warehouse","packageSize":"","cupPrice":"","categoryIds":["cw-health/cw-vitamins"],"locations":{"ALL":{"price":7.99,"discountRate":60,"promo":"","orgPrice":19.99}},"similarProducts":[]},{"id":"cw-74508","name":"Henry Blooms Body Shape 20 Tea Bags","brand":"Blooms","imageUrls":["https://static.chemistwarehouse.com.au/ams/media/pi/74508/F2D_800.jpg"],"storeId":"chemist-warehouse","packageSize":"","cupPrice":"","categoryIds":["cw-health/cw-vitamins"],"locations":{"ALL":{"price":5,"discountRate":50,"promo":"","orgPrice":9.95}},"similarProducts":[]},{"id":"cw-51669","name":"Inner Health Plus Dairy Free 90 Capsules","brand":"Ethical Nutrients","imageUrls":["https://static.chemistwarehouse.com.au/ams/media/pi/51669/2DF_800.jpg"],"storeId":"chemist-warehouse","packageSize":"","cupPrice":"","categoryIds":["cw-health/cw-vitamins"],"locations":{"ALL":{"price":39.75,"discountRate":50,"promo":"","orgPrice":79.5}},"similarProducts":[]},{"id":"cw-85988","name":"GO Healthy Fish Oil 1000mg Odourless 400 Capsules","brand":"Go Healthy","imageUrls":["https://static.chemistwarehouse.com.au/ams/media/pi/85988/2DF_800.jpg"],"storeId":"chemist-warehouse","packageSize":"","cupPrice":"","categoryIds":["cw-health/cw-vitamins"],"locations":{"ALL":{"price":16.99,"discountRate":55,"promo":"","orgPrice":37.99}},"similarProducts":[]},{"id":"cw-88367","name":"Naturopathica Fatblaster Clinical 60 Capsules","brand":"Naturopathica","imageUrls":["https://static.chemistwarehouse.com.au/ams/media/pi/88367/3DF_800.jpg"],"storeId":"chemist-warehouse","packageSize":"","cupPrice":"","categoryIds":["cw-health/cw-weight-loss"],"locations":{"ALL":{"price":34.99,"discountRate":50,"promo":"","orgPrice":69.99}},"similarProducts":[]},{"id":"cw-92271","name":"Naturopathica Fatblaster Clinical Chocolate Shake 18 x 53g","brand":"Naturopathica","imageUrls":["https://static.chemistwarehouse.com.au/ams/media/pi/92271/3DF_800.jpg"],"storeId":"chemist-warehouse","packageSize":"","cupPrice":"","categoryIds":["cw-health/cw-weight-loss"],"locations":{"ALL":{"price":35,"discountRate":50,"promo":"","orgPrice":69.99}},"similarProducts":[]},{"id":"cw-92274","name":"Naturopathica Fatblaster Clinical Vanilla Shake 18 x 53g","brand":"Naturopathica","imageUrls":["https://static.chemistwarehouse.com.au/ams/media/pi/92274/F2D_800.jpg"],"storeId":"chemist-warehouse","packageSize":"","cupPrice":"","categoryIds":["cw-health/cw-weight-loss"],"locations":{"ALL":{"price":35,"discountRate":50,"promo":"","orgPrice":69.99}},"similarProducts":[]},{"id":"cw-92272","name":"Naturopathica Fatblaster Clinical Strawberry Shake 18 x 53g","brand":"Naturopathica","imageUrls":["https://static.chemistwarehouse.com.au/ams/media/pi/92272/F2D_800.jpg"],"storeId":"chemist-warehouse","packageSize":"","cupPrice":"","categoryIds":["cw-health/cw-weight-loss"],"locations":{"ALL":{"price":35,"discountRate":50,"promo":"","orgPrice":69.99}},"similarProducts":[]},{"id":"cw-93127","name":"Musashi Young Athlete Protein Chocolate 360g","brand":"Musashi","imageUrls":["https://static.chemistwarehouse.com.au/ams/media/pi/93127/F2D_800.jpg"],"storeId":"chemist-warehouse","packageSize":"","cupPrice":"","categoryIds":["cw-health/cw-sports-nutrition"],"locations":{"ALL":{"price":9.99,"discountRate":50,"promo":"","orgPrice":19.99}},"similarProducts":[]},{"id":"cw-93128","name":"Musashi Young Athlete Protein Vanilla 360g","brand":"Musashi","imageUrls":["https://static.chemistwarehouse.com.au/ams/media/pi/93128/F2D_800.jpg"],"storeId":"chemist-warehouse","packageSize":"","cupPrice":"","categoryIds":["cw-health/cw-sports-nutrition"],"locations":{"ALL":{"price":9.99,"discountRate":50,"promo":"","orgPrice":19.99}},"similarProducts":[]},{"id":"cw-100301","name":"Scotts Aloe Hand Sanitiser 500ml","brand":"Scotts","imageUrls":["https://static.chemistwarehouse.com.au/ams/media/pi/100301/F2D_800.jpg"],"storeId":"chemist-warehouse","packageSize":"","cupPrice":"","categoryIds":["cw-health/cw-miscellaneous","cw-personal-care/cw-hand-and-body"],"locations":{"ALL":{"price":5.99,"discountRate":50,"promo":"","orgPrice":11.99}},"similarProducts":[]},{"id":"cw-69568","name":"Katy Perry Killer Queen 100ml Eau De Parfum Spray","brand":"Katy Perry","imageUrls":["https://static.chemistwarehouse.com.au/ams/media/pi/69568/3DF_800.jpg"],"storeId":"chemist-warehouse","packageSize":"","cupPrice":"","categoryIds":["cw-beauty/cw-fragrances"],"locations":{"ALL":{"price":24.99,"discountRate":64,"promo":"","orgPrice":69}},"similarProducts":[]},{"id":"cw-57845","name":"Calvin Klein Euphoria for Women Eau de Parfum 100ml Spray","brand":"Calvin Klein","imageUrls":["https://static.chemistwarehouse.com.au/ams/media/pi/57845/F2D_800.jpg"],"storeId":"chemist-warehouse","packageSize":"","cupPrice":"","categoryIds":["cw-beauty/cw-fragrances"],"locations":{"ALL":{"price":49.99,"discountRate":58,"promo":"","orgPrice":120}},"similarProducts":[]},{"id":"cw-52550","name":"Calvin Klein Eternity for Women Eau de Parfum Spray 100mL","brand":"Calvin Klein","imageUrls":["https://static.chemistwarehouse.com.au/ams/media/pi/52550/F2D_800.jpg"],"storeId":"chemist-warehouse","packageSize":"","cupPrice":"","categoryIds":["cw-beauty/cw-fragrances"],"locations":{"ALL":{"price":32.99,"discountRate":63,"promo":"","orgPrice":89}},"similarProducts":[]},{"id":"cw-65461","name":"Katy Perry Meow Eau de Parfum 100ml","brand":"Katy Perry","imageUrls":["https://static.chemistwarehouse.com.au/ams/media/pi/65461/F2D_800.jpg"],"storeId":"chemist-warehouse","packageSize":"","cupPrice":"","categoryIds":["cw-beauty/cw-fragrances"],"locations":{"ALL":{"price":24.99,"discountRate":64,"promo":"","orgPrice":69}},"similarProducts":[]},{"id":"cw-50987","name":"Calvin Klein CK One 200ml Eau de Toilette Spray","brand":"Calvin Klein","imageUrls":["https://static.chemistwarehouse.com.au/ams/media/pi/50987/F2D_800.jpg"],"storeId":"chemist-warehouse","packageSize":"","cupPrice":"","categoryIds":["cw-beauty/cw-fragrances"],"locations":{"ALL":{"price":32.99,"discountRate":63,"promo":"","orgPrice":89}},"similarProducts":[]},{"id":"cw-42826","name":"Joop! Homme Eau de Toilette Spray 125mL","brand":"Joop","imageUrls":["https://static.chemistwarehouse.com.au/ams/media/pi/42826/F2D_800.jpg"],"storeId":"chemist-warehouse","packageSize":"","cupPrice":"","categoryIds":["cw-beauty/cw-fragrances"],"locations":{"ALL":{"price":26.99,"discountRate":54,"promo":"","orgPrice":59}},"similarProducts":[]},{"id":"cw-53376","name":"Versace Bright Crystal Eau de Toilette Spray 30mL","brand":"Versace","imageUrls":["https://static.chemistwarehouse.com.au/ams/media/pi/53376/F2D_800.jpg"],"storeId":"chemist-warehouse","packageSize":"","cupPrice":"","categoryIds":["cw-beauty/cw-fragrances"],"locations":{"ALL":{"price":39.99,"discountRate":53,"promo":"","orgPrice":85}},"similarProducts":[]},{"id":"cw-64974","name":"Jimmy Choo Eau de Parfum Spray 100ml","brand":"Jimmy Choo","imageUrls":["https://static.chemistwarehouse.com.au/ams/media/pi/64974/F2D_800.jpg"],"storeId":"chemist-warehouse","packageSize":"","cupPrice":"","categoryIds":["cw-beauty/cw-fragrances"],"locations":{"ALL":{"price":69.99,"discountRate":56,"promo":"","orgPrice":159}},"similarProducts":[]},{"id":"cw-57265","name":"Vera Wang Princess Eau de Toilette 100ml","brand":"Vera Wang","imageUrls":["https://static.chemistwarehouse.com.au/ams/media/pi/57265/3DF_800.jpg"],"storeId":"chemist-warehouse","packageSize":"","cupPrice":"","categoryIds":["cw-beauty/cw-fragrances"],"locations":{"ALL":{"price":29.99,"discountRate":66,"promo":"","orgPrice":89}},"similarProducts":[]},{"id":"cw-85625","name":"Issey Miyake Intense Pour Homme Eau de Toilette 125ml","brand":"Issey Miyake","imageUrls":["https://static.chemistwarehouse.com.au/ams/media/pi/85625/F2D_800.jpg"],"storeId":"chemist-warehouse","packageSize":"","cupPrice":"","categoryIds":["cw-beauty/cw-fragrances"],"locations":{"ALL":{"price":39.99,"discountRate":72,"promo":"","orgPrice":142}},"similarProducts":[]},{"id":"cw-56806","name":"Burberry London for Women Eau de Parfum 100ml Spray","brand":"Burberry","imageUrls":["https://static.chemistwarehouse.com.au/ams/media/pi/56806/F2D_800.jpg"],"storeId":"chemist-warehouse","packageSize":"","cupPrice":"","categoryIds":["cw-beauty/cw-fragrances"],"locations":{"ALL":{"price":69.99,"discountRate":58,"promo":"","orgPrice":165}},"similarProducts":[]},{"id":"cw-72693","name":"Katy Perry Killer Queen Royal Revolution Eau De Parfum 100ml Spray","brand":"Katy Perry","imageUrls":["https://static.chemistwarehouse.com.au/ams/media/pi/72693/3DF_800.jpg"],"storeId":"chemist-warehouse","packageSize":"","cupPrice":"","categoryIds":["cw-beauty/cw-fragrances"],"locations":{"ALL":{"price":24.99,"discountRate":64,"promo":"","orgPrice":69}},"similarProducts":[]},{"id":"cw-67134","name":"Jacques Bogart Silver Scent 100ml Eau de Toilette","brand":"Silver Scent","imageUrls":["https://static.chemistwarehouse.com.au/ams/media/pi/67134/F2D_800.jpg"],"storeId":"chemist-warehouse","packageSize":"","cupPrice":"","categoryIds":["cw-beauty/cw-fragrances"],"locations":{"ALL":{"price":29.99,"discountRate":62,"promo":"","orgPrice":79}},"similarProducts":[]},{"id":"cw-52548","name":"Calvin Klein Eternity for Men Eau de Toilette Spray 100mL","brand":"Calvin Klein","imageUrls":["https://static.chemistwarehouse.com.au/ams/media/pi/52548/F2D_800.jpg"],"storeId":"chemist-warehouse","packageSize":"","cupPrice":"","categoryIds":["cw-beauty/cw-fragrances"],"locations":{"ALL":{"price":32.99,"discountRate":63,"promo":"","orgPrice":89}},"similarProducts":[]},{"id":"cw-57909","name":"Issey Miyake for Women Eau De Toilette 100ml Spray","brand":"Issey Miyake","imageUrls":["https://static.chemistwarehouse.com.au/ams/media/pi/57909/F2D_800.jpg"],"storeId":"chemist-warehouse","packageSize":"","cupPrice":"","categoryIds":["cw-beauty/cw-fragrances"],"locations":{"ALL":{"price":79.99,"discountRate":59,"promo":"","orgPrice":197}},"similarProducts":[]},{"id":"cw-59817","name":"Beyonce Heat Eau de Parfum 100ml","brand":"Beyonce","imageUrls":["https://static.chemistwarehouse.com.au/ams/media/pi/59817/3DF_800.jpg"],"storeId":"chemist-warehouse","packageSize":"","cupPrice":"","categoryIds":["cw-beauty/cw-fragrances"],"locations":{"ALL":{"price":24.99,"discountRate":64,"promo":"","orgPrice":69}},"similarProducts":[]},{"id":"cw-52554","name":"Calvin Klein Obsession for Men Eau de Toilette Spray 125mL","brand":"Calvin Klein","imageUrls":["https://static.chemistwarehouse.com.au/ams/media/pi/52554/F2D_800.jpg"],"storeId":"chemist-warehouse","packageSize":"","cupPrice":"","categoryIds":["cw-beauty/cw-fragrances"],"locations":{"ALL":{"price":32.99,"discountRate":63,"promo":"","orgPrice":89}},"similarProducts":[]},{"id":"cw-40022","name":"Vanderbilt Eau De Toilette Spray 100mL by Gloria Vanderbilt","brand":"Vanderbilt","imageUrls":["https://static.chemistwarehouse.com.au/ams/media/pi/40022/F2D_800.jpg"],"storeId":"chemist-warehouse","packageSize":"","cupPrice":"","categoryIds":["cw-beauty/cw-fragrances"],"locations":{"ALL":{"price":12.99,"discountRate":81,"promo":"","orgPrice":69}},"similarProducts":[]},{"id":"cw-64063","name":"Purr by Katy Perry 100ml Eau De Parfum","brand":"Katy Perry","imageUrls":["https://static.chemistwarehouse.com.au/ams/media/pi/64063/F2D_800.jpg"],"storeId":"chemist-warehouse","packageSize":"","cupPrice":"","categoryIds":["cw-beauty/cw-fragrances"],"locations":{"ALL":{"price":24.99,"discountRate":64,"promo":"","orgPrice":69}},"similarProducts":[]},{"id":"cw-52775","name":"Calvin Klein Obsession for Women Eau de Parfum Spray 100mL","brand":"Calvin Klein","imageUrls":["https://static.chemistwarehouse.com.au/ams/media/pi/52775/F2D_800.jpg"],"storeId":"chemist-warehouse","packageSize":"","cupPrice":"","categoryIds":["cw-beauty/cw-fragrances"],"locations":{"ALL":{"price":32.99,"discountRate":63,"promo":"","orgPrice":89}},"similarProducts":[]},{"id":"cw-87133","name":"Clinique Aromatics Elixir Perfume Spray 100ml","brand":"Clinique","imageUrls":["https://static.chemistwarehouse.com.au/ams/media/pi/87133/F2D_800.jpg"],"storeId":"chemist-warehouse","packageSize":"","cupPrice":"","categoryIds":["cw-beauty/cw-fragrances"],"locations":{"ALL":{"price":79.99,"discountRate":52,"promo":"","orgPrice":165}},"similarProducts":[]},{"id":"cw-56957","name":"Paco Rabanne Black XS Eau de Toilette 100ml","brand":"Paco Rabanne","imageUrls":["https://static.chemistwarehouse.com.au/ams/media/pi/56957/F2D_800.jpg"],"storeId":"chemist-warehouse","packageSize":"","cupPrice":"","categoryIds":["cw-beauty/cw-fragrances"],"locations":{"ALL":{"price":49.99,"discountRate":58,"promo":"","orgPrice":120}},"similarProducts":[]},{"id":"cw-79966","name":"Katy Perry Mad Love Eau De Parfum 100ml Spray","brand":"Katy Perry","imageUrls":["https://static.chemistwarehouse.com.au/ams/media/pi/79966/3DF_800.jpg"],"storeId":"chemist-warehouse","packageSize":"","cupPrice":"","categoryIds":["cw-beauty/cw-fragrances"],"locations":{"ALL":{"price":24.99,"discountRate":64,"promo":"","orgPrice":69}},"similarProducts":[]},{"id":"cw-57817","name":"Jean Paul Gaultier for Women Eau De Toilette 100ml Spray","brand":"Jean Paul Gaultier","imageUrls":["https://static.chemistwarehouse.com.au/ams/media/pi/57817/F2D_800.jpg"],"storeId":"chemist-warehouse","packageSize":"","cupPrice":"","categoryIds":["cw-beauty/cw-fragrances"],"locations":{"ALL":{"price":79.99,"discountRate":53,"promo":"","orgPrice":169}},"similarProducts":[]},{"id":"cw-57806","name":"Dolce & Gabbana The One For Men Eau de Toilette 100ml Spray","brand":"Dolce  Gabbana","imageUrls":["https://static.chemistwarehouse.com.au/ams/media/pi/57806/F2D_800.jpg"],"storeId":"chemist-warehouse","packageSize":"","cupPrice":"","categoryIds":["cw-beauty/cw-fragrances"],"locations":{"ALL":{"price":69.99,"discountRate":51,"promo":"","orgPrice":143}},"similarProducts":[]},{"id":"cw-87494","name":"Paco Rabanne Black XS for Her 80ml Eau de Parfum Spray","brand":"Paco Rabanne","imageUrls":["https://static.chemistwarehouse.com.au/ams/media/pi/87494/F2D_800.jpg"],"storeId":"chemist-warehouse","packageSize":"","cupPrice":"","categoryIds":["cw-beauty/cw-fragrances"],"locations":{"ALL":{"price":59.99,"discountRate":57,"promo":"","orgPrice":140}},"similarProducts":[]},{"id":"cw-72393","name":"Beyonce Heat Wild Orchid Eau De Parfum 100ml Spray","brand":"Beyonce","imageUrls":["https://static.chemistwarehouse.com.au/ams/media/pi/72393/2DF_800.jpg"],"storeId":"chemist-warehouse","packageSize":"","cupPrice":"","categoryIds":["cw-beauty/cw-fragrances"],"locations":{"ALL":{"price":24.99,"discountRate":64,"promo":"","orgPrice":69}},"similarProducts":[]},{"id":"cw-57839","name":"Tommy for Men Eau De Toilette 100ml Spray","brand":"Tommy Hilfiger","imageUrls":["https://static.chemistwarehouse.com.au/ams/media/pi/57839/F2D_800.jpg"],"storeId":"chemist-warehouse","packageSize":"","cupPrice":"","categoryIds":["cw-beauty/cw-fragrances"],"locations":{"ALL":{"price":39.99,"discountRate":50,"promo":"","orgPrice":80}},"similarProducts":[]},{"id":"cw-40011","name":"Maroussia by Slavia Zaitsev Eau de Toilette Spray 100mL","brand":"Maroussia","imageUrls":["https://static.chemistwarehouse.com.au/ams/media/pi/40011/F2D_800.jpg"],"storeId":"chemist-warehouse","packageSize":"","cupPrice":"","categoryIds":["cw-beauty/cw-fragrances"],"locations":{"ALL":{"price":14.99,"discountRate":78,"promo":"","orgPrice":69}},"similarProducts":[]},{"id":"cw-94109","name":"Hugo Boss Femme Eau de Parfum 75ml","brand":"Hugo Boss","imageUrls":["https://static.chemistwarehouse.com.au/ams/media/pi/94109/F2D_800.jpg"],"storeId":"chemist-warehouse","packageSize":"","cupPrice":"","categoryIds":["cw-beauty/cw-fragrances"],"locations":{"ALL":{"price":49.99,"discountRate":52,"promo":"","orgPrice":105}},"similarProducts":[]},{"id":"cw-50071","name":"David Beckham Instinct Eau De Toilette 75ml Spray","brand":"David Beckham","imageUrls":["https://static.chemistwarehouse.com.au/ams/media/pi/50071/F2D_800.jpg"],"storeId":"chemist-warehouse","packageSize":"","cupPrice":"","categoryIds":["cw-beauty/cw-fragrances"],"locations":{"ALL":{"price":19.99,"discountRate":59,"promo":"","orgPrice":49}},"similarProducts":[]},{"id":"cw-57574","name":"Calvin Klein Euphoria for Men Eau de Toilette 100ml Spray","brand":"Calvin Klein","imageUrls":["https://static.chemistwarehouse.com.au/ams/media/pi/57574/F2D_800.jpg"],"storeId":"chemist-warehouse","packageSize":"","cupPrice":"","categoryIds":["cw-beauty/cw-fragrances"],"locations":{"ALL":{"price":49.99,"discountRate":55,"promo":"","orgPrice":110}},"similarProducts":[]},{"id":"cw-53711","name":"Dolce & Gabbana for Women The One Eau de Parfum 50ml","brand":"Dolce  Gabbana","imageUrls":["https://static.chemistwarehouse.com.au/ams/media/pi/53711/F2D_800.jpg"],"storeId":"chemist-warehouse","packageSize":"","cupPrice":"","categoryIds":["cw-beauty/cw-fragrances"],"locations":{"ALL":{"price":59.99,"discountRate":56,"promo":"","orgPrice":135}},"similarProducts":[]},{"id":"cw-79206","name":"Pink Sugar Eau de Toilette 100ml Spray","brand":"Pink Sugar","imageUrls":["https://static.chemistwarehouse.com.au/ams/media/pi/79206/F2D_800.jpg"],"storeId":"chemist-warehouse","packageSize":"","cupPrice":"","categoryIds":["cw-beauty/cw-fragrances"],"locations":{"ALL":{"price":39.99,"discountRate":60,"promo":"","orgPrice":100}},"similarProducts":[]},{"id":"cw-67750","name":"Beyonce Midnight Heat Eau De Parfum 100ml Spray","brand":"Beyonce","imageUrls":["https://static.chemistwarehouse.com.au/ams/media/pi/67750/3DF_800.jpg"],"storeId":"chemist-warehouse","packageSize":"","cupPrice":"","categoryIds":["cw-beauty/cw-fragrances"],"locations":{"ALL":{"price":24.99,"discountRate":64,"promo":"","orgPrice":69}},"similarProducts":[]},{"id":"cw-75107","name":"Hugo Boss Hugo Man Eau De Toilette 200ml Spray","brand":"Hugo Boss","imageUrls":["https://static.chemistwarehouse.com.au/ams/media/pi/75107/F2D_800.jpg"],"storeId":"chemist-warehouse","packageSize":"","cupPrice":"","categoryIds":["cw-beauty/cw-fragrances"],"locations":{"ALL":{"price":69.99,"discountRate":53,"promo":"","orgPrice":149}},"similarProducts":[]},{"id":"cw-57891","name":"Tommy Girl Eau De Toilette 100ml Spray","brand":"Tommy Hilfiger","imageUrls":["https://static.chemistwarehouse.com.au/ams/media/pi/57891/F2D_800.jpg"],"storeId":"chemist-warehouse","packageSize":"","cupPrice":"","categoryIds":["cw-beauty/cw-fragrances"],"locations":{"ALL":{"price":39.99,"discountRate":50,"promo":"","orgPrice":80}},"similarProducts":[]},{"id":"cw-58795","name":"Vera Wang Rock Princess Eau de Toilette 100ml Spray","brand":"Vera Wang","imageUrls":["https://static.chemistwarehouse.com.au/ams/media/pi/58795/3DF_800.jpg"],"storeId":"chemist-warehouse","packageSize":"","cupPrice":"","categoryIds":["cw-beauty/cw-fragrances"],"locations":{"ALL":{"price":29.99,"discountRate":66,"promo":"","orgPrice":89}},"similarProducts":[]},{"id":"cw-67140","name":"Justin Bieber Girlfriend 50ml Eau de Parfum","brand":"Justin Bieber","imageUrls":["https://static.chemistwarehouse.com.au/ams/media/pi/67140/F2D_800.jpg"],"storeId":"chemist-warehouse","packageSize":"","cupPrice":"","categoryIds":["cw-beauty/cw-fragrances"],"locations":{"ALL":{"price":14.99,"discountRate":75,"promo":"","orgPrice":59}},"similarProducts":[]},{"id":"cw-53727","name":"Drakkar Noir Eau de Toilette 100ml","brand":"Drakkar","imageUrls":["https://static.chemistwarehouse.com.au/ams/media/pi/53727/2DF_800.jpg"],"storeId":"chemist-warehouse","packageSize":"","cupPrice":"","categoryIds":["cw-beauty/cw-fragrances"],"locations":{"ALL":{"price":49.99,"discountRate":56,"promo":"","orgPrice":114}},"similarProducts":[]},{"id":"cw-55055","name":"Ralph Lauren Ralph Eau De Toilette 100ml Spray","brand":"Ralph Lauren","imageUrls":["https://static.chemistwarehouse.com.au/ams/media/pi/55055/ADD7_800.jpg"],"storeId":"chemist-warehouse","packageSize":"","cupPrice":"","categoryIds":["cw-beauty/cw-fragrances"],"locations":{"ALL":{"price":69.99,"discountRate":55,"promo":"","orgPrice":155}},"similarProducts":[]},{"id":"cw-73370","name":"Calvin Klein Eternity Aqua for Men Eau De Toilette 100ml Spray","brand":"Calvin Klein","imageUrls":["https://static.chemistwarehouse.com.au/ams/media/pi/73370/F2D_800.jpg"],"storeId":"chemist-warehouse","packageSize":"","cupPrice":"","categoryIds":["cw-beauty/cw-fragrances"],"locations":{"ALL":{"price":32.99,"discountRate":63,"promo":"","orgPrice":89}},"similarProducts":[]},{"id":"cw-81914","name":"Burberry The Beat for Men Eau de Toilette 100ml Spray","brand":"Burberry","imageUrls":["https://static.chemistwarehouse.com.au/ams/media/pi/81914/F2D_800.jpg"],"storeId":"chemist-warehouse","packageSize":"","cupPrice":"","categoryIds":["cw-beauty/cw-fragrances"],"locations":{"ALL":{"price":39.99,"discountRate":69,"promo":"","orgPrice":130}},"similarProducts":[]},{"id":"cw-53858","name":"Calvin Klein IN2U for Her Eau de Toilette 150ml Spray","brand":"Calvin Klein","imageUrls":["https://static.chemistwarehouse.com.au/ams/media/pi/53858/F2D_800.jpg"],"storeId":"chemist-warehouse","packageSize":"","cupPrice":"","categoryIds":["cw-beauty/cw-fragrances"],"locations":{"ALL":{"price":32.99,"discountRate":63,"promo":"","orgPrice":89}},"similarProducts":[]},{"id":"cw-57736","name":"David Beckham Intimately for Men Eau de Toilette 75ml Spray","brand":"David Beckham","imageUrls":["https://static.chemistwarehouse.com.au/ams/media/pi/57736/F2D_800.jpg"],"storeId":"chemist-warehouse","packageSize":"","cupPrice":"","categoryIds":["cw-beauty/cw-fragrances"],"locations":{"ALL":{"price":19.99,"discountRate":59,"promo":"","orgPrice":49}},"similarProducts":[]},{"id":"cw-52392","name":"Burberry London for Men Eau de Toilette 100ml Spray","brand":"Burberry","imageUrls":["https://static.chemistwarehouse.com.au/ams/media/pi/52392/F2D_800.jpg"],"storeId":"chemist-warehouse","packageSize":"","cupPrice":"","categoryIds":["cw-beauty/cw-fragrances"],"locations":{"ALL":{"price":59.99,"discountRate":53,"promo":"","orgPrice":128}},"similarProducts":[]},{"id":"cw-100803","name":"Burberry The Beat Women Eau de Parfum 75ml","brand":"Burberry","imageUrls":["https://static.chemistwarehouse.com.au/ams/media/pi/100803/F2D_800.jpg"],"storeId":"chemist-warehouse","packageSize":"","cupPrice":"","categoryIds":["cw-beauty/cw-fragrances"],"locations":{"ALL":{"price":39.99,"discountRate":69,"promo":"","orgPrice":129}},"similarProducts":[]},{"id":"cw-53861","name":"Calvin Klein IN2U for Him Eau de Toilette 150ml Spray","brand":"Calvin Klein","imageUrls":["https://static.chemistwarehouse.com.au/ams/media/pi/53861/F2D_800.jpg"],"storeId":"chemist-warehouse","packageSize":"","cupPrice":"","categoryIds":["cw-beauty/cw-fragrances"],"locations":{"ALL":{"price":32.99,"discountRate":63,"promo":"","orgPrice":89}},"similarProducts":[]},{"id":"cw-56807","name":"Burberry London for Women Eau de Parfum 30ml Spray","brand":"Burberry","imageUrls":["https://static.chemistwarehouse.com.au/ams/media/pi/56807/F2D_800.jpg"],"storeId":"chemist-warehouse","packageSize":"","cupPrice":"","categoryIds":["cw-beauty/cw-fragrances"],"locations":{"ALL":{"price":29.99,"discountRate":64,"promo":"","orgPrice":84}},"similarProducts":[]},{"id":"cw-55177","name":"Calvin Klein Be Eau de Toilette 200ml Spray","brand":"Calvin Klein","imageUrls":["https://static.chemistwarehouse.com.au/ams/media/pi/55177/F2D_800.jpg"],"storeId":"chemist-warehouse","packageSize":"","cupPrice":"","categoryIds":["cw-beauty/cw-fragrances"],"locations":{"ALL":{"price":32.99,"discountRate":63,"promo":"","orgPrice":89}},"similarProducts":[]},{"id":"cw-57384","name":"Bvlgari Aqva Pour Homme Eau de Toilette 100ml Spray","brand":"Bvlgari","imageUrls":["https://static.chemistwarehouse.com.au/ams/media/pi/57384/F2D_800.jpg"],"storeId":"chemist-warehouse","packageSize":"","cupPrice":"","categoryIds":["cw-beauty/cw-fragrances"],"locations":{"ALL":{"price":69.99,"discountRate":50,"promo":"","orgPrice":139}},"similarProducts":[]},{"id":"cw-57814","name":"Calvin Klein Euphoria for Women Eau de Parfum Spray 50mL","brand":"Calvin Klein","imageUrls":["https://static.chemistwarehouse.com.au/ams/media/pi/57814/F2D_800.jpg"],"storeId":"chemist-warehouse","packageSize":"","cupPrice":"","categoryIds":["cw-beauty/cw-fragrances"],"locations":{"ALL":{"price":32.99,"discountRate":63,"promo":"","orgPrice":90}},"similarProducts":[]},{"id":"cw-50614","name":"Pierre Cardin Eau de Cologne 238ml Spray","brand":"Pierre Cardin","imageUrls":["https://static.chemistwarehouse.com.au/ams/media/pi/50614/F2D_800.jpg"],"storeId":"chemist-warehouse","packageSize":"","cupPrice":"","categoryIds":["cw-beauty/cw-fragrances"],"locations":{"ALL":{"price":29.99,"discountRate":79,"promo":"","orgPrice":140}},"similarProducts":[]},{"id":"cw-58004","name":"Elizabeth Arden Pretty Eau de Parfum 100ml Spray","brand":"Elizabeth Arden","imageUrls":["https://static.chemistwarehouse.com.au/ams/media/pi/58004/F2D_800.jpg"],"storeId":"chemist-warehouse","packageSize":"","cupPrice":"","categoryIds":["cw-beauty/cw-fragrances"],"locations":{"ALL":{"price":29.99,"discountRate":68,"promo":"","orgPrice":95}},"similarProducts":[]},{"id":"cw-76882","name":"Beyonce Heat Kissed Eau de Parfum 100ml","brand":"Beyonce","imageUrls":["https://static.chemistwarehouse.com.au/ams/media/pi/76882/3DF_800.jpg"],"storeId":"chemist-warehouse","packageSize":"","cupPrice":"","categoryIds":["cw-beauty/cw-fragrances"],"locations":{"ALL":{"price":24.99,"discountRate":64,"promo":"","orgPrice":69}},"similarProducts":[]},{"id":"cw-57858","name":"Versace Crystal Noir Eau De Toilette 30ml Spray","brand":"Versace","imageUrls":["https://static.chemistwarehouse.com.au/ams/media/pi/57858/F2D_800.jpg"],"storeId":"chemist-warehouse","packageSize":"","cupPrice":"","categoryIds":["cw-beauty/cw-fragrances"],"locations":{"ALL":{"price":39.99,"discountRate":53,"promo":"","orgPrice":85}},"similarProducts":[]},{"id":"cw-71468","name":"Beyonce Rise Eau De Parfum 100ml Spray","brand":"Beyonce","imageUrls":["https://static.chemistwarehouse.com.au/ams/media/pi/71468/3DF_800.jpg"],"storeId":"chemist-warehouse","packageSize":"","cupPrice":"","categoryIds":["cw-beauty/cw-fragrances"],"locations":{"ALL":{"price":24.99,"discountRate":64,"promo":"","orgPrice":69}},"similarProducts":[]},{"id":"cw-89041","name":"Silver Scent Pure Eau De Toilette 100ml Spray","brand":"Silver Scent","imageUrls":["https://static.chemistwarehouse.com.au/ams/media/pi/89041/F2D_800.jpg"],"storeId":"chemist-warehouse","packageSize":"","cupPrice":"","categoryIds":["cw-beauty/cw-fragrances"],"locations":{"ALL":{"price":29.99,"discountRate":62,"promo":"","orgPrice":79}},"similarProducts":[]},{"id":"cw-73856","name":"Nicki Minaj Her Minajesty  Eau De Parfum 100ml Spray","brand":"Nicki Minaj","imageUrls":["https://static.chemistwarehouse.com.au/ams/media/pi/73856/F2D_800.jpg"],"storeId":"chemist-warehouse","packageSize":"","cupPrice":"","categoryIds":["cw-beauty/cw-fragrances"],"locations":{"ALL":{"price":24.99,"discountRate":68,"promo":"","orgPrice":79}},"similarProducts":[]},{"id":"cw-65216","name":"Calvin Klein One Shock for Him 200ml","brand":"Calvin Klein","imageUrls":["https://static.chemistwarehouse.com.au/ams/media/pi/65216/F2D_800.jpg"],"storeId":"chemist-warehouse","packageSize":"","cupPrice":"","categoryIds":["cw-beauty/cw-fragrances"],"locations":{"ALL":{"price":32.99,"discountRate":63,"promo":"","orgPrice":89}},"similarProducts":[]},{"id":"cw-76301","name":"Katy Perry Mad Potion 100ml","brand":"Katy Perry","imageUrls":["https://static.chemistwarehouse.com.au/ams/media/pi/76301/2DF_800.jpg"],"storeId":"chemist-warehouse","packageSize":"","cupPrice":"","categoryIds":["cw-beauty/cw-fragrances"],"locations":{"ALL":{"price":24.99,"discountRate":64,"promo":"","orgPrice":69}},"similarProducts":[]},{"id":"cw-53884","name":"Mariah Carey M Eau de Parfum 100ml Spray","brand":"Mariah Carey","imageUrls":["https://static.chemistwarehouse.com.au/ams/media/pi/53884/F2D_800.jpg"],"storeId":"chemist-warehouse","packageSize":"","cupPrice":"","categoryIds":["cw-beauty/cw-fragrances"],"locations":{"ALL":{"price":29.99,"discountRate":57,"promo":"","orgPrice":69}},"similarProducts":[]},{"id":"cw-64283","name":"Gucci Guilty Pour Homme 50ml Eau de Toilette","brand":"Gucci","imageUrls":["https://static.chemistwarehouse.com.au/ams/media/pi/64283/F2D_800.jpg"],"storeId":"chemist-warehouse","packageSize":"","cupPrice":"","categoryIds":["cw-beauty/cw-fragrances"],"locations":{"ALL":{"price":59.99,"discountRate":51,"promo":"","orgPrice":123}},"similarProducts":[]},{"id":"cw-65441","name":"Beyonce Heat Rush Eau de Toilette 100ml","brand":"Beyonce","imageUrls":["https://static.chemistwarehouse.com.au/ams/media/pi/65441/3DF_800.jpg"],"storeId":"chemist-warehouse","packageSize":"","cupPrice":"","categoryIds":["cw-beauty/cw-fragrances"],"locations":{"ALL":{"price":24.99,"discountRate":64,"promo":"","orgPrice":69}},"similarProducts":[]},{"id":"cw-84607","name":"Hugo Boss Just Different Eau de Toilette 125ml Spray","brand":"Hugo Boss","imageUrls":["https://static.chemistwarehouse.com.au/ams/media/pi/84607/F2D_800.jpg"],"storeId":"chemist-warehouse","packageSize":"","cupPrice":"","categoryIds":["cw-beauty/cw-fragrances"],"locations":{"ALL":{"price":49.99,"discountRate":52,"promo":"","orgPrice":105}},"similarProducts":[]},{"id":"cw-51844","name":"Versace Blue Jeans Eau De Toilette 75ml","brand":"Versace","imageUrls":["https://static.chemistwarehouse.com.au/ams/media/pi/51844/F2D_800.jpg"],"storeId":"chemist-warehouse","packageSize":"","cupPrice":"","categoryIds":["cw-beauty/cw-fragrances"],"locations":{"ALL":{"price":34.99,"discountRate":55,"promo":"","orgPrice":78}},"similarProducts":[]},{"id":"cw-73179","name":"Justin Bieber Collectors Edition Eau de Parfum 50ml","brand":"Justin Bieber","imageUrls":["https://static.chemistwarehouse.com.au/ams/media/pi/73179/F2D_800.jpg"],"storeId":"chemist-warehouse","packageSize":"","cupPrice":"","categoryIds":["cw-beauty/cw-fragrances"],"locations":{"ALL":{"price":14.99,"discountRate":69,"promo":"","orgPrice":49}},"similarProducts":[]},{"id":"cw-51870","name":"Joop! Jump for Men Eau de Toilette 100ml Spray","brand":"Joop","imageUrls":["https://static.chemistwarehouse.com.au/ams/media/pi/51870/F2D_800.jpg"],"storeId":"chemist-warehouse","packageSize":"","cupPrice":"","categoryIds":["cw-beauty/cw-fragrances"],"locations":{"ALL":{"price":26.99,"discountRate":54,"promo":"","orgPrice":59}},"similarProducts":[]},{"id":"cw-59512","name":"Mariah Carey Luscious Pink Eau de Parfum 100ml","brand":"Mariah Carey","imageUrls":["https://static.chemistwarehouse.com.au/ams/media/pi/59512/F2D_800.jpg"],"storeId":"chemist-warehouse","packageSize":"","cupPrice":"","categoryIds":["cw-beauty/cw-fragrances"],"locations":{"ALL":{"price":29.99,"discountRate":57,"promo":"","orgPrice":69}},"similarProducts":[]},{"id":"cw-66456","name":"Calvin Klein Beauty Eau De Parfum 100ml Spray","brand":"Calvin Klein","imageUrls":["https://static.chemistwarehouse.com.au/ams/media/pi/66456/F2D_800.jpg"],"storeId":"chemist-warehouse","packageSize":"","cupPrice":"","categoryIds":["cw-beauty/cw-fragrances"],"locations":{"ALL":{"price":49.99,"discountRate":58,"promo":"","orgPrice":120}},"similarProducts":[]},{"id":"cw-48822","name":"Revlon Charlie Blue 100ml Eau de Toilette Spray","brand":"Revlon","imageUrls":["https://static.chemistwarehouse.com.au/ams/media/pi/48822/3DF_800.jpg"],"storeId":"chemist-warehouse","packageSize":"","cupPrice":"","categoryIds":["cw-beauty/cw-fragrances"],"locations":{"ALL":{"price":9.99,"discountRate":83,"promo":"","orgPrice":59}},"similarProducts":[]},{"id":"cw-50739","name":"Azzaro Chrome Eau de Toilette 100ml","brand":"Azzaro","imageUrls":["https://static.chemistwarehouse.com.au/ams/media/pi/50739/F2D_800.jpg"],"storeId":"chemist-warehouse","packageSize":"","cupPrice":"","categoryIds":["cw-beauty/cw-fragrances"],"locations":{"ALL":{"price":39.99,"discountRate":67,"promo":"","orgPrice":120}},"similarProducts":[]},{"id":"cw-59508","name":"Britney Spears Fantasy Circus Eau de Parfum 100ml Spray","brand":"Britney Spears","imageUrls":["https://static.chemistwarehouse.com.au/ams/media/pi/59508/F2D_800.jpg"],"storeId":"chemist-warehouse","packageSize":"","cupPrice":"","categoryIds":["cw-beauty/cw-fragrances"],"locations":{"ALL":{"price":19.99,"discountRate":75,"promo":"","orgPrice":79}},"similarProducts":[]},{"id":"cw-90187","name":"Burberry My Burberry Blush Eau de Parfum 90ml Spray","brand":"Burberry","imageUrls":["https://static.chemistwarehouse.com.au/ams/media/pi/90187/F2D_800.jpg"],"storeId":"chemist-warehouse","packageSize":"","cupPrice":"","categoryIds":["cw-beauty/cw-fragrances"],"locations":{"ALL":{"price":89.99,"discountRate":59,"promo":"","orgPrice":220}},"similarProducts":[]},{"id":"cw-57720","name":"DKNY Be Delicious for Women Eau de Parfum 30ml Spray","brand":"DKNY","imageUrls":["https://static.chemistwarehouse.com.au/ams/media/pi/57720/F2D_800.jpg"],"storeId":"chemist-warehouse","packageSize":"","cupPrice":"","categoryIds":["cw-beauty/cw-fragrances"],"locations":{"ALL":{"price":29.99,"discountRate":54,"promo":"","orgPrice":65}},"similarProducts":[]},{"id":"cw-65895","name":"Nautica Blue 100ml Eau de Toilette Spray","brand":"Nautica","imageUrls":["https://static.chemistwarehouse.com.au/ams/media/pi/65895/ADD7_800.jpg"],"storeId":"chemist-warehouse","packageSize":"","cupPrice":"","categoryIds":["cw-beauty/cw-fragrances"],"locations":{"ALL":{"price":19.99,"discountRate":71,"promo":"","orgPrice":69}},"similarProducts":[]},{"id":"cw-72163","name":"David Beckham Classic Blue Eau de Toilette 90ml","brand":"David Beckham","imageUrls":["https://static.chemistwarehouse.com.au/ams/media/pi/72163/3DF_800.jpg"],"storeId":"chemist-warehouse","packageSize":"","cupPrice":"","categoryIds":["cw-beauty/cw-fragrances"],"locations":{"ALL":{"price":19.99,"discountRate":59,"promo":"","orgPrice":49}},"similarProducts":[]},{"id":"cw-63984","name":"Nautica Voyage 100ml Eau de Toilette Spray","brand":"Nautica","imageUrls":["https://static.chemistwarehouse.com.au/ams/media/pi/63984/F2D_800.jpg"],"storeId":"chemist-warehouse","packageSize":"","cupPrice":"","categoryIds":["cw-beauty/cw-fragrances"],"locations":{"ALL":{"price":29.99,"discountRate":57,"promo":"","orgPrice":69}},"similarProducts":[]},{"id":"cw-52328","name":"Oscar De La Renta Volupte Eau De Toilette Spray 100mL","brand":"Oscar De La Renta","imageUrls":["https://static.chemistwarehouse.com.au/ams/media/pi/52328/F2D_800.jpg"],"storeId":"chemist-warehouse","packageSize":"","cupPrice":"","categoryIds":["cw-beauty/cw-fragrances"],"locations":{"ALL":{"price":39.99,"discountRate":74,"promo":"","orgPrice":156}},"similarProducts":[]},{"id":"cw-57643","name":"Jean Paul Gaultier for Women Eau De Toilette 50ml Spray","brand":"Jean Paul Gaultier","imageUrls":["https://static.chemistwarehouse.com.au/ams/media/pi/57643/F2D_800.jpg"],"storeId":"chemist-warehouse","packageSize":"","cupPrice":"","categoryIds":["cw-beauty/cw-fragrances"],"locations":{"ALL":{"price":59.99,"discountRate":52,"promo":"","orgPrice":126}},"similarProducts":[]},{"id":"cw-52580","name":"Cacharel Anais Anais 100ml Eau de Toilette Spray","brand":"Cacharel","imageUrls":["https://static.chemistwarehouse.com.au/ams/media/pi/52580/2DF_800.jpg"],"storeId":"chemist-warehouse","packageSize":"","cupPrice":"","categoryIds":["cw-beauty/cw-fragrances"],"locations":{"ALL":{"price":69.99,"discountRate":55,"promo":"","orgPrice":155}},"similarProducts":[]},{"id":"cw-76447","name":"Dolce & Gabbana Pour Homme Intenso Eau De Parfum 125ml","brand":"Dolce  Gabbana","imageUrls":["https://static.chemistwarehouse.com.au/ams/media/pi/76447/F2D_800.jpg"],"storeId":"chemist-warehouse","packageSize":"","cupPrice":"","categoryIds":["cw-beauty/cw-fragrances"],"locations":{"ALL":{"price":69.99,"discountRate":51,"promo":"","orgPrice":144}},"similarProducts":[]},{"id":"cw-58511","name":"Calvin Klein CK Free for Men Eau De Toilette Spray 100mL","brand":"Calvin Klein","imageUrls":["https://static.chemistwarehouse.com.au/ams/media/pi/58511/F2D_800.jpg"],"storeId":"chemist-warehouse","packageSize":"","cupPrice":"","categoryIds":["cw-beauty/cw-fragrances"],"locations":{"ALL":{"price":39.99,"discountRate":64,"promo":"","orgPrice":110}},"similarProducts":[]},{"id":"cw-82980","name":"DKNY Fresh Blossom for Women Eau de Parfum 100ml Spray","brand":"DKNY","imageUrls":["https://static.chemistwarehouse.com.au/ams/media/pi/82980/F2D_800.jpg"],"storeId":"chemist-warehouse","packageSize":"","cupPrice":"","categoryIds":["cw-beauty/cw-fragrances"],"locations":{"ALL":{"price":49.99,"discountRate":57,"promo":"","orgPrice":115}},"similarProducts":[]},{"id":"cw-67625","name":"Vera Wang Lovestruck 100ml Eau de Parfum Spray","brand":"Vera Wang","imageUrls":["https://static.chemistwarehouse.com.au/ams/media/pi/67625/2DF_800.jpg"],"storeId":"chemist-warehouse","packageSize":"","cupPrice":"","categoryIds":["cw-beauty/cw-fragrances"],"locations":{"ALL":{"price":39.99,"discountRate":55,"promo":"","orgPrice":89}},"similarProducts":[]},{"id":"cw-53849","name":"Revlon Charlie Gold Eau De Toilette 100ml Spray","brand":"Revlon","imageUrls":["https://static.chemistwarehouse.com.au/ams/media/pi/53849/F2D_800.jpg"],"storeId":"chemist-warehouse","packageSize":"","cupPrice":"","categoryIds":["cw-beauty/cw-fragrances"],"locations":{"ALL":{"price":9.99,"discountRate":83,"promo":"","orgPrice":59}},"similarProducts":[]},{"id":"cw-59859","name":"Vera Wang Woman Eau de Parfum 100ml Spray","brand":"Vera Wang","imageUrls":["https://static.chemistwarehouse.com.au/ams/media/pi/59859/2DF_800.jpg"],"storeId":"chemist-warehouse","packageSize":"","cupPrice":"","categoryIds":["cw-beauty/cw-fragrances"],"locations":{"ALL":{"price":39.99,"discountRate":55,"promo":"","orgPrice":89}},"similarProducts":[]},{"id":"cw-65743","name":"Calvin Klein Sheer Beauty Eau de Toilette 50ml Spray","brand":"Calvin Klein","imageUrls":["https://static.chemistwarehouse.com.au/ams/media/pi/65743/F2D_800.jpg"],"storeId":"chemist-warehouse","packageSize":"","cupPrice":"","categoryIds":["cw-beauty/cw-fragrances"],"locations":{"ALL":{"price":39.99,"discountRate":56,"promo":"","orgPrice":90}},"similarProducts":[]},{"id":"cw-68098","name":"Davidoff Champion for Men Eau de Toilette 90ml Spray","brand":"Davidoff","imageUrls":["https://static.chemistwarehouse.com.au/ams/media/pi/68098/F2D_800.jpg"],"storeId":"chemist-warehouse","packageSize":"","cupPrice":"","categoryIds":["cw-beauty/cw-fragrances"],"locations":{"ALL":{"price":29.99,"discountRate":67,"promo":"","orgPrice":90}},"similarProducts":[]},{"id":"cw-53847","name":"Revlon Charlie White Eau De Toilette 100ml Spray","brand":"Revlon","imageUrls":["https://static.chemistwarehouse.com.au/ams/media/pi/53847/F2D_800.jpg"],"storeId":"chemist-warehouse","packageSize":"","cupPrice":"","categoryIds":["cw-beauty/cw-fragrances"],"locations":{"ALL":{"price":9.99,"discountRate":83,"promo":"","orgPrice":59}},"similarProducts":[]},{"id":"cw-50821","name":"Calvin Klein Truth for Men Eau de Toilette Spray 100mL","brand":"Calvin Klein","imageUrls":["https://static.chemistwarehouse.com.au/ams/media/pi/50821/F2D_800.jpg"],"storeId":"chemist-warehouse","packageSize":"","cupPrice":"","categoryIds":["cw-beauty/cw-fragrances"],"locations":{"ALL":{"price":39.99,"discountRate":55,"promo":"","orgPrice":89}},"similarProducts":[]},{"id":"cw-66445","name":"Ferrari Black Eau de Toilette 125ml Spray","brand":"Ferrari","imageUrls":["https://static.chemistwarehouse.com.au/ams/media/pi/66445/F2D_800.jpg"],"storeId":"chemist-warehouse","packageSize":"","cupPrice":"","categoryIds":["cw-beauty/cw-fragrances"],"locations":{"ALL":{"price":29.99,"discountRate":69,"promo":"","orgPrice":98}},"similarProducts":[]},{"id":"cw-86210","name":"Tocade Eau de Toilette 100ml Spray Online Only","brand":"Rochas","imageUrls":["https://static.chemistwarehouse.com.au/ams/media/pi/86210/F2D_800.jpg"],"storeId":"chemist-warehouse","packageSize":"","cupPrice":"","categoryIds":["cw-beauty/cw-fragrances"],"locations":{"ALL":{"price":39.99,"discountRate":75,"promo":"Online Only","orgPrice":160}},"similarProducts":[]},{"id":"cw-55268","name":"Calvin Klein Escape for Women Eau de Parfum 100ml Spray","brand":"Calvin Klein","imageUrls":["https://static.chemistwarehouse.com.au/ams/media/pi/55268/F2D_800.jpg"],"storeId":"chemist-warehouse","packageSize":"","cupPrice":"","categoryIds":["cw-beauty/cw-fragrances"],"locations":{"ALL":{"price":32.99,"discountRate":63,"promo":"","orgPrice":89}},"similarProducts":[]},{"id":"cw-81594","name":"Cerruti 1881 for Men Eau de Toilette 100ml Spray","brand":"Cerruti","imageUrls":["https://static.chemistwarehouse.com.au/ams/media/pi/81594/F2D_800.jpg"],"storeId":"chemist-warehouse","packageSize":"","cupPrice":"","categoryIds":["cw-beauty/cw-fragrances"],"locations":{"ALL":{"price":29.99,"discountRate":67,"promo":"","orgPrice":90}},"similarProducts":[]},{"id":"cw-87493","name":"Hugo Boss Bottled Tonic Eau de Toilette 50ml Spray","brand":"Hugo Boss","imageUrls":["https://static.chemistwarehouse.com.au/ams/media/pi/87493/F2D_800.jpg"],"storeId":"chemist-warehouse","packageSize":"","cupPrice":"","categoryIds":["cw-beauty/cw-fragrances"],"locations":{"ALL":{"price":49.99,"discountRate":50,"promo":"","orgPrice":99}},"similarProducts":[]},{"id":"cw-75856","name":"David Beckham Beyond Eau de Toilette 90ml","brand":"David Beckham","imageUrls":["https://static.chemistwarehouse.com.au/ams/media/pi/75856/3DF_800.jpg"],"storeId":"chemist-warehouse","packageSize":"","cupPrice":"","categoryIds":["cw-beauty/cw-fragrances"],"locations":{"ALL":{"price":19.99,"discountRate":59,"promo":"","orgPrice":49}},"similarProducts":[]},{"id":"cw-49018","name":"Tea Rose Eau de Toilette 120ml Spray","brand":"Tea Rose","imageUrls":["https://static.chemistwarehouse.com.au/ams/media/pi/49018/F2D_800.jpg"],"storeId":"chemist-warehouse","packageSize":"","cupPrice":"","categoryIds":["cw-beauty/cw-fragrances"],"locations":{"ALL":{"price":14.99,"discountRate":78,"promo":"","orgPrice":69}},"similarProducts":[]},{"id":"cw-53862","name":"Joop! Go Eau de Toilette 100ml Spray","brand":"Joop","imageUrls":["https://static.chemistwarehouse.com.au/ams/media/pi/53862/F2D_800.jpg"],"storeId":"chemist-warehouse","packageSize":"","cupPrice":"","categoryIds":["cw-beauty/cw-fragrances"],"locations":{"ALL":{"price":26.99,"discountRate":54,"promo":"","orgPrice":59}},"similarProducts":[]},{"id":"cw-100470","name":"Bvlgari Splendida Jasmin Noir Eau de Parfum 100ml","brand":"Bvlgari","imageUrls":["https://static.chemistwarehouse.com.au/ams/media/pi/100470/F2D_800.jpg"],"storeId":"chemist-warehouse","packageSize":"","cupPrice":"","categoryIds":["cw-beauty/cw-fragrances"],"locations":{"ALL":{"price":99.99,"discountRate":53,"promo":"","orgPrice":213}},"similarProducts":[]},{"id":"cw-57723","name":"Versace Woman Signature Eau de Parfum 100ml","brand":"Versace","imageUrls":["https://static.chemistwarehouse.com.au/ams/media/pi/57723/F2D_800.jpg"],"storeId":"chemist-warehouse","packageSize":"","cupPrice":"","categoryIds":["cw-beauty/cw-fragrances"],"locations":{"ALL":{"price":79.99,"discountRate":50,"promo":"","orgPrice":160}},"similarProducts":[]},{"id":"cw-81322","name":"Lomani Network Eau De Toilette 100ml","brand":"Lomani","imageUrls":["https://static.chemistwarehouse.com.au/ams/media/pi/81322/F2D_800.jpg"],"storeId":"chemist-warehouse","packageSize":"","cupPrice":"","categoryIds":["cw-beauty/cw-fragrances"],"locations":{"ALL":{"price":9.99,"discountRate":50,"promo":"","orgPrice":20}},"similarProducts":[]},{"id":"cw-52304","name":"Quorum Eau de Toilette Spray 100ml","brand":"Antonio Puig","imageUrls":["https://static.chemistwarehouse.com.au/ams/media/pi/52304/F2D_800.jpg"],"storeId":"chemist-warehouse","packageSize":"","cupPrice":"","categoryIds":["cw-beauty/cw-fragrances"],"locations":{"ALL":{"price":19.99,"discountRate":74,"promo":"","orgPrice":76}},"similarProducts":[]},{"id":"cw-86850","name":"Vera Wang Glam Princess Eau de Toilette 100ml Spray","brand":"Vera Wang","imageUrls":["https://static.chemistwarehouse.com.au/ams/media/pi/86850/2DF_800.jpg"],"storeId":"chemist-warehouse","packageSize":"","cupPrice":"","categoryIds":["cw-beauty/cw-fragrances"],"locations":{"ALL":{"price":29.99,"discountRate":66,"promo":"","orgPrice":89}},"similarProducts":[]},{"id":"cw-48821","name":"Revlon Charlie Red Eau de Toilette Spray 100ml","brand":"Revlon","imageUrls":["https://static.chemistwarehouse.com.au/ams/media/pi/48821/3DF_800.jpg"],"storeId":"chemist-warehouse","packageSize":"","cupPrice":"","categoryIds":["cw-beauty/cw-fragrances"],"locations":{"ALL":{"price":9.99,"discountRate":83,"promo":"","orgPrice":59}},"similarProducts":[]},{"id":"cw-57593","name":"David Beckham Signature Men Eau de Toilette 75ml Spray","brand":"David Beckham","imageUrls":["https://static.chemistwarehouse.com.au/ams/media/pi/57593/F2D_800.jpg"],"storeId":"chemist-warehouse","packageSize":"","cupPrice":"","categoryIds":["cw-beauty/cw-fragrances"],"locations":{"ALL":{"price":19.99,"discountRate":60,"promo":"","orgPrice":49.99}},"similarProducts":[]},{"id":"cw-60916","name":"Nautica Classic 100ml Eau de Toilette Spray","brand":"Nautica","imageUrls":["https://static.chemistwarehouse.com.au/ams/media/pi/60916/F2D_800.jpg"],"storeId":"chemist-warehouse","packageSize":"","cupPrice":"","categoryIds":["cw-beauty/cw-fragrances"],"locations":{"ALL":{"price":19.99,"discountRate":71,"promo":"","orgPrice":69}},"similarProducts":[]},{"id":"cw-73178","name":"Justin Bieber Collectors Edition Eau de Parfum 30ml","brand":"Justin Bieber","imageUrls":["https://static.chemistwarehouse.com.au/ams/media/pi/73178/F2D_800.jpg"],"storeId":"chemist-warehouse","packageSize":"","cupPrice":"","categoryIds":["cw-beauty/cw-fragrances"],"locations":{"ALL":{"price":12.99,"discountRate":67,"promo":"","orgPrice":39}},"similarProducts":[]},{"id":"cw-54721","name":"Blue Stratos 100ml Aftershave Lotion","brand":"Blue Stratos","imageUrls":["https://static.chemistwarehouse.com.au/ams/media/pi/54721/F2D_800.jpg"],"storeId":"chemist-warehouse","packageSize":"","cupPrice":"","categoryIds":["cw-beauty/cw-fragrances"],"locations":{"ALL":{"price":9.99,"discountRate":60,"promo":"","orgPrice":24.99}},"similarProducts":[]},{"id":"cw-68640","name":"David Beckham Classic Eau De Toilette 90ml","brand":"David Beckham","imageUrls":["https://static.chemistwarehouse.com.au/ams/media/pi/68640/3DF_800.jpg"],"storeId":"chemist-warehouse","packageSize":"","cupPrice":"","categoryIds":["cw-beauty/cw-fragrances"],"locations":{"ALL":{"price":19.99,"discountRate":59,"promo":"","orgPrice":49}},"similarProducts":[]},{"id":"cw-57387","name":"Burberry Brit for Men Eau de Toilette 100ml Spray","brand":"Burberry","imageUrls":["https://static.chemistwarehouse.com.au/ams/media/pi/57387/F2D_800.jpg"],"storeId":"chemist-warehouse","packageSize":"","cupPrice":"","categoryIds":["cw-beauty/cw-fragrances"],"locations":{"ALL":{"price":59.99,"discountRate":52,"promo":"","orgPrice":124}},"similarProducts":[]},{"id":"cw-54759","name":"Bvlgari Omnia Crystalline Eau de Toilette 40ml Spray","brand":"Bvlgari","imageUrls":["https://static.chemistwarehouse.com.au/ams/media/pi/54759/F2D_800.jpg"],"storeId":"chemist-warehouse","packageSize":"","cupPrice":"","categoryIds":["cw-beauty/cw-fragrances"],"locations":{"ALL":{"price":49.99,"discountRate":50,"promo":"","orgPrice":99}},"similarProducts":[]},{"id":"cw-59947","name":"Britney Spears Fantasy Circus Eau de Parfum 30ml Spray","brand":"Britney Spears","imageUrls":["https://static.chemistwarehouse.com.au/ams/media/pi/59947/F2D_800.jpg"],"storeId":"chemist-warehouse","packageSize":"","cupPrice":"","categoryIds":["cw-beauty/cw-fragrances"],"locations":{"ALL":{"price":14.99,"discountRate":62,"promo":"","orgPrice":39}},"similarProducts":[]},{"id":"cw-72063","name":"Vera Wang Flower Princess Eau De Toilette 100ml Spray","brand":"Vera Wang","imageUrls":["https://static.chemistwarehouse.com.au/ams/media/pi/72063/3DF_800.jpg"],"storeId":"chemist-warehouse","packageSize":"","cupPrice":"","categoryIds":["cw-beauty/cw-fragrances"],"locations":{"ALL":{"price":29.99,"discountRate":66,"promo":"","orgPrice":89}},"similarProducts":[]},{"id":"cw-57394","name":"Calvin Klein Man Eau de Toilette 100ml Spray","brand":"Calvin Klein","imageUrls":["https://static.chemistwarehouse.com.au/ams/media/pi/57394/F2D_800.jpg"],"storeId":"chemist-warehouse","packageSize":"","cupPrice":"","categoryIds":["cw-beauty/cw-fragrances"],"locations":{"ALL":{"price":32.99,"discountRate":63,"promo":"","orgPrice":89}},"similarProducts":[]},{"id":"cw-69036","name":"Playboy New York Eau De Toilette 100ml","brand":"Playboy","imageUrls":["https://static.chemistwarehouse.com.au/ams/media/pi/69036/F2D_800.jpg"],"storeId":"chemist-warehouse","packageSize":"","cupPrice":"","categoryIds":["cw-beauty/cw-fragrances"],"locations":{"ALL":{"price":9.99,"discountRate":60,"promo":"","orgPrice":24.95}},"similarProducts":[]},{"id":"cw-54846","name":"Burberry London for Men Eau de Toilette 30ml Spray","brand":"Burberry","imageUrls":["https://static.chemistwarehouse.com.au/ams/media/pi/54846/F2D_800.jpg"],"storeId":"chemist-warehouse","packageSize":"","cupPrice":"","categoryIds":["cw-beauty/cw-fragrances"],"locations":{"ALL":{"price":29.99,"discountRate":56,"promo":"","orgPrice":68}},"similarProducts":[]},{"id":"cw-65218","name":"Calvin Klein One Shock for Her 200ml","brand":"Calvin Klein","imageUrls":["https://static.chemistwarehouse.com.au/ams/media/pi/65218/F2D_800.jpg"],"storeId":"chemist-warehouse","packageSize":"","cupPrice":"","categoryIds":["cw-beauty/cw-fragrances"],"locations":{"ALL":{"price":32.99,"discountRate":63,"promo":"","orgPrice":89}},"similarProducts":[]},{"id":"cw-67361","name":"Revlon Ciara Eau de Cologne 68ml Spray","brand":"Revlon","imageUrls":["https://static.chemistwarehouse.com.au/ams/media/pi/67361/3DF_800.jpg"],"storeId":"chemist-warehouse","packageSize":"","cupPrice":"","categoryIds":["cw-beauty/cw-fragrances"],"locations":{"ALL":{"price":14.99,"discountRate":75,"promo":"","orgPrice":59}},"similarProducts":[]},{"id":"cw-56703","name":"Vera Wang Princess Eau de Toilette 50ml","brand":"Vera Wang","imageUrls":["https://static.chemistwarehouse.com.au/ams/media/pi/56703/3DF_800.jpg"],"storeId":"chemist-warehouse","packageSize":"","cupPrice":"","categoryIds":["cw-beauty/cw-fragrances"],"locations":{"ALL":{"price":29.99,"discountRate":57,"promo":"","orgPrice":69}},"similarProducts":[]},{"id":"cw-87647","name":"Burberry My Burberry Blush Eau de Parfum 30ml Spray","brand":"Burberry","imageUrls":["https://static.chemistwarehouse.com.au/ams/media/pi/87647/F2D_800.jpg"],"storeId":"chemist-warehouse","packageSize":"","cupPrice":"","categoryIds":["cw-beauty/cw-fragrances"],"locations":{"ALL":{"price":49.99,"discountRate":55,"promo":"","orgPrice":110}},"similarProducts":[]},{"id":"cw-53851","name":"Revlon Charlie Silver Eau De Toilette 100ml Spray","brand":"Revlon","imageUrls":["https://static.chemistwarehouse.com.au/ams/media/pi/53851/F2D_800.jpg"],"storeId":"chemist-warehouse","packageSize":"","cupPrice":"","categoryIds":["cw-beauty/cw-fragrances"],"locations":{"ALL":{"price":9.99,"discountRate":83,"promo":"","orgPrice":59}},"similarProducts":[]},{"id":"cw-60117","name":"Oscar de la Renta 100ml Eau de Toilette Spray","brand":"Oscar De La Renta","imageUrls":["https://static.chemistwarehouse.com.au/ams/media/pi/60117/F2D_800.jpg"],"storeId":"chemist-warehouse","packageSize":"","cupPrice":"","categoryIds":["cw-beauty/cw-fragrances"],"locations":{"ALL":{"price":59.99,"discountRate":52,"promo":"","orgPrice":125}},"similarProducts":[]},{"id":"cw-74315","name":"Burberry My Burberry 30ml Eau De Parfum Spray","brand":"Burberry","imageUrls":["https://static.chemistwarehouse.com.au/ams/media/pi/74315/F2D_800.jpg"],"storeId":"chemist-warehouse","packageSize":"","cupPrice":"","categoryIds":["cw-beauty/cw-fragrances"],"locations":{"ALL":{"price":49.99,"discountRate":55,"promo":"","orgPrice":110}},"similarProducts":[]},{"id":"cw-66689","name":"David Beckham Essence Eau De Toilette 75ml","brand":"David Beckham","imageUrls":["https://static.chemistwarehouse.com.au/ams/media/pi/66689/3DF_800.jpg"],"storeId":"chemist-warehouse","packageSize":"","cupPrice":"","categoryIds":["cw-beauty/cw-fragrances"],"locations":{"ALL":{"price":19.99,"discountRate":59,"promo":"","orgPrice":49}},"similarProducts":[]},{"id":"cw-81803","name":"Hugo Boss Orange For Women Eau de Toilette 75ml Spray","brand":"Hugo Boss","imageUrls":["https://static.chemistwarehouse.com.au/ams/media/pi/81803/F2D_800.jpg"],"storeId":"chemist-warehouse","packageSize":"","cupPrice":"","categoryIds":["cw-beauty/cw-fragrances"],"locations":{"ALL":{"price":59.99,"discountRate":50,"promo":"","orgPrice":119}},"similarProducts":[]},{"id":"cw-48384","name":"Nina Ricci Lair du Temps Eau de Toilette 100ml","brand":"Nina Ricci","imageUrls":["https://static.chemistwarehouse.com.au/ams/media/pi/48384/F2D_800.jpg"],"storeId":"chemist-warehouse","packageSize":"","cupPrice":"","categoryIds":["cw-beauty/cw-fragrances"],"locations":{"ALL":{"price":69.99,"discountRate":50,"promo":"","orgPrice":140}},"similarProducts":[]},{"id":"cw-67749","name":"David Beckham Homme Eau de Toilette 75ml Spray","brand":"David Beckham","imageUrls":["https://static.chemistwarehouse.com.au/ams/media/pi/67749/3DF_800.jpg"],"storeId":"chemist-warehouse","packageSize":"","cupPrice":"","categoryIds":["cw-beauty/cw-fragrances"],"locations":{"ALL":{"price":19.99,"discountRate":59,"promo":"","orgPrice":49}},"similarProducts":[]},{"id":"cw-57687","name":"Elizabeth Taylor Passion for Women 74ml Eau de Toilette Spray","brand":"Elizabeth Taylor","imageUrls":["https://static.chemistwarehouse.com.au/ams/media/pi/57687/F2D_800.jpg"],"storeId":"chemist-warehouse","packageSize":"","cupPrice":"","categoryIds":["cw-beauty/cw-fragrances"],"locations":{"ALL":{"price":29.99,"discountRate":60,"promo":"","orgPrice":75}},"similarProducts":[]},{"id":"cw-47791","name":"Ferrari Red Eau de Toilette Spray 125mL","brand":"Ferrari","imageUrls":["https://static.chemistwarehouse.com.au/ams/media/pi/47791/F2D_800.jpg"],"storeId":"chemist-warehouse","packageSize":"","cupPrice":"","categoryIds":["cw-beauty/cw-fragrances"],"locations":{"ALL":{"price":29.99,"discountRate":69,"promo":"","orgPrice":98}},"similarProducts":[]},{"id":"cw-77705","name":"Burberry Body Eau de Parfum 85ml","brand":"Burberry","imageUrls":["https://static.chemistwarehouse.com.au/ams/media/pi/77705/F2D_800.jpg"],"storeId":"chemist-warehouse","packageSize":"","cupPrice":"","categoryIds":["cw-beauty/cw-fragrances"],"locations":{"ALL":{"price":69.99,"discountRate":55,"promo":"","orgPrice":155}},"similarProducts":[]},{"id":"cw-52521","name":"Elizabeth Arden Mediterranean Eau De Parfum Spray 100mL","brand":"Elizabeth Arden","imageUrls":["https://static.chemistwarehouse.com.au/ams/media/pi/52521/F2D_800.jpg"],"storeId":"chemist-warehouse","packageSize":"","cupPrice":"","categoryIds":["cw-beauty/cw-fragrances"],"locations":{"ALL":{"price":29.99,"discountRate":57,"promo":"","orgPrice":69}},"similarProducts":[]},{"id":"cw-68013","name":"DKNY Fresh Blossom for Women Eau de Parfum 30ml Spray","brand":"DKNY","imageUrls":["https://static.chemistwarehouse.com.au/ams/media/pi/68013/F2D_800.jpg"],"storeId":"chemist-warehouse","packageSize":"","cupPrice":"","categoryIds":["cw-beauty/cw-fragrances"],"locations":{"ALL":{"price":29.99,"discountRate":54,"promo":"","orgPrice":65}},"similarProducts":[]},{"id":"cw-53397","name":"Calvin Klein Escape For Men Eau de Toilette Spray 100mL","brand":"Calvin Klein","imageUrls":["https://static.chemistwarehouse.com.au/ams/media/pi/53397/F2D_800.jpg"],"storeId":"chemist-warehouse","packageSize":"","cupPrice":"","categoryIds":["cw-beauty/cw-fragrances"],"locations":{"ALL":{"price":32.99,"discountRate":63,"promo":"","orgPrice":89}},"similarProducts":[]},{"id":"cw-51872","name":"Paco Rabanne XS Pour Homme Eau de Toilette 100ml Spray","brand":"Paco Rabanne","imageUrls":["https://static.chemistwarehouse.com.au/ams/media/pi/51872/F2D_800.jpg"],"storeId":"chemist-warehouse","packageSize":"","cupPrice":"","categoryIds":["cw-beauty/cw-fragrances"],"locations":{"ALL":{"price":49.99,"discountRate":56,"promo":"","orgPrice":114}},"similarProducts":[]},{"id":"cw-51851","name":"Bvlgari Aqva Pour Homme Eau de Toilette Spray 50ml","brand":"Bvlgari","imageUrls":["https://static.chemistwarehouse.com.au/ams/media/pi/51851/F2D_800.jpg"],"storeId":"chemist-warehouse","packageSize":"","cupPrice":"","categoryIds":["cw-beauty/cw-fragrances"],"locations":{"ALL":{"price":49.99,"discountRate":52,"promo":"","orgPrice":104}},"similarProducts":[]},{"id":"cw-87637","name":"Burberry Mr Burberry Eau de Parfum 50ml Spray","brand":"Burberry","imageUrls":["https://static.chemistwarehouse.com.au/ams/media/pi/87637/F2D_800.jpg"],"storeId":"chemist-warehouse","packageSize":"","cupPrice":"","categoryIds":["cw-beauty/cw-fragrances"],"locations":{"ALL":{"price":49.99,"discountRate":52,"promo":"","orgPrice":105}},"similarProducts":[]},{"id":"cw-75333","name":"Silver Scent Intense 100ml Eau De Toilette","brand":"Silver Scent","imageUrls":["https://static.chemistwarehouse.com.au/ams/media/pi/75333/F2D_800.jpg"],"storeId":"chemist-warehouse","packageSize":"","cupPrice":"","categoryIds":["cw-beauty/cw-fragrances"],"locations":{"ALL":{"price":29.99,"discountRate":62,"promo":"","orgPrice":79}},"similarProducts":[]},{"id":"cw-85793","name":"Bvlgari Aqva Pour Homme Atlantiqve Eau de Toilette 100ml Spray","brand":"Bvlgari","imageUrls":["https://static.chemistwarehouse.com.au/ams/media/pi/85793/F2D_800.jpg"],"storeId":"chemist-warehouse","packageSize":"","cupPrice":"","categoryIds":["cw-beauty/cw-fragrances"],"locations":{"ALL":{"price":69.99,"discountRate":50,"promo":"","orgPrice":139}},"similarProducts":[]},{"id":"cw-73514","name":"Burberry My Burberry 90ml Eau De Parfum Spray","brand":"Burberry","imageUrls":["https://static.chemistwarehouse.com.au/ams/media/pi/73514/F2D_800.jpg"],"storeId":"chemist-warehouse","packageSize":"","cupPrice":"","categoryIds":["cw-beauty/cw-fragrances"],"locations":{"ALL":{"price":89.99,"discountRate":59,"promo":"","orgPrice":220}},"similarProducts":[]},{"id":"cw-57867","name":"Lolita Lempicka Eau De Parfum 100ml Spray","brand":"Lolita Lempicka","imageUrls":["https://static.chemistwarehouse.com.au/ams/media/pi/57867/F2D_800.jpg"],"storeId":"chemist-warehouse","packageSize":"","cupPrice":"","categoryIds":["cw-beauty/cw-fragrances"],"locations":{"ALL":{"price":49.99,"discountRate":69,"promo":"","orgPrice":160}},"similarProducts":[]},{"id":"cw-58510","name":"Calvin Klein CK Free for Men 50ml Eau de Toilette Spray","brand":"Calvin Klein","imageUrls":["https://static.chemistwarehouse.com.au/ams/media/pi/58510/F2D_800.jpg"],"storeId":"chemist-warehouse","packageSize":"","cupPrice":"","categoryIds":["cw-beauty/cw-fragrances"],"locations":{"ALL":{"price":29.99,"discountRate":63,"promo":"","orgPrice":80}},"similarProducts":[]},{"id":"cw-74667","name":"Versace Woman Signature Eau de Parfum 30ml","brand":"Versace","imageUrls":["https://static.chemistwarehouse.com.au/ams/media/pi/74667/F2D_800.jpg"],"storeId":"chemist-warehouse","packageSize":"","cupPrice":"","categoryIds":["cw-beauty/cw-fragrances"],"locations":{"ALL":{"price":39.99,"discountRate":56,"promo":"","orgPrice":90}},"similarProducts":[]},{"id":"cw-56805","name":"Burberry Brit for Her Eau de Toilette 100ml","brand":"Burberry","imageUrls":["https://static.chemistwarehouse.com.au/ams/media/pi/56805/F2D_800.jpg"],"storeId":"chemist-warehouse","packageSize":"","cupPrice":"","categoryIds":["cw-beauty/cw-fragrances"],"locations":{"ALL":{"price":69.99,"discountRate":51,"promo":"","orgPrice":142}},"similarProducts":[]},{"id":"cw-71119","name":"Juicy Couture La La Eau de Parfum 100ml Spray","brand":"Juicy Couture","imageUrls":["https://static.chemistwarehouse.com.au/ams/media/pi/71119/F2D_800.jpg"],"storeId":"chemist-warehouse","packageSize":"","cupPrice":"","categoryIds":["cw-beauty/cw-fragrances"],"locations":{"ALL":{"price":49.99,"discountRate":55,"promo":"","orgPrice":110}},"similarProducts":[]},{"id":"cw-57848","name":"Versace The Dreamer Eau de Toilette 100ml Spray","brand":"Versace","imageUrls":["https://static.chemistwarehouse.com.au/ams/media/pi/57848/F2D_800.jpg"],"storeId":"chemist-warehouse","packageSize":"","cupPrice":"","categoryIds":["cw-beauty/cw-fragrances"],"locations":{"ALL":{"price":49.99,"discountRate":63,"promo":"","orgPrice":135}},"similarProducts":[]},{"id":"cw-57899","name":"Calvin Klein Euphoria for Men Eau de Toilette 50ml Spray","brand":"Calvin Klein","imageUrls":["https://static.chemistwarehouse.com.au/ams/media/pi/57899/F2D_800.jpg"],"storeId":"chemist-warehouse","packageSize":"","cupPrice":"","categoryIds":["cw-beauty/cw-fragrances"],"locations":{"ALL":{"price":39.99,"discountRate":50,"promo":"","orgPrice":80}},"similarProducts":[]},{"id":"cw-57703","name":"Burberry Brit for Her Eau de Parfum 100ml Spray","brand":"Burberry","imageUrls":["https://static.chemistwarehouse.com.au/ams/media/pi/57703/F2D_800.jpg"],"storeId":"chemist-warehouse","packageSize":"","cupPrice":"","categoryIds":["cw-beauty/cw-fragrances"],"locations":{"ALL":{"price":79.99,"discountRate":54,"promo":"","orgPrice":175}},"similarProducts":[]},{"id":"cw-90258","name":"Ed Hardy Hearts & Daggers Women Eau de Parfum 50ml Spray","brand":"Ed Hardy","imageUrls":["https://static.chemistwarehouse.com.au/ams/media/pi/90258/F2D_800.jpg"],"storeId":"chemist-warehouse","packageSize":"","cupPrice":"","categoryIds":["cw-beauty/cw-fragrances"],"locations":{"ALL":{"price":39.99,"discountRate":60,"promo":"","orgPrice":99}},"similarProducts":[]},{"id":"cw-100546","name":"Alaia Paris Eau De Parfum 100ml","brand":"Alaia Paris","imageUrls":["https://static.chemistwarehouse.com.au/ams/media/pi/100546/F2D_800.jpg"],"storeId":"chemist-warehouse","packageSize":"","cupPrice":"","categoryIds":["cw-beauty/cw-fragrances"],"locations":{"ALL":{"price":89.99,"discountRate":52,"promo":"","orgPrice":189}},"similarProducts":[]},{"id":"cw-57263","name":"Bvlgari Omnia Eau De Parfum 40ml Spray","brand":"Bvlgari","imageUrls":["https://static.chemistwarehouse.com.au/ams/media/pi/57263/F2D_800.jpg"],"storeId":"chemist-warehouse","packageSize":"","cupPrice":"","categoryIds":["cw-beauty/cw-fragrances"],"locations":{"ALL":{"price":49.99,"discountRate":50,"promo":"","orgPrice":99}},"similarProducts":[]},{"id":"cw-56894","name":"Versace Woman Eau De Parfum 30ml Spray","brand":"Versace","imageUrls":["https://static.chemistwarehouse.com.au/ams/media/pi/56894/F2D_800.jpg"],"storeId":"chemist-warehouse","packageSize":"","cupPrice":"","categoryIds":["cw-beauty/cw-fragrances"],"locations":{"ALL":{"price":39.99,"discountRate":60,"promo":"","orgPrice":100}},"similarProducts":[]},{"id":"cw-95273","name":"LOL Surprise Glitter On 250ml Body Mist","brand":"LOL Surprise","imageUrls":["https://static.chemistwarehouse.com.au/ams/media/pi/95273/F2D_800.jpg"],"storeId":"chemist-warehouse","packageSize":"","cupPrice":"","categoryIds":["cw-beauty/cw-fragrances"],"locations":{"ALL":{"price":9.99,"discountRate":50,"promo":"","orgPrice":19.99}},"similarProducts":[]},{"id":"cw-52336","name":"Versace Woman Eau De Parfum 100ml Spray","brand":"Versace","imageUrls":["https://static.chemistwarehouse.com.au/ams/media/pi/52336/F2D_800.jpg"],"storeId":"chemist-warehouse","packageSize":"","cupPrice":"","categoryIds":["cw-beauty/cw-fragrances"],"locations":{"ALL":{"price":79.99,"discountRate":52,"promo":"","orgPrice":165}},"similarProducts":[]},{"id":"cw-49015","name":"Versus Red Jeans Eau de Toilette Spray 75mL","brand":"Versace","imageUrls":["https://static.chemistwarehouse.com.au/ams/media/pi/49015/F2D_800.jpg"],"storeId":"chemist-warehouse","packageSize":"","cupPrice":"","categoryIds":["cw-beauty/cw-fragrances"],"locations":{"ALL":{"price":24.99,"discountRate":68,"promo":"","orgPrice":78}},"similarProducts":[]},{"id":"cw-60917","name":"Paco Rabanne Pour Homme Aftershave Lotion Splash 100ml","brand":"Paco Rabanne","imageUrls":["https://static.chemistwarehouse.com.au/ams/media/pi/60917/F2D_800.jpg"],"storeId":"chemist-warehouse","packageSize":"","cupPrice":"","categoryIds":["cw-beauty/cw-fragrances"],"locations":{"ALL":{"price":39.99,"discountRate":59,"promo":"","orgPrice":98}},"similarProducts":[]},{"id":"cw-65458","name":"Burberry Brit for Her Eau de Parfum 50ml","brand":"Burberry","imageUrls":["https://static.chemistwarehouse.com.au/ams/media/pi/65458/F2D_800.jpg"],"storeId":"chemist-warehouse","packageSize":"","cupPrice":"","categoryIds":["cw-beauty/cw-fragrances"],"locations":{"ALL":{"price":49.99,"discountRate":62,"promo":"","orgPrice":130}},"similarProducts":[]},{"id":"cw-73889","name":"Burberry Body Eau de Parfum 60ml","brand":"Burberry","imageUrls":["https://static.chemistwarehouse.com.au/ams/media/pi/73889/F2D_800.jpg"],"storeId":"chemist-warehouse","packageSize":"","cupPrice":"","categoryIds":["cw-beauty/cw-fragrances"],"locations":{"ALL":{"price":49.99,"discountRate":63,"promo":"","orgPrice":135}},"similarProducts":[]},{"id":"cw-58731","name":"Femme Rochas Eau de Toilette 100ml Spray","brand":"Rochas","imageUrls":["https://static.chemistwarehouse.com.au/ams/media/pi/58731/F2D_800.jpg"],"storeId":"chemist-warehouse","packageSize":"","cupPrice":"","categoryIds":["cw-beauty/cw-fragrances"],"locations":{"ALL":{"price":49.99,"discountRate":70,"promo":"","orgPrice":165}},"similarProducts":[]},{"id":"cw-88927","name":"AFL Fragrance Collingwood Magpies Eau De Toilette 100ml Spray","brand":"AFL","imageUrls":["https://static.chemistwarehouse.com.au/ams/media/pi/88927/F2D_800.jpg"],"storeId":"chemist-warehouse","packageSize":"","cupPrice":"","categoryIds":["cw-beauty/cw-fragrances"],"locations":{"ALL":{"price":9.99,"discountRate":60,"promo":"","orgPrice":24.99}},"similarProducts":[]},{"id":"cw-88011","name":"Vera Wang Signature for Him Eau de Toilette 100ml Spray","brand":"Vera Wang","imageUrls":["https://static.chemistwarehouse.com.au/ams/media/pi/88011/2DF_800.jpg"],"storeId":"chemist-warehouse","packageSize":"","cupPrice":"","categoryIds":["cw-beauty/cw-fragrances"],"locations":{"ALL":{"price":39.99,"discountRate":55,"promo":"","orgPrice":89}},"similarProducts":[]},{"id":"cw-82358","name":"Bvlgari Paraiba Eau de Toilette 40ml Spray","brand":"Bvlgari","imageUrls":["https://static.chemistwarehouse.com.au/ams/media/pi/82358/F2D_800.jpg"],"storeId":"chemist-warehouse","packageSize":"","cupPrice":"","categoryIds":["cw-beauty/cw-fragrances"],"locations":{"ALL":{"price":39.99,"discountRate":62,"promo":"","orgPrice":106}},"similarProducts":[]},{"id":"cw-89988","name":"Issey Miyake Leau DIssey Pure Eau de Toilette 90ml Spray","brand":"Issey Miyake","imageUrls":["https://static.chemistwarehouse.com.au/ams/media/pi/89988/F2D_800.jpg"],"storeId":"chemist-warehouse","packageSize":"","cupPrice":"","categoryIds":["cw-beauty/cw-fragrances"],"locations":{"ALL":{"price":79.99,"discountRate":55,"promo":"","orgPrice":176}},"similarProducts":[]},{"id":"cw-99793","name":"Rocawear 91X Eau de Toilette 100ml","brand":"Rocawear","imageUrls":["https://static.chemistwarehouse.com.au/ams/media/pi/99793/F2D_800.jpg"],"storeId":"chemist-warehouse","packageSize":"","cupPrice":"","categoryIds":["cw-beauty/cw-fragrances"],"locations":{"ALL":{"price":29.99,"discountRate":57,"promo":"","orgPrice":69}},"similarProducts":[]},{"id":"cw-67355","name":"Van Cleef & Arpels First for Women Eau de Toilette 100ml","brand":"Van Cleef  Arpels","imageUrls":["https://static.chemistwarehouse.com.au/ams/media/pi/67355/F2D_800.jpg"],"storeId":"chemist-warehouse","packageSize":"","cupPrice":"","categoryIds":["cw-beauty/cw-fragrances"],"locations":{"ALL":{"price":69.99,"discountRate":55,"promo":"","orgPrice":154}},"similarProducts":[]},{"id":"cw-100455","name":"Bvlgari Splendida Iris Dor Eau De Parfum 100ml","brand":"Bvlgari","imageUrls":["https://static.chemistwarehouse.com.au/ams/media/pi/100455/F2D_800.jpg"],"storeId":"chemist-warehouse","packageSize":"","cupPrice":"","categoryIds":["cw-beauty/cw-fragrances"],"locations":{"ALL":{"price":99.99,"discountRate":53,"promo":"","orgPrice":213}},"similarProducts":[]},{"id":"cw-52551","name":"Giorgio Beverly Hills G Eau de Parfum Spray 90mL","brand":"Giorgio Beverley Hills","imageUrls":["https://static.chemistwarehouse.com.au/ams/media/pi/52551/F2D_800.jpg"],"storeId":"chemist-warehouse","packageSize":"","cupPrice":"","categoryIds":["cw-beauty/cw-fragrances"],"locations":{"ALL":{"price":29.99,"discountRate":74,"promo":"","orgPrice":114}},"similarProducts":[]},{"id":"cw-58242","name":"Lolita Lempicka Eau De Parfum 30ml Spray","brand":"Lolita Lempicka","imageUrls":["https://static.chemistwarehouse.com.au/ams/media/pi/58242/F2D_800.jpg"],"storeId":"chemist-warehouse","packageSize":"","cupPrice":"","categoryIds":["cw-beauty/cw-fragrances"],"locations":{"ALL":{"price":29.99,"discountRate":64,"promo":"","orgPrice":83}},"similarProducts":[]},{"id":"cw-67363","name":"Oscar De La Renta 100ml 3 Piece Gift Set","brand":"Oscar De La Renta","imageUrls":["https://static.chemistwarehouse.com.au/ams/media/pi/67363/F2D_800.jpg"],"storeId":"chemist-warehouse","packageSize":"","cupPrice":"","categoryIds":["cw-beauty/cw-fragrances"],"locations":{"ALL":{"price":69.99,"discountRate":58,"promo":"","orgPrice":166}},"similarProducts":[]},{"id":"cw-55174","name":"Bvlgari Aqua Marine for Men Eau de Toilette 50ml Spray","brand":"Bvlgari","imageUrls":["https://static.chemistwarehouse.com.au/ams/media/pi/55174/F2D_800.jpg"],"storeId":"chemist-warehouse","packageSize":"","cupPrice":"","categoryIds":["cw-beauty/cw-fragrances"],"locations":{"ALL":{"price":49.99,"discountRate":52,"promo":"","orgPrice":104}},"similarProducts":[]},{"id":"cw-87830","name":"Guerlain Habit Rouge Eau de Toilette 100ml Online Only","brand":"Guerlain","imageUrls":["https://static.chemistwarehouse.com.au/ams/media/pi/87830/F2D_800.jpg"],"storeId":"chemist-warehouse","packageSize":"","cupPrice":"","categoryIds":["cw-beauty/cw-fragrances"],"locations":{"ALL":{"price":59.99,"discountRate":61,"promo":"Online Only","orgPrice":153}},"similarProducts":[]},{"id":"cw-74313","name":"Burberry Brit Sheer Eau de Toilette 30ml Spray","brand":"Burberry","imageUrls":["https://static.chemistwarehouse.com.au/ams/media/pi/74313/F2D_800.jpg"],"storeId":"chemist-warehouse","packageSize":"","cupPrice":"","categoryIds":["cw-beauty/cw-fragrances"],"locations":{"ALL":{"price":29.99,"discountRate":57,"promo":"","orgPrice":69}},"similarProducts":[]},{"id":"cw-84021","name":"Bvlgari Goldea Eau de Parfum 90ml Spray","brand":"Bvlgari","imageUrls":["https://static.chemistwarehouse.com.au/ams/media/pi/84021/F2D_800.jpg"],"storeId":"chemist-warehouse","packageSize":"","cupPrice":"","categoryIds":["cw-beauty/cw-fragrances"],"locations":{"ALL":{"price":99.99,"discountRate":51,"promo":"","orgPrice":203}},"similarProducts":[]},{"id":"cw-52316","name":"Michael Jordan Cologne Spray 100ml","brand":"Michael Jordan","imageUrls":["https://static.chemistwarehouse.com.au/ams/media/pi/52316/F2D_800.jpg"],"storeId":"chemist-warehouse","packageSize":"","cupPrice":"","categoryIds":["cw-beauty/cw-fragrances"],"locations":{"ALL":{"price":29.99,"discountRate":60,"promo":"","orgPrice":75}},"similarProducts":[]},{"id":"cw-100285","name":"Lanvin Oxygene Homme Eau de Toilette 100ml Online Only","brand":"Lanvin","imageUrls":["https://static.chemistwarehouse.com.au/ams/media/pi/100285/F2D_800.jpg"],"storeId":"chemist-warehouse","packageSize":"","cupPrice":"","categoryIds":["cw-beauty/cw-fragrances"],"locations":{"ALL":{"price":29.99,"discountRate":76,"promo":"","orgPrice":125}},"similarProducts":[]},{"id":"cw-62920","name":"Calvin Klein Beauty Eau De Parfum 50ml Spray","brand":"Calvin Klein","imageUrls":["https://static.chemistwarehouse.com.au/ams/media/pi/62920/F2D_800.jpg"],"storeId":"chemist-warehouse","packageSize":"","cupPrice":"","categoryIds":["cw-beauty/cw-fragrances"],"locations":{"ALL":{"price":39.99,"discountRate":56,"promo":"","orgPrice":90}},"similarProducts":[]},{"id":"cw-65138","name":"Playboy Hollywood Eau de Toilette 100ml","brand":"Playboy","imageUrls":["https://static.chemistwarehouse.com.au/ams/media/pi/65138/F2D_800.jpg"],"storeId":"chemist-warehouse","packageSize":"","cupPrice":"","categoryIds":["cw-beauty/cw-fragrances"],"locations":{"ALL":{"price":9.99,"discountRate":60,"promo":"","orgPrice":24.95}},"similarProducts":[]},{"id":"cw-78928","name":"Gina Liano Eau De Parfum 100ml Spray","brand":"Gina Liano","imageUrls":["https://static.chemistwarehouse.com.au/ams/media/pi/78928/F2D_800.jpg"],"storeId":"chemist-warehouse","packageSize":"","cupPrice":"","categoryIds":["cw-beauty/cw-fragrances"],"locations":{"ALL":{"price":14.99,"discountRate":63,"promo":"","orgPrice":39.99}},"similarProducts":[]},{"id":"cw-82403","name":"Bvlgari Paraiba Eau de Toilette 65ml Spray","brand":"Bvlgari","imageUrls":["https://static.chemistwarehouse.com.au/ams/media/pi/82403/F2D_800.jpg"],"storeId":"chemist-warehouse","packageSize":"","cupPrice":"","categoryIds":["cw-beauty/cw-fragrances"],"locations":{"ALL":{"price":59.99,"discountRate":50,"promo":"","orgPrice":119}},"similarProducts":[]},{"id":"cw-51455","name":"Cacharel Anais Anais Eau De Toilette Spray 30mL","brand":"Cacharel","imageUrls":["https://static.chemistwarehouse.com.au/ams/media/pi/51455/2DF_800.jpg"],"storeId":"chemist-warehouse","packageSize":"","cupPrice":"","categoryIds":["cw-beauty/cw-fragrances"],"locations":{"ALL":{"price":34.99,"discountRate":61,"promo":"","orgPrice":89}},"similarProducts":[]},{"id":"cw-57622","name":"So De La Renta Eau De Toilette 100ml Spray by Osccar De La Renta","brand":"Oscar De La Renta","imageUrls":["https://static.chemistwarehouse.com.au/ams/media/pi/57622/F2D_800.jpg"],"storeId":"chemist-warehouse","packageSize":"","cupPrice":"","categoryIds":["cw-beauty/cw-fragrances"],"locations":{"ALL":{"price":39.99,"discountRate":68,"promo":"","orgPrice":125}},"similarProducts":[]},{"id":"cw-66210","name":"Versace Yellow Diamond Eau de Toilette 30ml Spray","brand":"Versace","imageUrls":["https://static.chemistwarehouse.com.au/ams/media/pi/66210/F2D_800.jpg"],"storeId":"chemist-warehouse","packageSize":"","cupPrice":"","categoryIds":["cw-beauty/cw-fragrances"],"locations":{"ALL":{"price":39.99,"discountRate":53,"promo":"","orgPrice":85}},"similarProducts":[]},{"id":"cw-65874","name":"Burberry Touch for Women Eau de Parfum 100ml Spray","brand":"Burberry","imageUrls":["https://static.chemistwarehouse.com.au/ams/media/pi/65874/F2D_800.jpg"],"storeId":"chemist-warehouse","packageSize":"","cupPrice":"","categoryIds":["cw-beauty/cw-fragrances"],"locations":{"ALL":{"price":69.99,"discountRate":56,"promo":"","orgPrice":160}},"similarProducts":[]},{"id":"cw-67868","name":"Jimmy Choo Flash 100ml Eau De Parfum Spray","brand":"Jimmy Choo","imageUrls":["https://static.chemistwarehouse.com.au/ams/media/pi/67868/F2D_800.jpg"],"storeId":"chemist-warehouse","packageSize":"","cupPrice":"","categoryIds":["cw-beauty/cw-fragrances"],"locations":{"ALL":{"price":59.99,"discountRate":58,"promo":"","orgPrice":143}},"similarProducts":[]},{"id":"cw-98606","name":"Salvatore Ferragamo Signorina in Fiore Eau De Toilette 100ml Spray","brand":"Salvatore Ferragamo","imageUrls":["https://static.chemistwarehouse.com.au/ams/media/pi/98606/F2D_800.jpg"],"storeId":"chemist-warehouse","packageSize":"","cupPrice":"","categoryIds":["cw-beauty/cw-fragrances"],"locations":{"ALL":{"price":69.99,"discountRate":50,"promo":"","orgPrice":140}},"similarProducts":[]},{"id":"cw-88940","name":"AFL Fragrance West Coast Eagles Eau De Toilette 100ml Spray","brand":"AFL","imageUrls":["https://static.chemistwarehouse.com.au/ams/media/pi/88940/F2D_800.jpg"],"storeId":"chemist-warehouse","packageSize":"","cupPrice":"","categoryIds":["cw-beauty/cw-fragrances"],"locations":{"ALL":{"price":9.99,"discountRate":60,"promo":"","orgPrice":24.99}},"similarProducts":[]},{"id":"cw-66183","name":"Beyonce Pulse Eau de Parfum 100ml Spray","brand":"Beyonce","imageUrls":["https://static.chemistwarehouse.com.au/ams/media/pi/66183/2DF_800.jpg"],"storeId":"chemist-warehouse","packageSize":"","cupPrice":"","categoryIds":["cw-beauty/cw-fragrances"],"locations":{"ALL":{"price":24.99,"discountRate":64,"promo":"","orgPrice":69}},"similarProducts":[]},{"id":"cw-49911","name":"Cacharel Lou Lou Eau De Parfum Spray 30ml","brand":"Cacharel","imageUrls":["https://static.chemistwarehouse.com.au/ams/media/pi/49911/2DF_800.jpg"],"storeId":"chemist-warehouse","packageSize":"","cupPrice":"","categoryIds":["cw-beauty/cw-fragrances"],"locations":{"ALL":{"price":39.99,"discountRate":55,"promo":"","orgPrice":89}},"similarProducts":[]},{"id":"cw-54800","name":"Burberry Brit for Her Eau de Toilette 50ml","brand":"Burberry","imageUrls":["https://static.chemistwarehouse.com.au/ams/media/pi/54800/F2D_800.jpg"],"storeId":"chemist-warehouse","packageSize":"","cupPrice":"","categoryIds":["cw-beauty/cw-fragrances"],"locations":{"ALL":{"price":39.99,"discountRate":60,"promo":"","orgPrice":99}},"similarProducts":[]},{"id":"cw-71734","name":"Bvlgari Pour Femme Eau de Toilette 100ml Spray","brand":"Bvlgari","imageUrls":["https://static.chemistwarehouse.com.au/ams/media/pi/71734/F2D_800.jpg"],"storeId":"chemist-warehouse","packageSize":"","cupPrice":"","categoryIds":["cw-beauty/cw-fragrances"],"locations":{"ALL":{"price":69.99,"discountRate":60,"promo":"","orgPrice":175}},"similarProducts":[]},{"id":"cw-88926","name":"AFL Fragrance Carlton Blues Eau De Toilette 100ml Spray","brand":"AFL","imageUrls":["https://static.chemistwarehouse.com.au/ams/media/pi/88926/F2D_800.jpg"],"storeId":"chemist-warehouse","packageSize":"","cupPrice":"","categoryIds":["cw-beauty/cw-fragrances"],"locations":{"ALL":{"price":9.99,"discountRate":60,"promo":"","orgPrice":24.99}},"similarProducts":[]},{"id":"cw-90234","name":"Disney Tangled 250ml Body Mist","brand":"Disney","imageUrls":["https://static.chemistwarehouse.com.au/ams/media/pi/90234/F2D_800.jpg"],"storeId":"chemist-warehouse","packageSize":"","cupPrice":"","categoryIds":["cw-beauty/cw-fragrances"],"locations":{"ALL":{"price":9.99,"discountRate":50,"promo":"","orgPrice":19.99}},"similarProducts":[]},{"id":"cw-55145","name":"Revlon Fire & Ice 50ml Cologne Spray","brand":"Revlon","imageUrls":["https://static.chemistwarehouse.com.au/ams/media/pi/55145/3DF_800.jpg"],"storeId":"chemist-warehouse","packageSize":"","cupPrice":"","categoryIds":["cw-beauty/cw-fragrances"],"locations":{"ALL":{"price":19.99,"discountRate":67,"promo":"","orgPrice":59.95}},"similarProducts":[]},{"id":"cw-85542","name":"Guerlain Mitsouko Eau de Toilette 50ml Spray Online Only","brand":"Guerlain","imageUrls":["https://static.chemistwarehouse.com.au/ams/media/pi/85542/F2D_800.jpg"],"storeId":"chemist-warehouse","packageSize":"","cupPrice":"","categoryIds":["cw-beauty/cw-fragrances"],"locations":{"ALL":{"price":59.99,"discountRate":55,"promo":"Online Only","orgPrice":134}},"similarProducts":[]},{"id":"cw-62878","name":"Bvlgari Man Eau de Toilette 60ml Spray","brand":"Bvlgari","imageUrls":["https://static.chemistwarehouse.com.au/ams/media/pi/62878/F2D_800.jpg"],"storeId":"chemist-warehouse","packageSize":"","cupPrice":"","categoryIds":["cw-beauty/cw-fragrances"],"locations":{"ALL":{"price":49.99,"discountRate":51,"promo":"","orgPrice":103}},"similarProducts":[]},{"id":"cw-100456","name":"Bvlgari Splendida Magnolia Sensuel Eau De Parfum 100ml","brand":"Bvlgari","imageUrls":["https://static.chemistwarehouse.com.au/ams/media/pi/100456/F2D_800.jpg"],"storeId":"chemist-warehouse","packageSize":"","cupPrice":"","categoryIds":["cw-beauty/cw-fragrances"],"locations":{"ALL":{"price":99.99,"discountRate":53,"promo":"","orgPrice":213}},"similarProducts":[]},{"id":"cw-88937","name":"AFL Fragrance Richmond Tigers Eau De Toilette 100ml Spray","brand":"AFL","imageUrls":["https://static.chemistwarehouse.com.au/ams/media/pi/88937/F2D_800.jpg"],"storeId":"chemist-warehouse","packageSize":"","cupPrice":"","categoryIds":["cw-beauty/cw-fragrances"],"locations":{"ALL":{"price":9.99,"discountRate":60,"promo":"","orgPrice":24.99}},"similarProducts":[]},{"id":"cw-95274","name":"LOL Surprise BFFS 4EVA 250ml Body Mist","brand":"LOL Surprise","imageUrls":["https://static.chemistwarehouse.com.au/ams/media/pi/95274/F2D_800.jpg"],"storeId":"chemist-warehouse","packageSize":"","cupPrice":"","categoryIds":["cw-beauty/cw-fragrances"],"locations":{"ALL":{"price":9.99,"discountRate":50,"promo":"","orgPrice":19.99}},"similarProducts":[]},{"id":"cw-83148","name":"Gina Liano Luminous Eau de Parfum 100ml Spray","brand":"Gina Liano","imageUrls":["https://static.chemistwarehouse.com.au/ams/media/pi/83148/F2D_800.jpg"],"storeId":"chemist-warehouse","packageSize":"","cupPrice":"","categoryIds":["cw-beauty/cw-fragrances"],"locations":{"ALL":{"price":14.99,"discountRate":63,"promo":"","orgPrice":39.99}},"similarProducts":[]},{"id":"cw-93069","name":"Jimmy Choo Illicit Flower Eau de Toilette 100ml","brand":"Jimmy Choo","imageUrls":["https://static.chemistwarehouse.com.au/ams/media/pi/93069/F2D_800.jpg"],"storeId":"chemist-warehouse","packageSize":"","cupPrice":"","categoryIds":["cw-beauty/cw-fragrances"],"locations":{"ALL":{"price":69.99,"discountRate":51,"promo":"","orgPrice":144}},"similarProducts":[]},{"id":"cw-85602","name":"DKNY Golden Delicious Eau de Parfum 100ml Spray","brand":"DKNY","imageUrls":["https://static.chemistwarehouse.com.au/ams/media/pi/85602/F2D_800.jpg"],"storeId":"chemist-warehouse","packageSize":"","cupPrice":"","categoryIds":["cw-beauty/cw-fragrances"],"locations":{"ALL":{"price":49.99,"discountRate":57,"promo":"","orgPrice":115}},"similarProducts":[]},{"id":"cw-53593","name":"Exclamation Cologne Spray 50mL","brand":"Exclamation","imageUrls":["https://static.chemistwarehouse.com.au/ams/media/pi/53593/F2D_800.jpg"],"storeId":"chemist-warehouse","packageSize":"","cupPrice":"","categoryIds":["cw-beauty/cw-fragrances"],"locations":{"ALL":{"price":14.99,"discountRate":50,"promo":"","orgPrice":29.99}},"similarProducts":[]},{"id":"cw-66850","name":"Michael Kors 100ml Eau De Parfum Spray","brand":"Michael Kors","imageUrls":["https://static.chemistwarehouse.com.au/ams/media/pi/66850/F2D_800.jpg"],"storeId":"chemist-warehouse","packageSize":"","cupPrice":"","categoryIds":["cw-beauty/cw-fragrances"],"locations":{"ALL":{"price":89.99,"discountRate":52,"promo":"","orgPrice":189}},"similarProducts":[]},{"id":"cw-88942","name":"NRL Fragrance Brisbane Broncos Eau De Toilette 100ml Spray","brand":"NRL","imageUrls":["https://static.chemistwarehouse.com.au/ams/media/pi/88942/F2D_800.jpg"],"storeId":"chemist-warehouse","packageSize":"","cupPrice":"","categoryIds":["cw-beauty/cw-fragrances"],"locations":{"ALL":{"price":9.99,"discountRate":60,"promo":"","orgPrice":24.99}},"similarProducts":[]},{"id":"cw-100622","name":"Burberry Mr Burberry Eau de Parfum 100ml","brand":"Burberry","imageUrls":["https://static.chemistwarehouse.com.au/ams/media/pi/100622/F2D_800.jpg"],"storeId":"chemist-warehouse","packageSize":"","cupPrice":"","categoryIds":["cw-beauty/cw-fragrances"],"locations":{"ALL":{"price":69.99,"discountRate":50,"promo":"","orgPrice":140}},"similarProducts":[]},{"id":"cw-84937","name":"Burberry My Burberry Eau de Toilette 90ml Spray","brand":"Burberry","imageUrls":["https://static.chemistwarehouse.com.au/ams/media/pi/84937/F2D_800.jpg"],"storeId":"chemist-warehouse","packageSize":"","cupPrice":"","categoryIds":["cw-beauty/cw-fragrances"],"locations":{"ALL":{"price":79.99,"discountRate":57,"promo":"","orgPrice":185}},"similarProducts":[]},{"id":"cw-88939","name":"AFL Fragrance Sydney Swans Eau De Toilette 100ml Spray","brand":"AFL","imageUrls":["https://static.chemistwarehouse.com.au/ams/media/pi/88939/F2D_800.jpg"],"storeId":"chemist-warehouse","packageSize":"","cupPrice":"","categoryIds":["cw-beauty/cw-fragrances"],"locations":{"ALL":{"price":9.99,"discountRate":60,"promo":"","orgPrice":24.99}},"similarProducts":[]},{"id":"cw-71804","name":"Calvin Klein Downtown Eau de Parfum 50ml Spray","brand":"Calvin Klein","imageUrls":["https://static.chemistwarehouse.com.au/ams/media/pi/71804/F2D_800.jpg"],"storeId":"chemist-warehouse","packageSize":"","cupPrice":"","categoryIds":["cw-beauty/cw-fragrances"],"locations":{"ALL":{"price":39.99,"discountRate":56,"promo":"","orgPrice":90}},"similarProducts":[]},{"id":"cw-100066","name":"Issey Miyake Leau Majeure Dissey for Men Eau de Toilette 50mL","brand":"Issey Miyake","imageUrls":["https://static.chemistwarehouse.com.au/ams/media/pi/100066/F2D_800.jpg"],"storeId":"chemist-warehouse","packageSize":"","cupPrice":"","categoryIds":["cw-beauty/cw-fragrances"],"locations":{"ALL":{"price":39.99,"discountRate":64,"promo":"","orgPrice":110}},"similarProducts":[]},{"id":"cw-100453","name":"Acqua Di Parma Peonia Nobile 100ml Online Only","brand":"Aqua Di Parma","imageUrls":["https://static.chemistwarehouse.com.au/ams/media/pi/100453/F2D_800.jpg"],"storeId":"chemist-warehouse","packageSize":"","cupPrice":"","categoryIds":["cw-beauty/cw-fragrances"],"locations":{"ALL":{"price":129.99,"discountRate":50,"promo":"Online Only","orgPrice":258}},"similarProducts":[]},{"id":"cw-71010","name":"Britney Spears Fantasy Naughty Eau De Parfum 100ml","brand":"Britney Spears","imageUrls":["https://static.chemistwarehouse.com.au/ams/media/pi/71010/F2D_800.jpg"],"storeId":"chemist-warehouse","packageSize":"","cupPrice":"","categoryIds":["cw-beauty/cw-fragrances"],"locations":{"ALL":{"price":24.99,"discountRate":58,"promo":"","orgPrice":59}},"similarProducts":[]},{"id":"cw-85790","name":"Bvlgari Man Extreme Eau de Toilette 100ml Spray","brand":"Bvlgari","imageUrls":["https://static.chemistwarehouse.com.au/ams/media/pi/85790/F2D_800.jpg"],"storeId":"chemist-warehouse","packageSize":"","cupPrice":"","categoryIds":["cw-beauty/cw-fragrances"],"locations":{"ALL":{"price":59.99,"discountRate":57,"promo":"","orgPrice":138}},"similarProducts":[]},{"id":"cw-77392","name":"Burberry Body Tender Eau de Toilette 60ml","brand":"Burberry","imageUrls":["https://static.chemistwarehouse.com.au/ams/media/pi/77392/F2D_800.jpg"],"storeId":"chemist-warehouse","packageSize":"","cupPrice":"","categoryIds":["cw-beauty/cw-fragrances"],"locations":{"ALL":{"price":49.99,"discountRate":52,"promo":"","orgPrice":105}},"similarProducts":[]},{"id":"cw-84589","name":"NRL Fragrance Melbourne Storm Eau De Toilette 100ml Spray 2017","brand":"NRL","imageUrls":["https://static.chemistwarehouse.com.au/ams/media/pi/84589/F2D_800.jpg"],"storeId":"chemist-warehouse","packageSize":"","cupPrice":"","categoryIds":["cw-beauty/cw-fragrances"],"locations":{"ALL":{"price":9.99,"discountRate":60,"promo":"","orgPrice":24.99}},"similarProducts":[]},{"id":"cw-100545","name":"Alaia Paris Eau De Parfum 30ml","brand":"Alaia Paris","imageUrls":["https://static.chemistwarehouse.com.au/ams/media/pi/100545/F2D_800.jpg"],"storeId":"chemist-warehouse","packageSize":"","cupPrice":"","categoryIds":["cw-beauty/cw-fragrances"],"locations":{"ALL":{"price":49.99,"discountRate":51,"promo":"","orgPrice":103}},"similarProducts":[]},{"id":"cw-77829","name":"Burberry My Burberry 50ml Eau De Parfum Spray","brand":"Burberry","imageUrls":["https://static.chemistwarehouse.com.au/ams/media/pi/77829/F2D_800.jpg"],"storeId":"chemist-warehouse","packageSize":"","cupPrice":"","categoryIds":["cw-beauty/cw-fragrances"],"locations":{"ALL":{"price":69.99,"discountRate":53,"promo":"","orgPrice":150}},"similarProducts":[]},{"id":"cw-80223","name":"Zipped Man Premier Eau de Toilette 100ml Spray","brand":"Zipped","imageUrls":["https://static.chemistwarehouse.com.au/ams/media/pi/80223/F2D_800.jpg"],"storeId":"chemist-warehouse","packageSize":"","cupPrice":"","categoryIds":["cw-beauty/cw-fragrances"],"locations":{"ALL":{"price":14.99,"discountRate":50,"promo":"","orgPrice":29.99}},"similarProducts":[]},{"id":"cw-69920","name":"Issey Miyake Mens 40ml Eau De Toilette Spray","brand":"Issey Miyake","imageUrls":["https://static.chemistwarehouse.com.au/ams/media/pi/69920/F2D_800.jpg"],"storeId":"chemist-warehouse","packageSize":"","cupPrice":"","categoryIds":["cw-beauty/cw-fragrances"],"locations":{"ALL":{"price":39.99,"discountRate":60,"promo":"","orgPrice":99}},"similarProducts":[]},{"id":"cw-80440","name":"Burberry Mr Burberry 50ml Eau De Toilette Spray","brand":"Burberry","imageUrls":["https://static.chemistwarehouse.com.au/ams/media/pi/80440/F2D_800.jpg"],"storeId":"chemist-warehouse","packageSize":"","cupPrice":"","categoryIds":["cw-beauty/cw-fragrances"],"locations":{"ALL":{"price":39.99,"discountRate":56,"promo":"","orgPrice":90}},"similarProducts":[]},{"id":"cw-59854","name":"Chloe 90ml Eau De Toilette Spray/Body Lotion","brand":"Chloe","imageUrls":["https://static.chemistwarehouse.com.au/ams/media/pi/59854/F2D_800.jpg"],"storeId":"chemist-warehouse","packageSize":"","cupPrice":"","categoryIds":["cw-beauty/cw-fragrances"],"locations":{"ALL":{"price":39.99,"discountRate":75,"promo":"","orgPrice":159}},"similarProducts":[]},{"id":"cw-93437","name":"Burberry The Beat for Men Eau de Toilette 50ml Spray","brand":"Burberry","imageUrls":["https://static.chemistwarehouse.com.au/ams/media/pi/93437/F2D_800.jpg"],"storeId":"chemist-warehouse","packageSize":"","cupPrice":"","categoryIds":["cw-beauty/cw-fragrances"],"locations":{"ALL":{"price":29.99,"discountRate":66,"promo":"","orgPrice":89}},"similarProducts":[]},{"id":"cw-65010","name":"Bvlgari Mon Jasmin Noir 75ml Eau de Parfum","brand":"Bvlgari","imageUrls":["https://static.chemistwarehouse.com.au/ams/media/pi/65010/F2D_800.jpg"],"storeId":"chemist-warehouse","packageSize":"","cupPrice":"","categoryIds":["cw-beauty/cw-fragrances"],"locations":{"ALL":{"price":79.99,"discountRate":53,"promo":"","orgPrice":172}},"similarProducts":[]},{"id":"cw-88928","name":"AFL Fragrance Essendon Bombers Eau De Toilette 100ml Spray","brand":"AFL","imageUrls":["https://static.chemistwarehouse.com.au/ams/media/pi/88928/F2D_800.jpg"],"storeId":"chemist-warehouse","packageSize":"","cupPrice":"","categoryIds":["cw-beauty/cw-fragrances"],"locations":{"ALL":{"price":9.99,"discountRate":60,"promo":"","orgPrice":24.99}},"similarProducts":[]},{"id":"cw-89801","name":"Salvatore Ferragamo Emozione Eau de Parfum 30ml Spray","brand":"Salvatore Ferragamo","imageUrls":["https://static.chemistwarehouse.com.au/ams/media/pi/89801/F2D_800.jpg"],"storeId":"chemist-warehouse","packageSize":"","cupPrice":"","categoryIds":["cw-beauty/cw-fragrances"],"locations":{"ALL":{"price":39.99,"discountRate":51,"promo":"","orgPrice":82}},"similarProducts":[]},{"id":"cw-88944","name":"NRL Fragrance Canterbury Bulldogs Eau De Toilette 100ml Spray","brand":"NRL","imageUrls":["https://static.chemistwarehouse.com.au/ams/media/pi/88944/F2D_800.jpg"],"storeId":"chemist-warehouse","packageSize":"","cupPrice":"","categoryIds":["cw-beauty/cw-fragrances"],"locations":{"ALL":{"price":9.99,"discountRate":60,"promo":"","orgPrice":24.99}},"similarProducts":[]},{"id":"cw-88952","name":"NRL Fragrance Parramatta Eels Eau De Toilette 100ml Spray","brand":"NRL","imageUrls":["https://static.chemistwarehouse.com.au/ams/media/pi/88952/F2D_800.jpg"],"storeId":"chemist-warehouse","packageSize":"","cupPrice":"","categoryIds":["cw-beauty/cw-fragrances"],"locations":{"ALL":{"price":9.99,"discountRate":60,"promo":"","orgPrice":24.99}},"similarProducts":[]},{"id":"cw-83149","name":"Guerlain Champs Elysees Eau De Parfum 75ml Spray","brand":"Guerlain","imageUrls":["https://static.chemistwarehouse.com.au/ams/media/pi/83149/F2D_800.jpg"],"storeId":"chemist-warehouse","packageSize":"","cupPrice":"","categoryIds":["cw-beauty/cw-fragrances"],"locations":{"ALL":{"price":79.99,"discountRate":59,"promo":"","orgPrice":197}},"similarProducts":[]},{"id":"cw-87290","name":"Ralph Lauren Ralph Love Eau De Toilette 100ml Spray","brand":"Ralph Lauren","imageUrls":["https://static.chemistwarehouse.com.au/ams/media/pi/87290/ADD7_800.jpg"],"storeId":"chemist-warehouse","packageSize":"","cupPrice":"","categoryIds":["cw-beauty/cw-fragrances"],"locations":{"ALL":{"price":69.99,"discountRate":53,"promo":"","orgPrice":150}},"similarProducts":[]},{"id":"cw-88949","name":"NRL Fragrance New Zealand Warriors Eau De Toilette 100ml Spray","brand":"NRL","imageUrls":["https://static.chemistwarehouse.com.au/ams/media/pi/88949/F2D_800.jpg"],"storeId":"chemist-warehouse","packageSize":"","cupPrice":"","categoryIds":["cw-beauty/cw-fragrances"],"locations":{"ALL":{"price":9.99,"discountRate":60,"promo":"","orgPrice":24.99}},"similarProducts":[]},{"id":"cw-81814","name":"Gina Liano Fearless Eau de Parfum 100ml Spray","brand":"Gina Liano","imageUrls":["https://static.chemistwarehouse.com.au/ams/media/pi/81814/F2D_800.jpg"],"storeId":"chemist-warehouse","packageSize":"","cupPrice":"","categoryIds":["cw-beauty/cw-fragrances"],"locations":{"ALL":{"price":14.99,"discountRate":63,"promo":"","orgPrice":39.99}},"similarProducts":[]},{"id":"cw-100621","name":"Burberry My Burberry Black Eau de Parfum 90ml","brand":"Burberry","imageUrls":["https://static.chemistwarehouse.com.au/ams/media/pi/100621/F2D_800.jpg"],"storeId":"chemist-warehouse","packageSize":"","cupPrice":"","categoryIds":["cw-beauty/cw-fragrances"],"locations":{"ALL":{"price":109.99,"discountRate":50,"promo":"","orgPrice":220}},"similarProducts":[]},{"id":"cw-94108","name":"Issey Miyake for Women Summer Edition Eau de Toilette 100ml","brand":"Issey Miyake","imageUrls":["https://static.chemistwarehouse.com.au/ams/media/pi/94108/F2D_800.jpg"],"storeId":"chemist-warehouse","packageSize":"","cupPrice":"","categoryIds":["cw-beauty/cw-fragrances"],"locations":{"ALL":{"price":49.99,"discountRate":51,"promo":"","orgPrice":102}},"similarProducts":[]},{"id":"cw-88947","name":"NRL Fragrance Manly Warringah Sea Eagles Eau De Toilette 100ml Spray","brand":"NRL","imageUrls":["https://static.chemistwarehouse.com.au/ams/media/pi/88947/F2D_800.jpg"],"storeId":"chemist-warehouse","packageSize":"","cupPrice":"","categoryIds":["cw-beauty/cw-fragrances"],"locations":{"ALL":{"price":9.99,"discountRate":60,"promo":"","orgPrice":24.99}},"similarProducts":[]},{"id":"cw-88955","name":"NRL Fragrance St George Illawarra Dragons Eau De Toilette 100ml Spray","brand":"NRL","imageUrls":["https://static.chemistwarehouse.com.au/ams/media/pi/88955/F2D_800.jpg"],"storeId":"chemist-warehouse","packageSize":"","cupPrice":"","categoryIds":["cw-beauty/cw-fragrances"],"locations":{"ALL":{"price":9.99,"discountRate":60,"promo":"","orgPrice":24.99}},"similarProducts":[]},{"id":"cw-100156","name":"Nautica Blue Sail Eau De Toilette 100ml","brand":"Nautica","imageUrls":["https://static.chemistwarehouse.com.au/ams/media/pi/100156/F2D_800.jpg"],"storeId":"chemist-warehouse","packageSize":"","cupPrice":"","categoryIds":["cw-beauty/cw-fragrances"],"locations":{"ALL":{"price":29.99,"discountRate":57,"promo":"","orgPrice":69}},"similarProducts":[]},{"id":"cw-88930","name":"AFL Fragrance Geelong Cats Eau De Toilette 100ml Spray","brand":"AFL","imageUrls":["https://static.chemistwarehouse.com.au/ams/media/pi/88930/F2D_800.jpg"],"storeId":"chemist-warehouse","packageSize":"","cupPrice":"","categoryIds":["cw-beauty/cw-fragrances"],"locations":{"ALL":{"price":9.99,"discountRate":60,"promo":"","orgPrice":24.99}},"similarProducts":[]},{"id":"cw-53798","name":"Cacharel Lou Lou Eau De Parfum 50ml Spray","brand":"Cacharel","imageUrls":["https://static.chemistwarehouse.com.au/ams/media/pi/53798/2DF_800.jpg"],"storeId":"chemist-warehouse","packageSize":"","cupPrice":"","categoryIds":["cw-beauty/cw-fragrances"],"locations":{"ALL":{"price":49.99,"discountRate":60,"promo":"","orgPrice":125}},"similarProducts":[]},{"id":"cw-84575","name":"AFL Fragrance Melbourne Demons Football Club Eau De Toilette 100ml Spray 2017","brand":"AFL","imageUrls":["https://static.chemistwarehouse.com.au/ams/media/pi/84575/F2D_800.jpg"],"storeId":"chemist-warehouse","packageSize":"","cupPrice":"","categoryIds":["cw-beauty/cw-fragrances"],"locations":{"ALL":{"price":9.99,"discountRate":60,"promo":"","orgPrice":24.99}},"similarProducts":[]},{"id":"cw-77684","name":"Issey Miyake L Eau d Issey Florale 90ml Eau de Toilette","brand":"Issey Miyake","imageUrls":["https://static.chemistwarehouse.com.au/ams/media/pi/77684/F2D_800.jpg"],"storeId":"chemist-warehouse","packageSize":"","cupPrice":"","categoryIds":["cw-beauty/cw-fragrances"],"locations":{"ALL":{"price":69.99,"discountRate":59,"promo":"","orgPrice":170}},"similarProducts":[]},{"id":"cw-84574","name":"AFL Fragrance Hawthorn Hawks Football Club Eau De Toilette 100ml Spray 2017","brand":"AFL","imageUrls":["https://static.chemistwarehouse.com.au/ams/media/pi/84574/F2D_800.jpg"],"storeId":"chemist-warehouse","packageSize":"","cupPrice":"","categoryIds":["cw-beauty/cw-fragrances"],"locations":{"ALL":{"price":9.99,"discountRate":60,"promo":"","orgPrice":24.99}},"similarProducts":[]},{"id":"cw-91023","name":"Guerlain LHomme Ideal Cologne Eau De Toilette 50ml Spray","brand":"Guerlain","imageUrls":["https://static.chemistwarehouse.com.au/ams/media/pi/91023/F2D_800.jpg"],"storeId":"chemist-warehouse","packageSize":"","cupPrice":"","categoryIds":["cw-beauty/cw-fragrances"],"locations":{"ALL":{"price":29.99,"discountRate":68,"promo":"","orgPrice":94}},"similarProducts":[]},{"id":"cw-80224","name":"Zipped Man Rebel Eau de Toilette 100ml Spray","brand":"Zipped","imageUrls":["https://static.chemistwarehouse.com.au/ams/media/pi/80224/F2D_800.jpg"],"storeId":"chemist-warehouse","packageSize":"","cupPrice":"","categoryIds":["cw-beauty/cw-fragrances"],"locations":{"ALL":{"price":14.99,"discountRate":50,"promo":"","orgPrice":29.99}},"similarProducts":[]},{"id":"cw-101930","name":"Le Jardin Eau de Parfum 50ml","brand":"Le Jardin","imageUrls":["https://static.chemistwarehouse.com.au/ams/media/pi/101930/F2D_800.jpg"],"storeId":"chemist-warehouse","packageSize":"","cupPrice":"","categoryIds":["cw-beauty/cw-fragrances"],"locations":{"ALL":{"price":19.99,"discountRate":59,"promo":"","orgPrice":49}},"similarProducts":[]},{"id":"cw-55413","name":"Parfum Dor Eau de Toilette 100ml Spray","brand":"Parfum Dor","imageUrls":["https://static.chemistwarehouse.com.au/ams/media/pi/55413/F2D_800.jpg"],"storeId":"chemist-warehouse","packageSize":"","cupPrice":"","categoryIds":["cw-beauty/cw-fragrances"],"locations":{"ALL":{"price":19.99,"discountRate":50,"promo":"","orgPrice":40}},"similarProducts":[]},{"id":"cw-100457","name":"Bvlgari Splendida Tubereuse Mystique Eau De Parfum 100ml","brand":"Bvlgari","imageUrls":["https://static.chemistwarehouse.com.au/ams/media/pi/100457/F2D_800.jpg"],"storeId":"chemist-warehouse","packageSize":"","cupPrice":"","categoryIds":["cw-beauty/cw-fragrances"],"locations":{"ALL":{"price":99.99,"discountRate":53,"promo":"","orgPrice":213}},"similarProducts":[]},{"id":"cw-88954","name":"NRL Fragrance South Sydney Rabbitohs Eau De Toilette 100ml Spray","brand":"NRL","imageUrls":["https://static.chemistwarehouse.com.au/ams/media/pi/88954/F2D_800.jpg"],"storeId":"chemist-warehouse","packageSize":"","cupPrice":"","categoryIds":["cw-beauty/cw-fragrances"],"locations":{"ALL":{"price":9.99,"discountRate":60,"promo":"","orgPrice":24.99}},"similarProducts":[]},{"id":"cw-99324","name":"Mont Blanc Presence Eau de Toilette 50ml","brand":"Mont Blanc","imageUrls":["https://static.chemistwarehouse.com.au/ams/media/pi/99324/F2D_800.jpg"],"storeId":"chemist-warehouse","packageSize":"","cupPrice":"","categoryIds":["cw-beauty/cw-fragrances"],"locations":{"ALL":{"price":29.99,"discountRate":77,"promo":"","orgPrice":130}},"similarProducts":[]},{"id":"cw-88948","name":"NRL Fragrance Melbourne Storm Eau De Toilette 100ml Spray","brand":"NRL","imageUrls":["https://static.chemistwarehouse.com.au/ams/media/pi/88948/F2D_800.jpg"],"storeId":"chemist-warehouse","packageSize":"","cupPrice":"","categoryIds":["cw-beauty/cw-fragrances"],"locations":{"ALL":{"price":9.99,"discountRate":60,"promo":"","orgPrice":24.99}},"similarProducts":[]},{"id":"cw-87186","name":"Salvatore Ferragamo Incanto for Women Eau de Parfum 100ml Spray","brand":"Salvatore Ferragamo","imageUrls":["https://static.chemistwarehouse.com.au/ams/media/pi/87186/F2D_800.jpg"],"storeId":"chemist-warehouse","packageSize":"","cupPrice":"","categoryIds":["cw-beauty/cw-fragrances"],"locations":{"ALL":{"price":49.99,"discountRate":70,"promo":"","orgPrice":168}},"similarProducts":[]},{"id":"cw-92222","name":"Bvlgari Man Black Eau De Toilette 60ml Spray","brand":"Bvlgari","imageUrls":["https://static.chemistwarehouse.com.au/ams/media/pi/92222/F2D_800.jpg"],"storeId":"chemist-warehouse","packageSize":"","cupPrice":"","categoryIds":["cw-beauty/cw-fragrances"],"locations":{"ALL":{"price":49.99,"discountRate":50,"promo":"","orgPrice":100}},"similarProducts":[]},{"id":"cw-91897","name":"Lanvin Eclat DArpege Eau de Parfum 30ml Spray","brand":"Lanvin","imageUrls":["https://static.chemistwarehouse.com.au/ams/media/pi/91897/F2D_800.jpg"],"storeId":"chemist-warehouse","packageSize":"","cupPrice":"","categoryIds":["cw-beauty/cw-fragrances"],"locations":{"ALL":{"price":39.99,"discountRate":50,"promo":"","orgPrice":80}},"similarProducts":[]},{"id":"cw-95275","name":"LOL Surprise Silver Lightening 250ml Body Mist","brand":"LOL Surprise","imageUrls":["https://static.chemistwarehouse.com.au/ams/media/pi/95275/F2D_800.jpg"],"storeId":"chemist-warehouse","packageSize":"","cupPrice":"","categoryIds":["cw-beauty/cw-fragrances"],"locations":{"ALL":{"price":9.99,"discountRate":50,"promo":"","orgPrice":19.99}},"similarProducts":[]},{"id":"cw-64028","name":"Bvlgari Mon Jasmin Noir 50ml Eau de Parfum","brand":"Bvlgari","imageUrls":["https://static.chemistwarehouse.com.au/ams/media/pi/64028/F2D_800.jpg"],"storeId":"chemist-warehouse","packageSize":"","cupPrice":"","categoryIds":["cw-beauty/cw-fragrances"],"locations":{"ALL":{"price":59.99,"discountRate":56,"promo":"","orgPrice":137}},"similarProducts":[]},{"id":"cw-88950","name":"NRL Fragrance Newcastle Knights Eau De Toilette 100ml Spray","brand":"NRL","imageUrls":["https://static.chemistwarehouse.com.au/ams/media/pi/88950/F2D_800.jpg"],"storeId":"chemist-warehouse","packageSize":"","cupPrice":"","categoryIds":["cw-beauty/cw-fragrances"],"locations":{"ALL":{"price":9.99,"discountRate":60,"promo":"","orgPrice":24.99}},"similarProducts":[]},{"id":"cw-90231","name":"Disney Beauty And The Beast 250ml Body Mist","brand":"Disney","imageUrls":["https://static.chemistwarehouse.com.au/ams/media/pi/90231/F2D_800.jpg"],"storeId":"chemist-warehouse","packageSize":"","cupPrice":"","categoryIds":["cw-beauty/cw-fragrances"],"locations":{"ALL":{"price":9.99,"discountRate":50,"promo":"","orgPrice":19.99}},"similarProducts":[]},{"id":"cw-88945","name":"NRL Fragrance Cronulla Sutherland Sharks Eau De Toilette 100ml Spray","brand":"NRL","imageUrls":["https://static.chemistwarehouse.com.au/ams/media/pi/88945/F2D_800.jpg"],"storeId":"chemist-warehouse","packageSize":"","cupPrice":"","categoryIds":["cw-beauty/cw-fragrances"],"locations":{"ALL":{"price":9.99,"discountRate":60,"promo":"","orgPrice":24.99}},"similarProducts":[]},{"id":"cw-84571","name":"AFL Fragrance Geelong Cats Football Club Eau De Toilette 100ml Spray 2017","brand":"AFL","imageUrls":["https://static.chemistwarehouse.com.au/ams/media/pi/84571/F2D_800.jpg"],"storeId":"chemist-warehouse","packageSize":"","cupPrice":"","categoryIds":["cw-beauty/cw-fragrances"],"locations":{"ALL":{"price":9.99,"discountRate":60,"promo":"","orgPrice":24.99}},"similarProducts":[]},{"id":"cw-82120","name":"Britney Spears Hidden Fantasy Eau de Parfum 100ml Spray","brand":"Britney Spears","imageUrls":["https://static.chemistwarehouse.com.au/ams/media/pi/82120/F2D_800.jpg"],"storeId":"chemist-warehouse","packageSize":"","cupPrice":"","categoryIds":["cw-beauty/cw-fragrances"],"locations":{"ALL":{"price":29.99,"discountRate":62,"promo":"","orgPrice":79}},"similarProducts":[]},{"id":"cw-93934","name":"Abercrombie & Fitch First Instinct Woman Eau de Parfum 50ml","brand":"Abercrombie  Fitch","imageUrls":["https://static.chemistwarehouse.com.au/ams/media/pi/93934/F2D_800.jpg"],"storeId":"chemist-warehouse","packageSize":"","cupPrice":"","categoryIds":["cw-beauty/cw-fragrances"],"locations":{"ALL":{"price":29.99,"discountRate":66,"promo":"","orgPrice":87}},"similarProducts":[]},{"id":"cw-88957","name":"NRL Fragrance West Tigers Eau De Toilette 100ml Spray","brand":"NRL","imageUrls":["https://static.chemistwarehouse.com.au/ams/media/pi/88957/F2D_800.jpg"],"storeId":"chemist-warehouse","packageSize":"","cupPrice":"","categoryIds":["cw-beauty/cw-fragrances"],"locations":{"ALL":{"price":9.99,"discountRate":60,"promo":"","orgPrice":24.99}},"similarProducts":[]},{"id":"cw-64977","name":"Britney Spears Cosmic Radiance Eau de Parfum 30ml","brand":"Britney Spears","imageUrls":["https://static.chemistwarehouse.com.au/ams/media/pi/64977/F2D_800.jpg"],"storeId":"chemist-warehouse","packageSize":"","cupPrice":"","categoryIds":["cw-beauty/cw-fragrances"],"locations":{"ALL":{"price":14.99,"discountRate":69,"promo":"","orgPrice":49}},"similarProducts":[]},{"id":"cw-101110","name":"Bvlgari Goldea The Roman Night Eau De Parfum 50ml","brand":"Bvlgari","imageUrls":["https://static.chemistwarehouse.com.au/ams/media/pi/101110/F2D_800.jpg"],"storeId":"chemist-warehouse","packageSize":"","cupPrice":"","categoryIds":["cw-beauty/cw-fragrances"],"locations":{"ALL":{"price":69.99,"discountRate":53,"promo":"","orgPrice":149}},"similarProducts":[]},{"id":"cw-71707","name":"Burberry Brit Rhythm for Her Eau de Toilette 50ml","brand":"Burberry","imageUrls":["https://static.chemistwarehouse.com.au/ams/media/pi/71707/F2D_800.jpg"],"storeId":"chemist-warehouse","packageSize":"","cupPrice":"","categoryIds":["cw-beauty/cw-fragrances"],"locations":{"ALL":{"price":49.99,"discountRate":50,"promo":"","orgPrice":99}},"similarProducts":[]},{"id":"cw-91941","name":"Burberry Body Eau de Toilette 60ml Spray","brand":"Burberry","imageUrls":["https://static.chemistwarehouse.com.au/ams/media/pi/91941/F2D_800.jpg"],"storeId":"chemist-warehouse","packageSize":"","cupPrice":"","categoryIds":["cw-beauty/cw-fragrances"],"locations":{"ALL":{"price":44.99,"discountRate":57,"promo":"","orgPrice":105}},"similarProducts":[]},{"id":"cw-88951","name":"NRL Fragrance North Queensland Cowboys Eau De Toilette 100ml Spray","brand":"NRL","imageUrls":["https://static.chemistwarehouse.com.au/ams/media/pi/88951/F2D_800.jpg"],"storeId":"chemist-warehouse","packageSize":"","cupPrice":"","categoryIds":["cw-beauty/cw-fragrances"],"locations":{"ALL":{"price":9.99,"discountRate":60,"promo":"","orgPrice":24.99}},"similarProducts":[]},{"id":"cw-88938","name":"AFL Fragrance St Kilda Saints Eau De Toilette 100ml Spray","brand":"AFL","imageUrls":["https://static.chemistwarehouse.com.au/ams/media/pi/88938/F2D_800.jpg"],"storeId":"chemist-warehouse","packageSize":"","cupPrice":"","categoryIds":["cw-beauty/cw-fragrances"],"locations":{"ALL":{"price":9.99,"discountRate":60,"promo":"","orgPrice":24.99}},"similarProducts":[]},{"id":"cw-73170","name":"Calvin Klein Downtown Eau de Parfum 90ml Spray","brand":"Calvin Klein","imageUrls":["https://static.chemistwarehouse.com.au/ams/media/pi/73170/F2D_800.jpg"],"storeId":"chemist-warehouse","packageSize":"","cupPrice":"","categoryIds":["cw-beauty/cw-fragrances"],"locations":{"ALL":{"price":49.99,"discountRate":58,"promo":"","orgPrice":120}},"similarProducts":[]},{"id":"cw-78552","name":"Versus Eau de Toilette 30ml","brand":"Versace","imageUrls":["https://static.chemistwarehouse.com.au/ams/media/pi/78552/F2D_800.jpg"],"storeId":"chemist-warehouse","packageSize":"","cupPrice":"","categoryIds":["cw-beauty/cw-fragrances"],"locations":{"ALL":{"price":29.99,"discountRate":57,"promo":"","orgPrice":69}},"similarProducts":[]},{"id":"cw-99164","name":"Disney Frozen 2 250ml Body Mist","brand":"Disney","imageUrls":["https://static.chemistwarehouse.com.au/ams/media/pi/99164/F2D_800.jpg"],"storeId":"chemist-warehouse","packageSize":"","cupPrice":"","categoryIds":["cw-beauty/cw-fragrances"],"locations":{"ALL":{"price":9.99,"discountRate":50,"promo":"","orgPrice":19.99}},"similarProducts":[]},{"id":"cw-88929","name":"AFL Fragrance Fremantle Dockers Eau De Toilette 100ml Spray","brand":"AFL","imageUrls":["https://static.chemistwarehouse.com.au/ams/media/pi/88929/F2D_800.jpg"],"storeId":"chemist-warehouse","packageSize":"","cupPrice":"","categoryIds":["cw-beauty/cw-fragrances"],"locations":{"ALL":{"price":9.99,"discountRate":60,"promo":"","orgPrice":24.99}},"similarProducts":[]},{"id":"cw-84582","name":"AFL Fragrance Western Bulldogs Football Club Eau De Toilette 100ml Spray 2017","brand":"AFL","imageUrls":["https://static.chemistwarehouse.com.au/ams/media/pi/84582/F2D_800.jpg"],"storeId":"chemist-warehouse","packageSize":"","cupPrice":"","categoryIds":["cw-beauty/cw-fragrances"],"locations":{"ALL":{"price":9.99,"discountRate":60,"promo":"","orgPrice":24.99}},"similarProducts":[]},{"id":"cw-84570","name":"AFL Fragrance Fremantle Dockers Football Club Eau De Toilette 100ml Spray 2017","brand":"AFL","imageUrls":["https://static.chemistwarehouse.com.au/ams/media/pi/84570/F2D_800.jpg"],"storeId":"chemist-warehouse","packageSize":"","cupPrice":"","categoryIds":["cw-beauty/cw-fragrances"],"locations":{"ALL":{"price":9.99,"discountRate":60,"promo":"","orgPrice":24.99}},"similarProducts":[]},{"id":"cw-84587","name":"NRL Fragrance Gold Coast Titans Eau De Toilette 100ml Spray 2017","brand":"NRL","imageUrls":["https://static.chemistwarehouse.com.au/ams/media/pi/84587/F2D_800.jpg"],"storeId":"chemist-warehouse","packageSize":"","cupPrice":"","categoryIds":["cw-beauty/cw-fragrances"],"locations":{"ALL":{"price":9.99,"discountRate":60,"promo":"","orgPrice":24.99}},"similarProducts":[]},{"id":"cw-98694","name":"Jojo Siwa Dream 250ml Body Mist","brand":"Jojo Siwa","imageUrls":["https://static.chemistwarehouse.com.au/ams/media/pi/98694/F2D_800.jpg"],"storeId":"chemist-warehouse","packageSize":"","cupPrice":"","categoryIds":["cw-beauty/cw-fragrances"],"locations":{"ALL":{"price":9.99,"discountRate":50,"promo":"","orgPrice":19.99}},"similarProducts":[]},{"id":"cw-84579","name":"AFL Fragrance St Kilda Saints Football Club Eau De Toilette 100ml Spray 2017","brand":"AFL","imageUrls":["https://static.chemistwarehouse.com.au/ams/media/pi/84579/F2D_800.jpg"],"storeId":"chemist-warehouse","packageSize":"","cupPrice":"","categoryIds":["cw-beauty/cw-fragrances"],"locations":{"ALL":{"price":9.99,"discountRate":60,"promo":"","orgPrice":24.99}},"similarProducts":[]},{"id":"cw-80222","name":"Zipped Man Apollo Eau de Toilette 100ml Spray","brand":"Zipped","imageUrls":["https://static.chemistwarehouse.com.au/ams/media/pi/80222/F2D_800.jpg"],"storeId":"chemist-warehouse","packageSize":"","cupPrice":"","categoryIds":["cw-beauty/cw-fragrances"],"locations":{"ALL":{"price":14.99,"discountRate":50,"promo":"","orgPrice":29.99}},"similarProducts":[]},{"id":"cw-88956","name":"NRL Fragrance Sydney Roosters Eau De Toilette 100ml Spray","brand":"NRL","imageUrls":["https://static.chemistwarehouse.com.au/ams/media/pi/88956/F2D_800.jpg"],"storeId":"chemist-warehouse","packageSize":"","cupPrice":"","categoryIds":["cw-beauty/cw-fragrances"],"locations":{"ALL":{"price":9.99,"discountRate":60,"promo":"","orgPrice":24.99}},"similarProducts":[]},{"id":"cw-80380","name":"AFL Fragrance Fremantle Dockers Football Club","brand":"AFL","imageUrls":["https://static.chemistwarehouse.com.au/ams/media/pi/80380/F2D_800.jpg"],"storeId":"chemist-warehouse","packageSize":"","cupPrice":"","categoryIds":["cw-beauty/cw-fragrances"],"locations":{"ALL":{"price":4.99,"discountRate":83,"promo":"","orgPrice":29.99}},"similarProducts":[]},{"id":"cw-90230","name":"Disney Aladdin 250ml Body Mist","brand":"Disney","imageUrls":["https://static.chemistwarehouse.com.au/ams/media/pi/90230/F2D_800.jpg"],"storeId":"chemist-warehouse","packageSize":"","cupPrice":"","categoryIds":["cw-beauty/cw-fragrances"],"locations":{"ALL":{"price":9.99,"discountRate":50,"promo":"","orgPrice":19.99}},"similarProducts":[]},{"id":"cw-90235","name":"Disney The Little Mermaid 250ml Body Mist","brand":"Disney","imageUrls":["https://static.chemistwarehouse.com.au/ams/media/pi/90235/F2D_800.jpg"],"storeId":"chemist-warehouse","packageSize":"","cupPrice":"","categoryIds":["cw-beauty/cw-fragrances"],"locations":{"ALL":{"price":9.99,"discountRate":50,"promo":"","orgPrice":19.99}},"similarProducts":[]},{"id":"cw-80225","name":"Zipped Man Soho Noir Eau de Toilette 100ml Spray","brand":"Zipped","imageUrls":["https://static.chemistwarehouse.com.au/ams/media/pi/80225/F2D_800.jpg"],"storeId":"chemist-warehouse","packageSize":"","cupPrice":"","categoryIds":["cw-beauty/cw-fragrances"],"locations":{"ALL":{"price":14.99,"discountRate":50,"promo":"","orgPrice":29.99}},"similarProducts":[]},{"id":"cw-73376","name":"Lady Gaga Eau De Gaga 75ml Eau De Parfum Spray","brand":"Lady Gaga","imageUrls":["https://static.chemistwarehouse.com.au/ams/media/pi/73376/F2D_800.jpg"],"storeId":"chemist-warehouse","packageSize":"","cupPrice":"","categoryIds":["cw-beauty/cw-fragrances"],"locations":{"ALL":{"price":14.99,"discountRate":78,"promo":"","orgPrice":69}},"similarProducts":[]},{"id":"cw-69607","name":"Taylor Swift Taylor 100ml Eau De Parfum Spray","brand":"Taylor Swift","imageUrls":["https://static.chemistwarehouse.com.au/ams/media/pi/69607/F2D_800.jpg"],"storeId":"chemist-warehouse","packageSize":"","cupPrice":"","categoryIds":["cw-beauty/cw-fragrances"],"locations":{"ALL":{"price":29.99,"discountRate":62,"promo":"","orgPrice":79}},"similarProducts":[]},{"id":"cw-77391","name":"Lanvin Eclat DArpege Eau de Parfum 100ml Spray","brand":"Lanvin","imageUrls":["https://static.chemistwarehouse.com.au/ams/media/pi/77391/F2D_800.jpg"],"storeId":"chemist-warehouse","packageSize":"","cupPrice":"","categoryIds":["cw-beauty/cw-fragrances"],"locations":{"ALL":{"price":59.99,"discountRate":60,"promo":"","orgPrice":150}},"similarProducts":[]},{"id":"cw-40004","name":"Chloe Eau De Toilette Spray 90mL","brand":"Chloe","imageUrls":["https://static.chemistwarehouse.com.au/ams/media/pi/40004/F2D_800.jpg"],"storeId":"chemist-warehouse","packageSize":"","cupPrice":"","categoryIds":["cw-beauty/cw-fragrances"],"locations":{"ALL":{"price":39.99,"discountRate":73,"promo":"","orgPrice":149}},"similarProducts":[]},{"id":"cw-88933","name":"AFL Fragrance Hawthorn Hawks Eau De Toilette 100ml Spray","brand":"AFL","imageUrls":["https://static.chemistwarehouse.com.au/ams/media/pi/88933/F2D_800.jpg"],"storeId":"chemist-warehouse","packageSize":"","cupPrice":"","categoryIds":["cw-beauty/cw-fragrances"],"locations":{"ALL":{"price":9.99,"discountRate":60,"promo":"","orgPrice":24.99}},"similarProducts":[]},{"id":"cw-89488","name":"Guerlain Vetiver Eau de Toilette 100ml Spray Online Only","brand":"Guerlain","imageUrls":["https://static.chemistwarehouse.com.au/ams/media/pi/89488/F2D_800.jpg"],"storeId":"chemist-warehouse","packageSize":"","cupPrice":"","categoryIds":["cw-beauty/cw-fragrances"],"locations":{"ALL":{"price":59.99,"discountRate":58,"promo":"Online Only","orgPrice":144}},"similarProducts":[]},{"id":"cw-78996","name":"Juicy Couture Couture Couture Eau de Parfum 100ml Spray","brand":"Juicy Couture","imageUrls":["https://static.chemistwarehouse.com.au/ams/media/pi/78996/F2D_800.jpg"],"storeId":"chemist-warehouse","packageSize":"","cupPrice":"","categoryIds":["cw-beauty/cw-fragrances"],"locations":{"ALL":{"price":49.99,"discountRate":55,"promo":"","orgPrice":110}},"similarProducts":[]},{"id":"cw-69599","name":"Justin Bieber The Key 50ml Eau De Parfum Spray","brand":"Justin Bieber","imageUrls":["https://static.chemistwarehouse.com.au/ams/media/pi/69599/F2D_800.jpg"],"storeId":"chemist-warehouse","packageSize":"","cupPrice":"","categoryIds":["cw-beauty/cw-fragrances"],"locations":{"ALL":{"price":14.99,"discountRate":75,"promo":"","orgPrice":59}},"similarProducts":[]},{"id":"cw-100805","name":"Giorgio Armani Acqua Di Gioia Eau De Toilette 50ml","brand":"Giorgio Armani","imageUrls":["https://static.chemistwarehouse.com.au/ams/media/pi/100805/F2D_800.jpg"],"storeId":"chemist-warehouse","packageSize":"","cupPrice":"","categoryIds":["cw-beauty/cw-fragrances"],"locations":{"ALL":{"price":49.99,"discountRate":55,"promo":"","orgPrice":110}},"similarProducts":[]},{"id":"cw-49906","name":"Lanvin Arpege Lanvin Eclat D'Arpege Eau de Toilette Spray 30mlÂ Â Â ","brand":"Lanvin","imageUrls":["https://static.chemistwarehouse.com.au/ams/media/pi/49906/F2D_800.jpg"],"storeId":"chemist-warehouse","packageSize":"","cupPrice":"","categoryIds":["cw-beauty/cw-fragrances"],"locations":{"ALL":{"price":29.99,"discountRate":59,"promo":"","orgPrice":74}},"similarProducts":[]},{"id":"cw-100807","name":"Issey Miyake Leau DIssey Pure Eau De Parfum 90ml","brand":"Issey Miyake","imageUrls":["https://static.chemistwarehouse.com.au/ams/media/pi/100807/F2D_800.jpg"],"storeId":"chemist-warehouse","packageSize":"","cupPrice":"","categoryIds":["cw-beauty/cw-fragrances"],"locations":{"ALL":{"price":69.99,"discountRate":62,"promo":"","orgPrice":184}},"similarProducts":[]},{"id":"cw-57917","name":"Bvlgari Omnia Amethyst Eau De Toilette 40ml Spray","brand":"Bvlgari","imageUrls":["https://static.chemistwarehouse.com.au/ams/media/pi/57917/F2D_800.jpg"],"storeId":"chemist-warehouse","packageSize":"","cupPrice":"","categoryIds":["cw-beauty/cw-fragrances"],"locations":{"ALL":{"price":49.99,"discountRate":50,"promo":"","orgPrice":99}},"similarProducts":[]},{"id":"cw-100996","name":"Disney Princesses Snow White Eau de Toilette 50ml Spray","brand":"Disney","imageUrls":[],"storeId":"chemist-warehouse","packageSize":"","cupPrice":"","categoryIds":["cw-beauty/cw-fragrances"],"locations":{"ALL":{"price":4.99,"discountRate":67,"promo":"","orgPrice":14.99}},"similarProducts":[]},{"id":"cw-93933","name":"Abercrombie & Fitch First Instinct Man Eau de Toilette 30ml","brand":"Abercrombie  Fitch","imageUrls":["https://static.chemistwarehouse.com.au/ams/media/pi/93933/F2D_800.jpg"],"storeId":"chemist-warehouse","packageSize":"","cupPrice":"","categoryIds":["cw-beauty/cw-fragrances"],"locations":{"ALL":{"price":19.99,"discountRate":66,"promo":"","orgPrice":59}},"similarProducts":[]},{"id":"cw-57685","name":"Tuscany Eau de Toilette 100ml Spray","brand":"Tuscany","imageUrls":["https://static.chemistwarehouse.com.au/ams/media/pi/57685/F2D_800.jpg"],"storeId":"chemist-warehouse","packageSize":"","cupPrice":"","categoryIds":["cw-beauty/cw-fragrances"],"locations":{"ALL":{"price":49.99,"discountRate":55,"promo":"","orgPrice":110}},"similarProducts":[]},{"id":"cw-90064","name":"Nina Ricci LExtase Caresse de Roses Eau de Parfum 80ml Spray","brand":"Nina Ricci","imageUrls":["https://static.chemistwarehouse.com.au/ams/media/pi/90064/F2D_800.jpg"],"storeId":"chemist-warehouse","packageSize":"","cupPrice":"","categoryIds":["cw-beauty/cw-fragrances"],"locations":{"ALL":{"price":39.99,"discountRate":71,"promo":"","orgPrice":140}},"similarProducts":[]},{"id":"cw-64979","name":"Britney Spears Cosmic Radiance Eau de Parfum 100ml","brand":"Britney Spears","imageUrls":["https://static.chemistwarehouse.com.au/ams/media/pi/64979/F2D_800.jpg"],"storeId":"chemist-warehouse","packageSize":"","cupPrice":"","categoryIds":["cw-beauty/cw-fragrances"],"locations":{"ALL":{"price":19.99,"discountRate":78,"promo":"","orgPrice":89}},"similarProducts":[]},{"id":"cw-52332","name":"Bvlgari Pour Femme Eau de Parfum Spray 50mL","brand":"Bvlgari","imageUrls":["https://static.chemistwarehouse.com.au/ams/media/pi/52332/F2D_800.jpg"],"storeId":"chemist-warehouse","packageSize":"","cupPrice":"","categoryIds":["cw-beauty/cw-fragrances"],"locations":{"ALL":{"price":59.99,"discountRate":56,"promo":"","orgPrice":136}},"similarProducts":[]},{"id":"cw-66223","name":"Roberto Cavalli for Women Eau de Parfum 30ml Spray","brand":"Roberto Cavalli","imageUrls":["https://static.chemistwarehouse.com.au/ams/media/pi/66223/F2D_800.jpg"],"storeId":"chemist-warehouse","packageSize":"","cupPrice":"","categoryIds":["cw-beauty/cw-fragrances"],"locations":{"ALL":{"price":39.99,"discountRate":50,"promo":"","orgPrice":80}},"similarProducts":[]},{"id":"cw-84116","name":"Abercrombie & Fitch First Instinct Man Eau de Toilette 50ml","brand":"Abercrombie  Fitch","imageUrls":["https://static.chemistwarehouse.com.au/ams/media/pi/84116/F2D_800.jpg"],"storeId":"chemist-warehouse","packageSize":"","cupPrice":"","categoryIds":["cw-beauty/cw-fragrances"],"locations":{"ALL":{"price":29.99,"discountRate":64,"promo":"","orgPrice":83}},"similarProducts":[]},{"id":"cw-76369","name":"AFL Fragrance Essendon Football Club","brand":"AFL","imageUrls":["https://static.chemistwarehouse.com.au/ams/media/pi/76369/F2D_800.jpg"],"storeId":"chemist-warehouse","packageSize":"","cupPrice":"","categoryIds":["cw-beauty/cw-fragrances"],"locations":{"ALL":{"price":4.99,"discountRate":83,"promo":"","orgPrice":29.99}},"similarProducts":[]},{"id":"cw-53379","name":"Mariah Carey M Eau de Parfum Spray 50mL","brand":"Mariah Carey","imageUrls":["https://static.chemistwarehouse.com.au/ams/media/pi/53379/F2D_800.jpg"],"storeId":"chemist-warehouse","packageSize":"","cupPrice":"","categoryIds":["cw-beauty/cw-fragrances"],"locations":{"ALL":{"price":19.99,"discountRate":64,"promo":"","orgPrice":55}},"similarProducts":[]},{"id":"cw-49040","name":"Guerlain Champs Elysees Eau de Parfum 100ml","brand":"Guerlain","imageUrls":["https://static.chemistwarehouse.com.au/ams/media/pi/49040/F2D_800.jpg"],"storeId":"chemist-warehouse","packageSize":"","cupPrice":"","categoryIds":["cw-beauty/cw-fragrances"],"locations":{"ALL":{"price":89.99,"discountRate":56,"promo":"","orgPrice":205}},"similarProducts":[]},{"id":"cw-63227","name":"Paloma Picasso Eau de Toilette 30ml","brand":"Paloma Picasso","imageUrls":["https://static.chemistwarehouse.com.au/ams/media/pi/63227/F2D_800.jpg"],"storeId":"chemist-warehouse","packageSize":"","cupPrice":"","categoryIds":["cw-beauty/cw-fragrances"],"locations":{"ALL":{"price":49.99,"discountRate":57,"promo":"","orgPrice":115}},"similarProducts":[]},{"id":"cw-78128","name":"Justin Bieber Girlfriend 10ml Rollerball with Carton","brand":"Justin Bieber","imageUrls":["https://static.chemistwarehouse.com.au/ams/media/pi/78128/F2D_800.jpg"],"storeId":"chemist-warehouse","packageSize":"","cupPrice":"","categoryIds":["cw-beauty/cw-fragrances"],"locations":{"ALL":{"price":4.99,"discountRate":67,"promo":"","orgPrice":14.95}},"similarProducts":[]},{"id":"cw-90184","name":"Bvlgari Extreme for Men Eau de Toilette 30ml Spray","brand":"Bvlgari","imageUrls":["https://static.chemistwarehouse.com.au/ams/media/pi/90184/F2D_800.jpg"],"storeId":"chemist-warehouse","packageSize":"","cupPrice":"","categoryIds":["cw-beauty/cw-fragrances"],"locations":{"ALL":{"price":29.99,"discountRate":50,"promo":"","orgPrice":59.99}},"similarProducts":[]},{"id":"cw-67347","name":"Versace Homme 100ml Eau de Toilette Spray","brand":"Versace","imageUrls":["https://static.chemistwarehouse.com.au/ams/media/pi/67347/F2D_800.jpg"],"storeId":"chemist-warehouse","packageSize":"","cupPrice":"","categoryIds":["cw-beauty/cw-fragrances"],"locations":{"ALL":{"price":49.99,"discountRate":62,"promo":"","orgPrice":130}},"similarProducts":[]},{"id":"cw-91898","name":"Guerlain La Petit Robe Noire 100ml Eau De Toilette Spray","brand":"Guerlain","imageUrls":["https://static.chemistwarehouse.com.au/ams/media/pi/91898/F2D_800.jpg"],"storeId":"chemist-warehouse","packageSize":"","cupPrice":"","categoryIds":["cw-beauty/cw-fragrances"],"locations":{"ALL":{"price":89.99,"discountRate":51,"promo":"","orgPrice":185}},"similarProducts":[]},{"id":"cw-78130","name":"Justin Bieber Someday 10ml Rollerball with carton","brand":"Justin Bieber","imageUrls":["https://static.chemistwarehouse.com.au/ams/media/pi/78130/F2D_800.jpg"],"storeId":"chemist-warehouse","packageSize":"","cupPrice":"","categoryIds":["cw-beauty/cw-fragrances"],"locations":{"ALL":{"price":4.99,"discountRate":67,"promo":"","orgPrice":14.95}},"similarProducts":[]},{"id":"cw-84076","name":"Fame and Fortune For Her Eau de Toilette 100ml Spray","brand":"Fame and Fortune","imageUrls":["https://static.chemistwarehouse.com.au/ams/media/pi/84076/F2D_800.jpg"],"storeId":"chemist-warehouse","packageSize":"","cupPrice":"","categoryIds":["cw-beauty/cw-fragrances"],"locations":{"ALL":{"price":9.99,"discountRate":50,"promo":"","orgPrice":19.99}},"similarProducts":[]},{"id":"cw-79554","name":"Burberry The Beat Women Eau de Toilette 30ml Spray","brand":"Burberry","imageUrls":["https://static.chemistwarehouse.com.au/ams/media/pi/79554/F2D_800.jpg"],"storeId":"chemist-warehouse","packageSize":"","cupPrice":"","categoryIds":["cw-beauty/cw-fragrances"],"locations":{"ALL":{"price":29.99,"discountRate":50,"promo":"","orgPrice":59.99}},"similarProducts":[]},{"id":"cw-82357","name":"Bvlgari Goldea Eau de Parfum 50ml Spray","brand":"Bvlgari","imageUrls":["https://static.chemistwarehouse.com.au/ams/media/pi/82357/F2D_800.jpg"],"storeId":"chemist-warehouse","packageSize":"","cupPrice":"","categoryIds":["cw-beauty/cw-fragrances"],"locations":{"ALL":{"price":79.99,"discountRate":51,"promo":"","orgPrice":162}},"similarProducts":[]},{"id":"cw-76367","name":"AFL Fragrance Carlton Football Club","brand":"AFL","imageUrls":["https://static.chemistwarehouse.com.au/ams/media/pi/76367/F2D_800.jpg"],"storeId":"chemist-warehouse","packageSize":"","cupPrice":"","categoryIds":["cw-beauty/cw-fragrances"],"locations":{"ALL":{"price":4.99,"discountRate":83,"promo":"","orgPrice":29.99}},"similarProducts":[]},{"id":"cw-71011","name":"Britney Spears Fantasy Nice Eau De Parfum 100ml","brand":"Britney Spears","imageUrls":["https://static.chemistwarehouse.com.au/ams/media/pi/71011/F2D_800.jpg"],"storeId":"chemist-warehouse","packageSize":"","cupPrice":"","categoryIds":["cw-beauty/cw-fragrances"],"locations":{"ALL":{"price":24.99,"discountRate":58,"promo":"","orgPrice":59}},"similarProducts":[]},{"id":"cw-66359","name":"FCUK Late Night for men Eau de Toilette 100ml","brand":"FCUK","imageUrls":["https://static.chemistwarehouse.com.au/ams/media/pi/66359/F2D_800.jpg"],"storeId":"chemist-warehouse","packageSize":"","cupPrice":"","categoryIds":["cw-beauty/cw-fragrances"],"locations":{"ALL":{"price":14.99,"discountRate":62,"promo":"","orgPrice":39}},"similarProducts":[]},{"id":"cw-90097","name":"Givenchy Insense Ultramarine for Men Eau de Toilette 100ml Spray","brand":"Givenchy","imageUrls":["https://static.chemistwarehouse.com.au/ams/media/pi/90097/F2D_800.jpg"],"storeId":"chemist-warehouse","packageSize":"","cupPrice":"","categoryIds":["cw-beauty/cw-fragrances"],"locations":{"ALL":{"price":49.99,"discountRate":61,"promo":"","orgPrice":129}},"similarProducts":[]},{"id":"cw-85648","name":"Juicy Couture Peace Love 100ml Eau de Parfum","brand":"Juicy Couture","imageUrls":["https://static.chemistwarehouse.com.au/ams/media/pi/85648/F2D_800.jpg"],"storeId":"chemist-warehouse","packageSize":"","cupPrice":"","categoryIds":["cw-beauty/cw-fragrances"],"locations":{"ALL":{"price":49.99,"discountRate":55,"promo":"","orgPrice":110}},"similarProducts":[]},{"id":"cw-66360","name":"FCUK Late Night for Women Eau de Toilette 100ml","brand":"FCUK","imageUrls":["https://static.chemistwarehouse.com.au/ams/media/pi/66360/F2D_800.jpg"],"storeId":"chemist-warehouse","packageSize":"","cupPrice":"","categoryIds":["cw-beauty/cw-fragrances"],"locations":{"ALL":{"price":14.99,"discountRate":62,"promo":"","orgPrice":39}},"similarProducts":[]},{"id":"cw-71545","name":"Guess Girl Belle Eau De Toilette 100ml Spray","brand":"Guess","imageUrls":["https://static.chemistwarehouse.com.au/ams/media/pi/71545/3DF_800.jpg"],"storeId":"chemist-warehouse","packageSize":"","cupPrice":"","categoryIds":["cw-beauty/cw-fragrances"],"locations":{"ALL":{"price":29.99,"discountRate":57,"promo":"","orgPrice":69}},"similarProducts":[]},{"id":"cw-57677","name":"Ombre Rose Eau de Toilette 100ml","brand":"Ombre Rose","imageUrls":["https://static.chemistwarehouse.com.au/ams/media/pi/57677/F2D_800.jpg"],"storeId":"chemist-warehouse","packageSize":"","cupPrice":"","categoryIds":["cw-beauty/cw-fragrances"],"locations":{"ALL":{"price":49.99,"discountRate":63,"promo":"","orgPrice":135}},"similarProducts":[]},{"id":"cw-90232","name":"Disney Frozen 250ml Body Mist","brand":"Disney","imageUrls":["https://static.chemistwarehouse.com.au/ams/media/pi/90232/F2D_800.jpg"],"storeId":"chemist-warehouse","packageSize":"","cupPrice":"","categoryIds":["cw-beauty/cw-fragrances"],"locations":{"ALL":{"price":9.99,"discountRate":50,"promo":"","orgPrice":19.99}},"similarProducts":[]},{"id":"cw-81647","name":"Wonder Woman Eau de Toilette 100ml","brand":"Wonder Woman","imageUrls":["https://static.chemistwarehouse.com.au/ams/media/pi/81647/F2D_800.jpg"],"storeId":"chemist-warehouse","packageSize":"","cupPrice":"","categoryIds":["cw-beauty/cw-fragrances"],"locations":{"ALL":{"price":9.99,"discountRate":50,"promo":"","orgPrice":19.99}},"similarProducts":[]},{"id":"cw-57893","name":"Madame Rochas Eau De Toilette 100ml Spray","brand":"Madame Rochas","imageUrls":["https://static.chemistwarehouse.com.au/ams/media/pi/57893/F2D_800.jpg"],"storeId":"chemist-warehouse","packageSize":"","cupPrice":"","categoryIds":["cw-beauty/cw-fragrances"],"locations":{"ALL":{"price":59.99,"discountRate":63,"promo":"","orgPrice":160}},"similarProducts":[]},{"id":"cw-75108","name":"Burberry Brit Rhythm for Her Eau de Toilette 90ml Spray","brand":"Burberry","imageUrls":["https://static.chemistwarehouse.com.au/ams/media/pi/75108/F2D_800.jpg"],"storeId":"chemist-warehouse","packageSize":"","cupPrice":"","categoryIds":["cw-beauty/cw-fragrances"],"locations":{"ALL":{"price":59.99,"discountRate":52,"promo":"","orgPrice":125}},"similarProducts":[]},{"id":"cw-73513","name":"Pharrell Williams Girl 100ml Eau De Parfum","brand":"Pharrell Williams","imageUrls":["https://static.chemistwarehouse.com.au/ams/media/pi/73513/F2D_800.jpg"],"storeId":"chemist-warehouse","packageSize":"","cupPrice":"","categoryIds":["cw-beauty/cw-fragrances"],"locations":{"ALL":{"price":59.99,"discountRate":70,"promo":"","orgPrice":200}},"similarProducts":[]},{"id":"cw-76376","name":"NRL Fragrance South Sydney Rabbitohs","brand":"NRL","imageUrls":["https://static.chemistwarehouse.com.au/ams/media/pi/76376/F2D_800.jpg"],"storeId":"chemist-warehouse","packageSize":"","cupPrice":"","categoryIds":["cw-beauty/cw-fragrances"],"locations":{"ALL":{"price":4.99,"discountRate":83,"promo":"","orgPrice":29.99}},"similarProducts":[]},{"id":"cw-76370","name":"AFL Fragrance Geelong Football Club","brand":"AFL","imageUrls":["https://static.chemistwarehouse.com.au/ams/media/pi/76370/F2D_800.jpg"],"storeId":"chemist-warehouse","packageSize":"","cupPrice":"","categoryIds":["cw-beauty/cw-fragrances"],"locations":{"ALL":{"price":4.99,"discountRate":83,"promo":"","orgPrice":29.99}},"similarProducts":[]},{"id":"cw-92547","name":"Hugo Boss Orange Feel Good Summer Eau De Toilette 100ml","brand":"Hugo Boss","imageUrls":["https://static.chemistwarehouse.com.au/ams/media/pi/92547/F2D_800.jpg"],"storeId":"chemist-warehouse","packageSize":"","cupPrice":"","categoryIds":["cw-beauty/cw-fragrances"],"locations":{"ALL":{"price":49.99,"discountRate":50,"promo":"","orgPrice":99}},"similarProducts":[]},{"id":"cw-85541","name":"Guerlain Jicky Eau de Toilette 100ml Online Only","brand":"Guerlain","imageUrls":["https://static.chemistwarehouse.com.au/ams/media/pi/85541/F2D_800.jpg"],"storeId":"chemist-warehouse","packageSize":"","cupPrice":"","categoryIds":["cw-beauty/cw-fragrances"],"locations":{"ALL":{"price":69.99,"discountRate":61,"promo":"Online Only","orgPrice":179}},"similarProducts":[]},{"id":"cw-82354","name":"Paul Smith Essential Eau de Toilette 100ml Spray","brand":"Paul Smith","imageUrls":["https://static.chemistwarehouse.com.au/ams/media/pi/82354/F2D_800.jpg"],"storeId":"chemist-warehouse","packageSize":"","cupPrice":"","categoryIds":["cw-beauty/cw-fragrances"],"locations":{"ALL":{"price":29.99,"discountRate":50,"promo":"","orgPrice":59.99}},"similarProducts":[]},{"id":"cw-89490","name":"Salvatore Ferragame Amo Eau de Pafum 100ml Spray Online Only","brand":"Salvatore Ferragamo","imageUrls":["https://static.chemistwarehouse.com.au/ams/media/pi/89490/F2D_800.jpg"],"storeId":"chemist-warehouse","packageSize":"","cupPrice":"","categoryIds":["cw-beauty/cw-fragrances"],"locations":{"ALL":{"price":79.99,"discountRate":52,"promo":"Online Only","orgPrice":167}},"similarProducts":[]},{"id":"cw-77719","name":"Batman Fragrance Eau De Toilette 100ml","brand":"Batman","imageUrls":["https://static.chemistwarehouse.com.au/ams/media/pi/77719/F2D_800.jpg"],"storeId":"chemist-warehouse","packageSize":"","cupPrice":"","categoryIds":["cw-beauty/cw-fragrances"],"locations":{"ALL":{"price":9.99,"discountRate":50,"promo":"","orgPrice":19.99}},"similarProducts":[]},{"id":"cw-76375","name":"NRL Fragrance Parramatta Eels","brand":"NRL","imageUrls":["https://static.chemistwarehouse.com.au/ams/media/pi/76375/F2D_800.jpg"],"storeId":"chemist-warehouse","packageSize":"","cupPrice":"","categoryIds":["cw-beauty/cw-fragrances"],"locations":{"ALL":{"price":4.99,"discountRate":83,"promo":"","orgPrice":29.99}},"similarProducts":[]},{"id":"cw-77221","name":"Beyonce Heat Kissed 50ml","brand":"Beyonce","imageUrls":["https://static.chemistwarehouse.com.au/ams/media/pi/77221/F2D_800.jpg"],"storeId":"chemist-warehouse","packageSize":"","cupPrice":"","categoryIds":["cw-beauty/cw-fragrances"],"locations":{"ALL":{"price":19.99,"discountRate":59,"promo":"","orgPrice":49}},"similarProducts":[]},{"id":"cw-76373","name":"NRL Fragrance Brisbane Broncos","brand":"NRL","imageUrls":["https://static.chemistwarehouse.com.au/ams/media/pi/76373/F2D_800.jpg"],"storeId":"chemist-warehouse","packageSize":"","cupPrice":"","categoryIds":["cw-beauty/cw-fragrances"],"locations":{"ALL":{"price":4.99,"discountRate":83,"promo":"","orgPrice":29.99}},"similarProducts":[]},{"id":"cw-90233","name":"Disney Moana 250ml Body Mist","brand":"Disney","imageUrls":["https://static.chemistwarehouse.com.au/ams/media/pi/90233/F2D_800.jpg"],"storeId":"chemist-warehouse","packageSize":"","cupPrice":"","categoryIds":["cw-beauty/cw-fragrances"],"locations":{"ALL":{"price":9.99,"discountRate":50,"promo":"","orgPrice":19.99}},"similarProducts":[]},{"id":"cw-76371","name":"AFL Fragrance Hawthorn Football Club","brand":"AFL","imageUrls":["https://static.chemistwarehouse.com.au/ams/media/pi/76371/F2D_800.jpg"],"storeId":"chemist-warehouse","packageSize":"","cupPrice":"","categoryIds":["cw-beauty/cw-fragrances"],"locations":{"ALL":{"price":4.99,"discountRate":83,"promo":"","orgPrice":29.99}},"similarProducts":[]},{"id":"cw-73485","name":"Drakkar Noir Eau de Toilette 50ml Spray","brand":"Drakkar","imageUrls":["https://static.chemistwarehouse.com.au/ams/media/pi/73485/2DF_800.jpg"],"storeId":"chemist-warehouse","packageSize":"","cupPrice":"","categoryIds":["cw-beauty/cw-fragrances"],"locations":{"ALL":{"price":39.99,"discountRate":54,"promo":"","orgPrice":87}},"similarProducts":[]},{"id":"cw-52325","name":"Bvlgari Black Eau De Toilette Spray 40mL","brand":"Bvlgari","imageUrls":["https://static.chemistwarehouse.com.au/ams/media/pi/52325/F2D_800.jpg"],"storeId":"chemist-warehouse","packageSize":"","cupPrice":"","categoryIds":["cw-beauty/cw-fragrances"],"locations":{"ALL":{"price":39.99,"discountRate":50,"promo":"","orgPrice":80}},"similarProducts":[]},{"id":"cw-66986","name":"Giorgio Beverly Hills Blue for Women 90ml Eau De Toilette Spray","brand":"Giorgio Beverley Hills","imageUrls":["https://static.chemistwarehouse.com.au/ams/media/pi/66986/F2D_800.jpg"],"storeId":"chemist-warehouse","packageSize":"","cupPrice":"","categoryIds":["cw-beauty/cw-fragrances"],"locations":{"ALL":{"price":19.99,"discountRate":66,"promo":"","orgPrice":59}},"similarProducts":[]},{"id":"cw-92230","name":"Alaia Paris Eau De Parfum 50ml Spray Online Only","brand":"Alaia Paris","imageUrls":["https://static.chemistwarehouse.com.au/ams/media/pi/92230/F2D_800.jpg"],"storeId":"chemist-warehouse","packageSize":"","cupPrice":"","categoryIds":["cw-beauty/cw-fragrances"],"locations":{"ALL":{"price":59.99,"discountRate":57,"promo":"Online Only","orgPrice":140}},"similarProducts":[]},{"id":"cw-76374","name":"NRL Fragrance Canterbury Bulldogs","brand":"NRL","imageUrls":["https://static.chemistwarehouse.com.au/ams/media/pi/76374/F2D_800.jpg"],"storeId":"chemist-warehouse","packageSize":"","cupPrice":"","categoryIds":["cw-beauty/cw-fragrances"],"locations":{"ALL":{"price":4.99,"discountRate":83,"promo":"","orgPrice":29.99}},"similarProducts":[]},{"id":"cw-57879","name":"Cacharel Anais Anais 50ml Eau de Toilette Spray","brand":"Cacharel","imageUrls":["https://static.chemistwarehouse.com.au/ams/media/pi/57879/2DF_800.jpg"],"storeId":"chemist-warehouse","packageSize":"","cupPrice":"","categoryIds":["cw-beauty/cw-fragrances"],"locations":{"ALL":{"price":49.99,"discountRate":52,"promo":"","orgPrice":105}},"similarProducts":[]},{"id":"cw-80399","name":"NRL Fragrance Melbourne Storm","brand":"NRL","imageUrls":["https://static.chemistwarehouse.com.au/ams/media/pi/80399/F2D_800.jpg"],"storeId":"chemist-warehouse","packageSize":"","cupPrice":"","categoryIds":["cw-beauty/cw-fragrances"],"locations":{"ALL":{"price":4.99,"discountRate":83,"promo":"","orgPrice":29.99}},"similarProducts":[]},{"id":"cw-68927","name":"Versus Eau de Toilette 100ml","brand":"Versace","imageUrls":["https://static.chemistwarehouse.com.au/ams/media/pi/68927/F2D_800.jpg"],"storeId":"chemist-warehouse","packageSize":"","cupPrice":"","categoryIds":["cw-beauty/cw-fragrances"],"locations":{"ALL":{"price":59.99,"discountRate":52,"promo":"","orgPrice":125}},"similarProducts":[]},{"id":"cw-82880","name":"Ralph Lauren Big Pony for Women #4 Eau de Toilette 30ml","brand":"Ralph Lauren","imageUrls":["https://static.chemistwarehouse.com.au/ams/media/pi/82880/F2D_800.jpg"],"storeId":"chemist-warehouse","packageSize":"","cupPrice":"","categoryIds":["cw-beauty/cw-fragrances"],"locations":{"ALL":{"price":29.99,"discountRate":54,"promo":"","orgPrice":65}},"similarProducts":[]},{"id":"cw-77718","name":"Superman Fragrance Eau De Toilette 100ml","brand":"Superman","imageUrls":["https://static.chemistwarehouse.com.au/ams/media/pi/77718/F2D_800.jpg"],"storeId":"chemist-warehouse","packageSize":"","cupPrice":"","categoryIds":["cw-beauty/cw-fragrances"],"locations":{"ALL":{"price":9.99,"discountRate":50,"promo":"","orgPrice":19.99}},"similarProducts":[]},{"id":"cw-76378","name":"NRL Fragrance West Tigers","brand":"NRL","imageUrls":["https://static.chemistwarehouse.com.au/ams/media/pi/76378/F2D_800.jpg"],"storeId":"chemist-warehouse","packageSize":"","cupPrice":"","categoryIds":["cw-beauty/cw-fragrances"],"locations":{"ALL":{"price":4.99,"discountRate":83,"promo":"","orgPrice":29.99}},"similarProducts":[]},{"id":"cw-79770","name":"Oscar De La Renta Velvet Noir Eau De Parfum 100mL","brand":"Oscar De La Renta","imageUrls":["https://static.chemistwarehouse.com.au/ams/media/pi/79770/F2D_800.jpg"],"storeId":"chemist-warehouse","packageSize":"","cupPrice":"","categoryIds":["cw-beauty/cw-fragrances"],"locations":{"ALL":{"price":59.99,"discountRate":58,"promo":"","orgPrice":143}},"similarProducts":[]},{"id":"cw-80386","name":"AFL Fragrance St Kilda Football Club","brand":"AFL","imageUrls":["https://static.chemistwarehouse.com.au/ams/media/pi/80386/F2D_800.jpg"],"storeId":"chemist-warehouse","packageSize":"","cupPrice":"","categoryIds":["cw-beauty/cw-fragrances"],"locations":{"ALL":{"price":4.99,"discountRate":83,"promo":"","orgPrice":29.99}},"similarProducts":[]},{"id":"cw-76377","name":"NRL Fragrance St George Illawarra Dragons","brand":"NRL","imageUrls":["https://static.chemistwarehouse.com.au/ams/media/pi/76377/F2D_800.jpg"],"storeId":"chemist-warehouse","packageSize":"","cupPrice":"","categoryIds":["cw-beauty/cw-fragrances"],"locations":{"ALL":{"price":4.99,"discountRate":83,"promo":"","orgPrice":29.99}},"similarProducts":[]},{"id":"cw-82878","name":"Ralph Lauren Big Pony for Women #1 Eau de Toilette 30ml","brand":"Ralph Lauren","imageUrls":["https://static.chemistwarehouse.com.au/ams/media/pi/82878/F2D_800.jpg"],"storeId":"chemist-warehouse","packageSize":"","cupPrice":"","categoryIds":["cw-beauty/cw-fragrances"],"locations":{"ALL":{"price":29.99,"discountRate":54,"promo":"","orgPrice":65}},"similarProducts":[]},{"id":"cw-80397","name":"NRL Fragrance Gold Coast Titans","brand":"NRL","imageUrls":["https://static.chemistwarehouse.com.au/ams/media/pi/80397/F2D_800.jpg"],"storeId":"chemist-warehouse","packageSize":"","cupPrice":"","categoryIds":["cw-beauty/cw-fragrances"],"locations":{"ALL":{"price":4.99,"discountRate":83,"promo":"","orgPrice":29.99}},"similarProducts":[]},{"id":"cw-84593","name":"NRL Fragrance Parramatta Eels Eau De Toilette 100ml Spray 2017","brand":"NRL","imageUrls":["https://static.chemistwarehouse.com.au/ams/media/pi/84593/F2D_800.jpg"],"storeId":"chemist-warehouse","packageSize":"","cupPrice":"","categoryIds":["cw-beauty/cw-fragrances"],"locations":{"ALL":{"price":9.99,"discountRate":60,"promo":"","orgPrice":24.99}},"similarProducts":[]},{"id":"cw-80384","name":"AFL Fragrance Nth Melbourne Football Club","brand":"AFL","imageUrls":["https://static.chemistwarehouse.com.au/ams/media/pi/80384/F2D_800.jpg"],"storeId":"chemist-warehouse","packageSize":"","cupPrice":"","categoryIds":["cw-beauty/cw-fragrances"],"locations":{"ALL":{"price":4.99,"discountRate":83,"promo":"","orgPrice":29.99}},"similarProducts":[]},{"id":"cw-58698","name":"Giorgio Wings for Men 30ml Spray","brand":"Giorgio Beverley Hills","imageUrls":["https://static.chemistwarehouse.com.au/ams/media/pi/58698/F2D_800.jpg"],"storeId":"chemist-warehouse","packageSize":"","cupPrice":"","categoryIds":["cw-beauty/cw-fragrances"],"locations":{"ALL":{"price":19.99,"discountRate":69,"promo":"","orgPrice":65}},"similarProducts":[]},{"id":"cw-84595","name":"NRL Fragrance South Sydney Rabbitohs Eau De Toilette 100ml Spray 2017","brand":"NRL","imageUrls":["https://static.chemistwarehouse.com.au/ams/media/pi/84595/F2D_800.jpg"],"storeId":"chemist-warehouse","packageSize":"","cupPrice":"","categoryIds":["cw-beauty/cw-fragrances"],"locations":{"ALL":{"price":9.99,"discountRate":60,"promo":"","orgPrice":24.99}},"similarProducts":[]},{"id":"cw-80389","name":"AFL Fragrance Western Bulldogs Football Club","brand":"AFL","imageUrls":["https://static.chemistwarehouse.com.au/ams/media/pi/80389/F2D_800.jpg"],"storeId":"chemist-warehouse","packageSize":"","cupPrice":"","categoryIds":["cw-beauty/cw-fragrances"],"locations":{"ALL":{"price":4.99,"discountRate":83,"promo":"","orgPrice":29.99}},"similarProducts":[]},{"id":"cw-80385","name":"AFL Fragrance Port Adelaide Football Club","brand":"AFL","imageUrls":["https://static.chemistwarehouse.com.au/ams/media/pi/80385/F2D_800.jpg"],"storeId":"chemist-warehouse","packageSize":"","cupPrice":"","categoryIds":["cw-beauty/cw-fragrances"],"locations":{"ALL":{"price":4.99,"discountRate":83,"promo":"","orgPrice":29.99}},"similarProducts":[]},{"id":"cw-84596","name":"NRL Fragrance St George Illawarra Dragons Eau De Toilette 100ml Spray 2017","brand":"NRL","imageUrls":["https://static.chemistwarehouse.com.au/ams/media/pi/84596/F2D_800.jpg"],"storeId":"chemist-warehouse","packageSize":"","cupPrice":"","categoryIds":["cw-beauty/cw-fragrances"],"locations":{"ALL":{"price":9.99,"discountRate":60,"promo":"","orgPrice":24.99}},"similarProducts":[]},{"id":"cw-84588","name":"NRL Fragrance Manly Warringah Sea Eagles Eau De Toilette 100ml Spray 2017","brand":"NRL","imageUrls":["https://static.chemistwarehouse.com.au/ams/media/pi/84588/F2D_800.jpg"],"storeId":"chemist-warehouse","packageSize":"","cupPrice":"","categoryIds":["cw-beauty/cw-fragrances"],"locations":{"ALL":{"price":9.99,"discountRate":60,"promo":"","orgPrice":24.99}},"similarProducts":[]},{"id":"cw-84576","name":"AFL Fragrance North Melbourne Kangaroos Football Club Eau De Toilette 100ml Spray 2017","brand":"AFL","imageUrls":["https://static.chemistwarehouse.com.au/ams/media/pi/84576/F2D_800.jpg"],"storeId":"chemist-warehouse","packageSize":"","cupPrice":"","categoryIds":["cw-beauty/cw-fragrances"],"locations":{"ALL":{"price":9.99,"discountRate":60,"promo":"","orgPrice":24.99}},"similarProducts":[]},{"id":"cw-84569","name":"AFL Fragrance Essendon Bombers Football Club Eau De Toilette 100ml Spray 2017","brand":"AFL","imageUrls":["https://static.chemistwarehouse.com.au/ams/media/pi/84569/F2D_800.jpg"],"storeId":"chemist-warehouse","packageSize":"","cupPrice":"","categoryIds":["cw-beauty/cw-fragrances"],"locations":{"ALL":{"price":9.99,"discountRate":60,"promo":"","orgPrice":24.99}},"similarProducts":[]},{"id":"cw-84567","name":"AFL Fragrance Carlton Blues Football Club Eau De Toilette 100ml Spray 2017","brand":"AFL","imageUrls":["https://static.chemistwarehouse.com.au/ams/media/pi/84567/F2D_800.jpg"],"storeId":"chemist-warehouse","packageSize":"","cupPrice":"","categoryIds":["cw-beauty/cw-fragrances"],"locations":{"ALL":{"price":9.99,"discountRate":60,"promo":"","orgPrice":24.99}},"similarProducts":[]},{"id":"cw-84585","name":"NRL Fragrance Canterbury Bulldogs Eau De Toilette 100ml Spray 2017","brand":"NRL","imageUrls":["https://static.chemistwarehouse.com.au/ams/media/pi/84585/F2D_800.jpg"],"storeId":"chemist-warehouse","packageSize":"","cupPrice":"","categoryIds":["cw-beauty/cw-fragrances"],"locations":{"ALL":{"price":9.99,"discountRate":60,"promo":"","orgPrice":24.99}},"similarProducts":[]},{"id":"cw-84581","name":"AFL Fragrance West Coast Eagles Football Club Eau De Toilette 100ml Spray 2017","brand":"AFL","imageUrls":["https://static.chemistwarehouse.com.au/ams/media/pi/84581/F2D_800.jpg"],"storeId":"chemist-warehouse","packageSize":"","cupPrice":"","categoryIds":["cw-beauty/cw-fragrances"],"locations":{"ALL":{"price":9.99,"discountRate":60,"promo":"","orgPrice":24.99}},"similarProducts":[]},{"id":"cw-84597","name":"NRL Fragrance Sydney Roosters Eau De Toilette 100ml Spray 2017","brand":"NRL","imageUrls":["https://static.chemistwarehouse.com.au/ams/media/pi/84597/F2D_800.jpg"],"storeId":"chemist-warehouse","packageSize":"","cupPrice":"","categoryIds":["cw-beauty/cw-fragrances"],"locations":{"ALL":{"price":9.99,"discountRate":60,"promo":"","orgPrice":24.99}},"similarProducts":[]},{"id":"cw-80382","name":"AFL Fragrance GWS Football Club","brand":"AFL","imageUrls":["https://static.chemistwarehouse.com.au/ams/media/pi/80382/F2D_800.jpg"],"storeId":"chemist-warehouse","packageSize":"","cupPrice":"","categoryIds":["cw-beauty/cw-fragrances"],"locations":{"ALL":{"price":4.99,"discountRate":83,"promo":"","orgPrice":29.99}},"similarProducts":[]},{"id":"cw-80378","name":"AFL Fragrance Adelaide Football Club","brand":"AFL","imageUrls":["https://static.chemistwarehouse.com.au/ams/media/pi/80378/F2D_800.jpg"],"storeId":"chemist-warehouse","packageSize":"","cupPrice":"","categoryIds":["cw-beauty/cw-fragrances"],"locations":{"ALL":{"price":4.99,"discountRate":83,"promo":"","orgPrice":29.99}},"similarProducts":[]},{"id":"cw-88925","name":"AFL Fragrance Brisbane Lions Eau De Toilette 100ml Spray","brand":"AFL","imageUrls":["https://static.chemistwarehouse.com.au/ams/media/pi/88925/F2D_800.jpg"],"storeId":"chemist-warehouse","packageSize":"","cupPrice":"","categoryIds":["cw-beauty/cw-fragrances"],"locations":{"ALL":{"price":9.99,"discountRate":60,"promo":"","orgPrice":24.99}},"similarProducts":[]},{"id":"cw-84586","name":"NRL Fragrance Cronulla Sutherland Sharks Eau De Toilette 100ml Spray 2017","brand":"NRL","imageUrls":["https://static.chemistwarehouse.com.au/ams/media/pi/84586/F2D_800.jpg"],"storeId":"chemist-warehouse","packageSize":"","cupPrice":"","categoryIds":["cw-beauty/cw-fragrances"],"locations":{"ALL":{"price":9.99,"discountRate":60,"promo":"","orgPrice":24.99}},"similarProducts":[]},{"id":"cw-80381","name":"AFL Fragrance Gold Coast Suns Football Club","brand":"AFL","imageUrls":["https://static.chemistwarehouse.com.au/ams/media/pi/80381/F2D_800.jpg"],"storeId":"chemist-warehouse","packageSize":"","cupPrice":"","categoryIds":["cw-beauty/cw-fragrances"],"locations":{"ALL":{"price":4.99,"discountRate":83,"promo":"","orgPrice":29.99}},"similarProducts":[]},{"id":"cw-88953","name":"NRL Fragrance Penrith Panthers Eau De Toilette 100ml Spray","brand":"NRL","imageUrls":["https://static.chemistwarehouse.com.au/ams/media/pi/88953/F2D_800.jpg"],"storeId":"chemist-warehouse","packageSize":"","cupPrice":"","categoryIds":["cw-beauty/cw-fragrances"],"locations":{"ALL":{"price":9.99,"discountRate":60,"promo":"","orgPrice":24.99}},"similarProducts":[]},{"id":"cw-88941","name":"AFL Fragrance Western Bulldogs Eau De Toilette 100ml Spray","brand":"AFL","imageUrls":["https://static.chemistwarehouse.com.au/ams/media/pi/88941/F2D_800.jpg"],"storeId":"chemist-warehouse","packageSize":"","cupPrice":"","categoryIds":["cw-beauty/cw-fragrances"],"locations":{"ALL":{"price":9.99,"discountRate":60,"promo":"","orgPrice":24.99}},"similarProducts":[]},{"id":"cw-88935","name":"AFL Fragrance North Melbourne Kangaroos Eau De Toilette 100ml Spray","brand":"AFL","imageUrls":["https://static.chemistwarehouse.com.au/ams/media/pi/88935/F2D_800.jpg"],"storeId":"chemist-warehouse","packageSize":"","cupPrice":"","categoryIds":["cw-beauty/cw-fragrances"],"locations":{"ALL":{"price":9.99,"discountRate":60,"promo":"","orgPrice":24.99}},"similarProducts":[]},{"id":"cw-84598","name":"NRL Fragrance West Tigers Eau De Toilette 100ml Spray 2017","brand":"NRL","imageUrls":["https://static.chemistwarehouse.com.au/ams/media/pi/84598/F2D_800.jpg"],"storeId":"chemist-warehouse","packageSize":"","cupPrice":"","categoryIds":["cw-beauty/cw-fragrances"],"locations":{"ALL":{"price":9.99,"discountRate":60,"promo":"","orgPrice":24.99}},"similarProducts":[]},{"id":"cw-84591","name":"NRL Fragrance Newcastle Knights Eau De Toilette 100ml Spray 2017","brand":"NRL","imageUrls":["https://static.chemistwarehouse.com.au/ams/media/pi/84591/F2D_800.jpg"],"storeId":"chemist-warehouse","packageSize":"","cupPrice":"","categoryIds":["cw-beauty/cw-fragrances"],"locations":{"ALL":{"price":9.99,"discountRate":60,"promo":"","orgPrice":24.99}},"similarProducts":[]},{"id":"cw-84584","name":"NRL Fragrance Canberra Raiders Eau De Toilette 100ml Spray 2017","brand":"NRL","imageUrls":["https://static.chemistwarehouse.com.au/ams/media/pi/84584/F2D_800.jpg"],"storeId":"chemist-warehouse","packageSize":"","cupPrice":"","categoryIds":["cw-beauty/cw-fragrances"],"locations":{"ALL":{"price":9.99,"discountRate":60,"promo":"","orgPrice":24.99}},"similarProducts":[]},{"id":"cw-84577","name":"AFL Fragrance Port Adelaide Power Football Club Eau De Toilette 100ml Spray 2017","brand":"AFL","imageUrls":["https://static.chemistwarehouse.com.au/ams/media/pi/84577/F2D_800.jpg"],"storeId":"chemist-warehouse","packageSize":"","cupPrice":"","categoryIds":["cw-beauty/cw-fragrances"],"locations":{"ALL":{"price":9.99,"discountRate":60,"promo":"","orgPrice":24.99}},"similarProducts":[]},{"id":"cw-88924","name":"AFL Fragrance Adelaide Crows Eau De Toilette 100ml Spray","brand":"AFL","imageUrls":["https://static.chemistwarehouse.com.au/ams/media/pi/88924/F2D_800.jpg"],"storeId":"chemist-warehouse","packageSize":"","cupPrice":"","categoryIds":["cw-beauty/cw-fragrances"],"locations":{"ALL":{"price":9.99,"discountRate":60,"promo":"","orgPrice":24.99}},"similarProducts":[]},{"id":"cw-84583","name":"NRL Fragrance Brisbane Broncos Eau De Toilette 100ml Spray 2017","brand":"NRL","imageUrls":["https://static.chemistwarehouse.com.au/ams/media/pi/84583/F2D_800.jpg"],"storeId":"chemist-warehouse","packageSize":"","cupPrice":"","categoryIds":["cw-beauty/cw-fragrances"],"locations":{"ALL":{"price":9.99,"discountRate":60,"promo":"","orgPrice":24.99}},"similarProducts":[]},{"id":"cw-84573","name":"AFL Fragrance GWS Giants Football Club Eau De Toilette 100ml Spray 2017","brand":"AFL","imageUrls":["https://static.chemistwarehouse.com.au/ams/media/pi/84573/F2D_800.jpg"],"storeId":"chemist-warehouse","packageSize":"","cupPrice":"","categoryIds":["cw-beauty/cw-fragrances"],"locations":{"ALL":{"price":9.99,"discountRate":60,"promo":"","orgPrice":24.99}},"similarProducts":[]},{"id":"cw-84565","name":"AFL Fragrance Adelaide Crows Football Club Eau De Toilette 100ml Spray 2017","brand":"AFL","imageUrls":["https://static.chemistwarehouse.com.au/ams/media/pi/84565/F2D_800.jpg"],"storeId":"chemist-warehouse","packageSize":"","cupPrice":"","categoryIds":["cw-beauty/cw-fragrances"],"locations":{"ALL":{"price":9.99,"discountRate":60,"promo":"","orgPrice":24.99}},"similarProducts":[]},{"id":"cw-88936","name":"AFL Fragrance Port Adelaide Power Eau De Toilette 100ml Spray","brand":"AFL","imageUrls":["https://static.chemistwarehouse.com.au/ams/media/pi/88936/F2D_800.jpg"],"storeId":"chemist-warehouse","packageSize":"","cupPrice":"","categoryIds":["cw-beauty/cw-fragrances"],"locations":{"ALL":{"price":9.99,"discountRate":60,"promo":"","orgPrice":24.99}},"similarProducts":[]},{"id":"cw-88931","name":"AFL Fragrance Gold Coast Suns Eau De Toilette 100ml Spray","brand":"AFL","imageUrls":["https://static.chemistwarehouse.com.au/ams/media/pi/88931/F2D_800.jpg"],"storeId":"chemist-warehouse","packageSize":"","cupPrice":"","categoryIds":["cw-beauty/cw-fragrances"],"locations":{"ALL":{"price":9.99,"discountRate":60,"promo":"","orgPrice":24.99}},"similarProducts":[]},{"id":"cw-84594","name":"NRL Fragrance Penrith Panthers Eau De Toilette 100ml Spray 2017","brand":"NRL","imageUrls":["https://static.chemistwarehouse.com.au/ams/media/pi/84594/F2D_800.jpg"],"storeId":"chemist-warehouse","packageSize":"","cupPrice":"","categoryIds":["cw-beauty/cw-fragrances"],"locations":{"ALL":{"price":9.99,"discountRate":60,"promo":"","orgPrice":24.99}},"similarProducts":[]},{"id":"cw-88946","name":"NRL Fragrance Gold Coast Titans Eau De Toilette 100ml Spray","brand":"NRL","imageUrls":["https://static.chemistwarehouse.com.au/ams/media/pi/88946/F2D_800.jpg"],"storeId":"chemist-warehouse","packageSize":"","cupPrice":"","categoryIds":["cw-beauty/cw-fragrances"],"locations":{"ALL":{"price":9.99,"discountRate":60,"promo":"","orgPrice":24.99}},"similarProducts":[]},{"id":"cw-84592","name":"NRL Fragrance North Queensland Cowboys Eau De Toilette 100ml Spray 2017","brand":"NRL","imageUrls":["https://static.chemistwarehouse.com.au/ams/media/pi/84592/F2D_800.jpg"],"storeId":"chemist-warehouse","packageSize":"","cupPrice":"","categoryIds":["cw-beauty/cw-fragrances"],"locations":{"ALL":{"price":9.99,"discountRate":60,"promo":"","orgPrice":24.99}},"similarProducts":[]},{"id":"cw-84572","name":"AFL Fragrance Gold Coast Suns Football Club Eau De Toilette 100ml Spray 2017","brand":"AFL","imageUrls":["https://static.chemistwarehouse.com.au/ams/media/pi/84572/F2D_800.jpg"],"storeId":"chemist-warehouse","packageSize":"","cupPrice":"","categoryIds":["cw-beauty/cw-fragrances"],"locations":{"ALL":{"price":9.99,"discountRate":60,"promo":"","orgPrice":24.99}},"similarProducts":[]},{"id":"cw-88932","name":"AFL Fragrance GWS Giants Eau De Toilette 100ml Spray","brand":"AFL","imageUrls":["https://static.chemistwarehouse.com.au/ams/media/pi/88932/F2D_800.jpg"],"storeId":"chemist-warehouse","packageSize":"","cupPrice":"","categoryIds":["cw-beauty/cw-fragrances"],"locations":{"ALL":{"price":9.99,"discountRate":60,"promo":"","orgPrice":24.99}},"similarProducts":[]},{"id":"cw-88934","name":"AFL Fragrance Melbourne Demons Eau De Toilette 100ml Spray","brand":"AFL","imageUrls":["https://static.chemistwarehouse.com.au/ams/media/pi/88934/F2D_800.jpg"],"storeId":"chemist-warehouse","packageSize":"","cupPrice":"","categoryIds":["cw-beauty/cw-fragrances"],"locations":{"ALL":{"price":9.99,"discountRate":60,"promo":"","orgPrice":24.99}},"similarProducts":[]},{"id":"cw-58196","name":"YSL Touche Eclat No. 2","brand":"Yves Saint Laurent","imageUrls":["https://static.chemistwarehouse.com.au/ams/media/pi/58196/2DF_800.jpg"],"storeId":"chemist-warehouse","packageSize":"","cupPrice":"","categoryIds":["cw-beauty/cw-cosmetics"],"locations":{"ALL":{"price":34.99,"discountRate":50,"promo":"","orgPrice":70}},"similarProducts":[]},{"id":"cw-58195","name":"YSL Touche Eclat No. 1 Original","brand":"Yves Saint Laurent","imageUrls":["https://static.chemistwarehouse.com.au/ams/media/pi/58195/2DF_800.jpg"],"storeId":"chemist-warehouse","packageSize":"","cupPrice":"","categoryIds":["cw-beauty/cw-cosmetics"],"locations":{"ALL":{"price":34.99,"discountRate":50,"promo":"","orgPrice":70}},"similarProducts":[]},{"id":"cw-94001","name":"Maybelline Baby Lips Sport SPF 20","brand":"Maybelline","imageUrls":["https://static.chemistwarehouse.com.au/ams/media/pi/94001/F2D_800.jpg"],"storeId":"chemist-warehouse","packageSize":"","cupPrice":"","categoryIds":["cw-beauty/cw-cosmetics"],"locations":{"ALL":{"price":1,"discountRate":80,"promo":"","orgPrice":4.95}},"similarProducts":[]},{"id":"cw-85020","name":"Nude by Nature Flawless Foundation W2 Ivory","brand":"Nude by Nature","imageUrls":["https://static.chemistwarehouse.com.au/ams/media/pi/85020/F2D_800.jpg"],"storeId":"chemist-warehouse","packageSize":"","cupPrice":"","categoryIds":["cw-beauty/cw-cosmetics"],"locations":{"ALL":{"price":10,"discountRate":75,"promo":"","orgPrice":39.95}},"similarProducts":[]},{"id":"cw-91894","name":"L'Oreal Wake Up & Glow Skin Enhancer 01 Porcelin","brand":"Loreal","imageUrls":["https://static.chemistwarehouse.com.au/ams/media/pi/91894/2DF_800.jpg"],"storeId":"chemist-warehouse","packageSize":"","cupPrice":"","categoryIds":["cw-beauty/cw-cosmetics"],"locations":{"ALL":{"price":5,"discountRate":77,"promo":"","orgPrice":21.95}},"similarProducts":[]},{"id":"cw-78506","name":"L'Oreal Color Riche Eyes Nude Palette 001 Rose","brand":"Loreal","imageUrls":["https://static.chemistwarehouse.com.au/ams/media/pi/78506/2DB_800.jpg"],"storeId":"chemist-warehouse","packageSize":"","cupPrice":"","categoryIds":["cw-beauty/cw-cosmetics"],"locations":{"ALL":{"price":6,"discountRate":80,"promo":"","orgPrice":29.95}},"similarProducts":[]},{"id":"cw-81737","name":"Nude by Nature Contour Fluid Trio","brand":"Nude by Nature","imageUrls":["https://static.chemistwarehouse.com.au/ams/media/pi/81737/F2D_800.jpg"],"storeId":"chemist-warehouse","packageSize":"","cupPrice":"","categoryIds":["cw-beauty/cw-cosmetics"],"locations":{"ALL":{"price":12,"discountRate":70,"promo":"","orgPrice":39.95}},"similarProducts":[]},{"id":"cw-81749","name":"Nude by Nature Liquid Mineral Foundation Medium 30ml","brand":"Nude by Nature","imageUrls":["https://static.chemistwarehouse.com.au/ams/media/pi/81749/F2D_800.jpg"],"storeId":"chemist-warehouse","packageSize":"","cupPrice":"","categoryIds":["cw-beauty/cw-cosmetics"],"locations":{"ALL":{"price":10,"discountRate":75,"promo":"","orgPrice":39.95}},"similarProducts":[]},{"id":"cw-74705","name":"Rimmel Lasting Finish Foundation 25hr Ivory","brand":"Rimmel","imageUrls":["https://static.chemistwarehouse.com.au/ams/media/pi/74705/2DB_800.jpg"],"storeId":"chemist-warehouse","packageSize":"","cupPrice":"","categoryIds":["cw-beauty/cw-cosmetics"],"locations":{"ALL":{"price":5,"discountRate":74,"promo":"","orgPrice":18.95}},"similarProducts":[]},{"id":"cw-93453","name":"L'Oreal Rouge Signature Matte Lipstick Metal 203 Magnetiz","brand":"Loreal","imageUrls":["https://static.chemistwarehouse.com.au/ams/media/pi/93453/2DF_800.jpg"],"storeId":"chemist-warehouse","packageSize":"","cupPrice":"","categoryIds":["cw-beauty/cw-cosmetics"],"locations":{"ALL":{"price":6,"discountRate":76,"promo":"","orgPrice":24.95}},"similarProducts":[]},{"id":"cw-77327","name":"Rimmel Supercurler Mascara Black 001","brand":"Rimmel","imageUrls":["https://static.chemistwarehouse.com.au/ams/media/pi/77327/2DF_800.jpg"],"storeId":"chemist-warehouse","packageSize":"","cupPrice":"","categoryIds":["cw-beauty/cw-cosmetics"],"locations":{"ALL":{"price":5,"discountRate":72,"promo":"","orgPrice":17.95}},"similarProducts":[]},{"id":"cw-81752","name":"Nude by Nature Liquid Mineral Foundation Light 30ml","brand":"Nude by Nature","imageUrls":["https://static.chemistwarehouse.com.au/ams/media/pi/81752/F2D_800.jpg"],"storeId":"chemist-warehouse","packageSize":"","cupPrice":"","categoryIds":["cw-beauty/cw-cosmetics"],"locations":{"ALL":{"price":10,"discountRate":75,"promo":"","orgPrice":39.95}},"similarProducts":[]},{"id":"cw-83154","name":"Maybelline V-Face Contour & Highlight Duo Stick - Light","brand":"Maybelline","imageUrls":["https://static.chemistwarehouse.com.au/ams/media/pi/83154/2DF_800.jpg"],"storeId":"chemist-warehouse","packageSize":"","cupPrice":"","categoryIds":["cw-beauty/cw-cosmetics"],"locations":{"ALL":{"price":5,"discountRate":75,"promo":"","orgPrice":19.95}},"similarProducts":[]},{"id":"cw-93711","name":"Sally Hansen Miracle Gel Shhhh-Immer","brand":"Sally Hansen","imageUrls":["https://static.chemistwarehouse.com.au/ams/media/pi/93711/3DF_800.jpg"],"storeId":"chemist-warehouse","packageSize":"","cupPrice":"","categoryIds":["cw-beauty/cw-cosmetics"],"locations":{"ALL":{"price":5,"discountRate":71,"promo":"","orgPrice":16.95}},"similarProducts":[]},{"id":"cw-91879","name":"L'Oreal Rouge Signature Matte Lipstick 104 I Rebel","brand":"Loreal","imageUrls":["https://static.chemistwarehouse.com.au/ams/media/pi/91879/2DF_800.jpg"],"storeId":"chemist-warehouse","packageSize":"","cupPrice":"","categoryIds":["cw-beauty/cw-cosmetics"],"locations":{"ALL":{"price":6,"discountRate":76,"promo":"","orgPrice":24.95}},"similarProducts":[]},{"id":"cw-84491","name":"Rimmel Insta Conceal & Contour Kit #020 Medium","brand":"Rimmel","imageUrls":["https://static.chemistwarehouse.com.au/ams/media/pi/84491/2DF_800.jpg"],"storeId":"chemist-warehouse","packageSize":"","cupPrice":"","categoryIds":["cw-beauty/cw-cosmetics"],"locations":{"ALL":{"price":5,"discountRate":74,"promo":"","orgPrice":18.95}},"similarProducts":[]},{"id":"cw-85740","name":"Rimmel Lasting Finish Breathable Foundation 010 Light Porcelain","brand":"Rimmel","imageUrls":["https://static.chemistwarehouse.com.au/ams/media/pi/85740/2DB_800.jpg"],"storeId":"chemist-warehouse","packageSize":"","cupPrice":"","categoryIds":["cw-beauty/cw-cosmetics"],"locations":{"ALL":{"price":6,"discountRate":74,"promo":"","orgPrice":22.95}},"similarProducts":[]},{"id":"cw-81751","name":"Nude by Nature Liquid Mineral Foundation Fair 30ml","brand":"Nude by Nature","imageUrls":["https://static.chemistwarehouse.com.au/ams/media/pi/81751/F2D_800.jpg"],"storeId":"chemist-warehouse","packageSize":"","cupPrice":"","categoryIds":["cw-beauty/cw-cosmetics"],"locations":{"ALL":{"price":10,"discountRate":75,"promo":"","orgPrice":39.95}},"similarProducts":[]},{"id":"cw-78507","name":"L'Oreal Color Riche Eyes Nude Palette 002 Beige","brand":"Loreal","imageUrls":["https://static.chemistwarehouse.com.au/ams/media/pi/78507/2DB_800.jpg"],"storeId":"chemist-warehouse","packageSize":"","cupPrice":"","categoryIds":["cw-beauty/cw-cosmetics"],"locations":{"ALL":{"price":8,"discountRate":73,"promo":"","orgPrice":29.95}},"similarProducts":[]},{"id":"cw-69191","name":"Sally Hansen Complete Salon Manicure Shell We Dance","brand":"Sally Hansen","imageUrls":["https://static.chemistwarehouse.com.au/ams/media/pi/69191/F2D_800.jpg"],"storeId":"chemist-warehouse","packageSize":"","cupPrice":"","categoryIds":["cw-beauty/cw-cosmetics"],"locations":{"ALL":{"price":5,"discountRate":67,"promo":"","orgPrice":14.95}},"similarProducts":[]},{"id":"cw-84276","name":"Maybelline Tattoo Brow 3 Day Gel Tint - Grey Brown","brand":"Maybelline","imageUrls":["https://static.chemistwarehouse.com.au/ams/media/pi/84276/2DF_800.jpg"],"storeId":"chemist-warehouse","packageSize":"","cupPrice":"","categoryIds":["cw-beauty/cw-cosmetics"],"locations":{"ALL":{"price":10,"discountRate":60,"promo":"","orgPrice":24.95}},"similarProducts":[]},{"id":"cw-74698","name":"Rimmel Exaggerate Auto Waterproof Eye Definer Rich Brown","brand":"Rimmel","imageUrls":["https://static.chemistwarehouse.com.au/ams/media/pi/74698/2DB_800.jpg"],"storeId":"chemist-warehouse","packageSize":"","cupPrice":"","categoryIds":["cw-beauty/cw-cosmetics"],"locations":{"ALL":{"price":5,"discountRate":61,"promo":"","orgPrice":12.95}},"similarProducts":[]},{"id":"cw-87949","name":"L'Oreal Wake Up And Glow BB Cream 02 Medium/Light","brand":"Loreal","imageUrls":["https://static.chemistwarehouse.com.au/ams/media/pi/87949/2DF_800.jpg"],"storeId":"chemist-warehouse","packageSize":"","cupPrice":"","categoryIds":["cw-beauty/cw-cosmetics"],"locations":{"ALL":{"price":8,"discountRate":68,"promo":"","orgPrice":24.95}},"similarProducts":[]},{"id":"cw-71200","name":"Rimmel Stay Matte Primer","brand":"Rimmel","imageUrls":["https://static.chemistwarehouse.com.au/ams/media/pi/71200/2DF_800.jpg"],"storeId":"chemist-warehouse","packageSize":"","cupPrice":"","categoryIds":["cw-beauty/cw-cosmetics"],"locations":{"ALL":{"price":5,"discountRate":64,"promo":"","orgPrice":13.95}},"similarProducts":[]},{"id":"cw-74708","name":"Rimmel Lasting Finish Foundation 25hr Natural Beige","brand":"Rimmel","imageUrls":["https://static.chemistwarehouse.com.au/ams/media/pi/74708/2DF_800.jpg"],"storeId":"chemist-warehouse","packageSize":"","cupPrice":"","categoryIds":["cw-beauty/cw-cosmetics"],"locations":{"ALL":{"price":5,"discountRate":74,"promo":"","orgPrice":18.95}},"similarProducts":[]},{"id":"cw-86582","name":"Maybelline Brow Precise Fiber Filler Eyebrow Gel - Soft Brown","brand":"Maybelline","imageUrls":["https://static.chemistwarehouse.com.au/ams/media/pi/86582/2DF_800.jpg"],"storeId":"chemist-warehouse","packageSize":"","cupPrice":"","categoryIds":["cw-beauty/cw-cosmetics"],"locations":{"ALL":{"price":6,"discountRate":62,"promo":"","orgPrice":15.95}},"similarProducts":[]},{"id":"cw-86574","name":"L'Oreal Superliner Eyeliner Kajal Black","brand":"Loreal","imageUrls":["https://static.chemistwarehouse.com.au/ams/media/pi/86574/2DF_800.jpg"],"storeId":"chemist-warehouse","packageSize":"","cupPrice":"","categoryIds":["cw-beauty/cw-cosmetics"],"locations":{"ALL":{"price":8,"discountRate":60,"promo":"","orgPrice":19.95}},"similarProducts":[]},{"id":"cw-85019","name":"Nude by Nature Flawless Foundation N7 Warm Nude","brand":"Nude by Nature","imageUrls":["https://static.chemistwarehouse.com.au/ams/media/pi/85019/F2D_800.jpg"],"storeId":"chemist-warehouse","packageSize":"","cupPrice":"","categoryIds":["cw-beauty/cw-cosmetics"],"locations":{"ALL":{"price":10,"discountRate":75,"promo":"","orgPrice":39.95}},"similarProducts":[]},{"id":"cw-83031","name":"L'Oreal True Match Highlight Powder 202 ROSE","brand":"Loreal","imageUrls":["https://static.chemistwarehouse.com.au/ams/media/pi/83031/2DF_800.jpg"],"storeId":"chemist-warehouse","packageSize":"","cupPrice":"","categoryIds":["cw-beauty/cw-cosmetics"],"locations":{"ALL":{"price":8,"discountRate":60,"promo":"","orgPrice":19.95}},"similarProducts":[]},{"id":"cw-84195","name":"Rimmel Volume Shake Mascara Extreme Black","brand":"Rimmel","imageUrls":["https://static.chemistwarehouse.com.au/ams/media/pi/84195/F2D_800.jpg"],"storeId":"chemist-warehouse","packageSize":"","cupPrice":"","categoryIds":["cw-beauty/cw-cosmetics"],"locations":{"ALL":{"price":5,"discountRate":74,"promo":"","orgPrice":18.95}},"similarProducts":[]},{"id":"cw-73817","name":"Revlon Photoready Makeup Natural Beige","brand":"Revlon","imageUrls":["https://static.chemistwarehouse.com.au/ams/media/pi/73817/2DB_800.jpg"],"storeId":"chemist-warehouse","packageSize":"","cupPrice":"","categoryIds":["cw-beauty/cw-cosmetics"],"locations":{"ALL":{"price":6,"discountRate":84,"promo":"","orgPrice":36.95}},"similarProducts":[]},{"id":"cw-86615","name":"Maybelline Curviture Liquid Eyeliner","brand":"Maybelline","imageUrls":["https://static.chemistwarehouse.com.au/ams/media/pi/86615/2DF_800.jpg"],"storeId":"chemist-warehouse","packageSize":"","cupPrice":"","categoryIds":["cw-beauty/cw-cosmetics"],"locations":{"ALL":{"price":5,"discountRate":74,"promo":"","orgPrice":18.95}},"similarProducts":[]},{"id":"cw-83158","name":"Maybelline Color Sensational Loaded Bolds Lipstick Blackest Berry","brand":"Maybelline","imageUrls":["https://static.chemistwarehouse.com.au/ams/media/pi/83158/2DF_800.jpg"],"storeId":"chemist-warehouse","packageSize":"","cupPrice":"","categoryIds":["cw-beauty/cw-cosmetics"],"locations":{"ALL":{"price":2,"discountRate":89,"promo":"","orgPrice":17.95}},"similarProducts":[]},{"id":"cw-87950","name":"L'Oreal Wake Up And Glow BB Cream 03 Medium","brand":"Loreal","imageUrls":["https://static.chemistwarehouse.com.au/ams/media/pi/87950/2DF_800.jpg"],"storeId":"chemist-warehouse","packageSize":"","cupPrice":"","categoryIds":["cw-beauty/cw-cosmetics"],"locations":{"ALL":{"price":8,"discountRate":68,"promo":"","orgPrice":24.95}},"similarProducts":[]},{"id":"cw-73820","name":"Revlon Photoready Makeup Shell","brand":"Revlon","imageUrls":["https://static.chemistwarehouse.com.au/ams/media/pi/73820/2DB_800.jpg"],"storeId":"chemist-warehouse","packageSize":"","cupPrice":"","categoryIds":["cw-beauty/cw-cosmetics"],"locations":{"ALL":{"price":6,"discountRate":84,"promo":"","orgPrice":36.95}},"similarProducts":[]},{"id":"cw-82285","name":"Nude by Nature Pressed Mineral Cover Beige 10g","brand":"Nude by Nature","imageUrls":["https://static.chemistwarehouse.com.au/ams/media/pi/82285/F2D_800.jpg"],"storeId":"chemist-warehouse","packageSize":"","cupPrice":"","categoryIds":["cw-beauty/cw-cosmetics"],"locations":{"ALL":{"price":10,"discountRate":75,"promo":"","orgPrice":39.95}},"similarProducts":[]},{"id":"cw-77135","name":"L'Oreal Le Rouge Infallible Lipstick 337 Refined Ruby","brand":"Loreal","imageUrls":["https://static.chemistwarehouse.com.au/ams/media/pi/77135/2DF_800.jpg"],"storeId":"chemist-warehouse","packageSize":"","cupPrice":"","categoryIds":["cw-beauty/cw-cosmetics"],"locations":{"ALL":{"price":6,"discountRate":76,"promo":"","orgPrice":24.95}},"similarProducts":[]},{"id":"cw-84556","name":"Rimmel Wonderwing Liner","brand":"Rimmel","imageUrls":["https://static.chemistwarehouse.com.au/ams/media/pi/84556/2DF_800.jpg"],"storeId":"chemist-warehouse","packageSize":"","cupPrice":"","categoryIds":["cw-beauty/cw-cosmetics"],"locations":{"ALL":{"price":5,"discountRate":69,"promo":"","orgPrice":15.95}},"similarProducts":[]},{"id":"cw-84527","name":"Revlon Youth FX Forehead Wrinkle Filler","brand":"Revlon","imageUrls":["https://static.chemistwarehouse.com.au/ams/media/pi/84527/3DF_800.jpg"],"storeId":"chemist-warehouse","packageSize":"","cupPrice":"","categoryIds":["cw-beauty/cw-cosmetics"],"locations":{"ALL":{"price":8,"discountRate":73,"promo":"","orgPrice":29.95}},"similarProducts":[]},{"id":"cw-101659","name":"Maybelline The Falsies Lash Lift Volumising Waterproof Mascara Very Black","brand":"Maybelline","imageUrls":["https://static.chemistwarehouse.com.au/ams/media/pi/101659/2DF_800.jpg"],"storeId":"chemist-warehouse","packageSize":"","cupPrice":"","categoryIds":["cw-beauty/cw-cosmetics"],"locations":{"ALL":{"price":12.47,"discountRate":50,"promo":"","orgPrice":24.95}},"similarProducts":[]},{"id":"cw-73816","name":"Revlon Photoready Makeup Medium Beige","brand":"Revlon","imageUrls":["https://static.chemistwarehouse.com.au/ams/media/pi/73816/2DB_800.jpg"],"storeId":"chemist-warehouse","packageSize":"","cupPrice":"","categoryIds":["cw-beauty/cw-cosmetics"],"locations":{"ALL":{"price":6,"discountRate":84,"promo":"","orgPrice":36.95}},"similarProducts":[]},{"id":"cw-86608","name":"Maybelline Master Camo Colour Correcting Concealer Pen - Yellow to brighten dullness","brand":"Maybelline","imageUrls":["https://static.chemistwarehouse.com.au/ams/media/pi/86608/2DF_800.jpg"],"storeId":"chemist-warehouse","packageSize":"","cupPrice":"","categoryIds":["cw-beauty/cw-cosmetics"],"locations":{"ALL":{"price":5,"discountRate":72,"promo":"","orgPrice":17.95}},"similarProducts":[]},{"id":"cw-76396","name":"Revlon Ultra High Definition Lip Lacquer Pink Diamond","brand":"Revlon","imageUrls":["https://static.chemistwarehouse.com.au/ams/media/pi/76396/2DF_800.jpg"],"storeId":"chemist-warehouse","packageSize":"","cupPrice":"","categoryIds":["cw-beauty/cw-cosmetics"],"locations":{"ALL":{"price":5,"discountRate":80,"promo":"","orgPrice":24.95}},"similarProducts":[]},{"id":"cw-73818","name":"Revlon Photoready Makeup Nude","brand":"Revlon","imageUrls":["https://static.chemistwarehouse.com.au/ams/media/pi/73818/2DB_800.jpg"],"storeId":"chemist-warehouse","packageSize":"","cupPrice":"","categoryIds":["cw-beauty/cw-cosmetics"],"locations":{"ALL":{"price":6,"discountRate":84,"promo":"","orgPrice":36.95}},"similarProducts":[]},{"id":"cw-83806","name":"Rimmel Volume Shake Mascara","brand":"Rimmel","imageUrls":["https://static.chemistwarehouse.com.au/ams/media/pi/83806/3DF_800.jpg"],"storeId":"chemist-warehouse","packageSize":"","cupPrice":"","categoryIds":["cw-beauty/cw-cosmetics"],"locations":{"ALL":{"price":5,"discountRate":74,"promo":"","orgPrice":18.95}},"similarProducts":[]},{"id":"cw-89049","name":"Revlon Super Lustrous Matte 006 Show Stopper","brand":"Revlon","imageUrls":["https://static.chemistwarehouse.com.au/ams/media/pi/89049/2DF_800.jpg"],"storeId":"chemist-warehouse","packageSize":"","cupPrice":"","categoryIds":["cw-beauty/cw-cosmetics"],"locations":{"ALL":{"price":8,"discountRate":68,"promo":"","orgPrice":24.95}},"similarProducts":[]},{"id":"cw-75692","name":"Rimmel 60 Seconds Nail Polish Instyle Coral","brand":"Rimmel","imageUrls":["https://static.chemistwarehouse.com.au/ams/media/pi/75692/2DF_800.jpg"],"storeId":"chemist-warehouse","packageSize":"","cupPrice":"","categoryIds":["cw-beauty/cw-cosmetics"],"locations":{"ALL":{"price":3,"discountRate":57,"promo":"","orgPrice":6.95}},"similarProducts":[]},{"id":"cw-85023","name":"Nude by Nature Flawless Foundation W8 Classic tan","brand":"Nude by Nature","imageUrls":["https://static.chemistwarehouse.com.au/ams/media/pi/85023/F2D_800.jpg"],"storeId":"chemist-warehouse","packageSize":"","cupPrice":"","categoryIds":["cw-beauty/cw-cosmetics"],"locations":{"ALL":{"price":10,"discountRate":75,"promo":"","orgPrice":39.95}},"similarProducts":[]},{"id":"cw-89057","name":"Revlon Super Lustrous Matte 051 Red Rules The World","brand":"Revlon","imageUrls":["https://static.chemistwarehouse.com.au/ams/media/pi/89057/2DF_800.jpg"],"storeId":"chemist-warehouse","packageSize":"","cupPrice":"","categoryIds":["cw-beauty/cw-cosmetics"],"locations":{"ALL":{"price":8,"discountRate":68,"promo":"","orgPrice":24.95}},"similarProducts":[]},{"id":"cw-101666","name":"Maybelline Nudes Of New York Eyeshadow Palette","brand":"Maybelline","imageUrls":["https://static.chemistwarehouse.com.au/ams/media/pi/101666/2DF_800.jpg"],"storeId":"chemist-warehouse","packageSize":"","cupPrice":"","categoryIds":["cw-beauty/cw-cosmetics"],"locations":{"ALL":{"price":17.47,"discountRate":50,"promo":"","orgPrice":34.95}},"similarProducts":[]},{"id":"cw-86597","name":"Maybelline Colossal Big Shot Volumizing Mascara - Baddest Black","brand":"Maybelline","imageUrls":["https://static.chemistwarehouse.com.au/ams/media/pi/86597/2DF_800.jpg"],"storeId":"chemist-warehouse","packageSize":"","cupPrice":"","categoryIds":["cw-beauty/cw-cosmetics"],"locations":{"ALL":{"price":5,"discountRate":75,"promo":"","orgPrice":19.95}},"similarProducts":[]},{"id":"cw-74858","name":"Sally Hansen Miracle Gel Mad Women","brand":"Sally Hansen","imageUrls":["https://static.chemistwarehouse.com.au/ams/media/pi/74858/2DF_800.jpg"],"storeId":"chemist-warehouse","packageSize":"","cupPrice":"","categoryIds":["cw-beauty/cw-cosmetics"],"locations":{"ALL":{"price":5,"discountRate":71,"promo":"","orgPrice":16.95}},"similarProducts":[]},{"id":"cw-76231","name":"Rimmel Brow This Way Eyebrow Gel 003 Dark Brown","brand":"Rimmel","imageUrls":["https://static.chemistwarehouse.com.au/ams/media/pi/76231/2DF_800.jpg"],"storeId":"chemist-warehouse","packageSize":"","cupPrice":"","categoryIds":["cw-beauty/cw-cosmetics"],"locations":{"ALL":{"price":5,"discountRate":61,"promo":"","orgPrice":12.95}},"similarProducts":[]},{"id":"cw-86282","name":"Revlon PhotoReady Insta Filter Foundation Natural Beige","brand":"Revlon","imageUrls":["https://static.chemistwarehouse.com.au/ams/media/pi/86282/2DF_800.jpg"],"storeId":"chemist-warehouse","packageSize":"","cupPrice":"","categoryIds":["cw-beauty/cw-cosmetics"],"locations":{"ALL":{"price":10,"discountRate":71,"promo":"","orgPrice":34.95}},"similarProducts":[]},{"id":"cw-84278","name":"Maybelline Tattoo Brow 3 Day Gel Tint - Medium Brown","brand":"Maybelline","imageUrls":["https://static.chemistwarehouse.com.au/ams/media/pi/84278/2DF_800.jpg"],"storeId":"chemist-warehouse","packageSize":"","cupPrice":"","categoryIds":["cw-beauty/cw-cosmetics"],"locations":{"ALL":{"price":10,"discountRate":60,"promo":"","orgPrice":24.95}},"similarProducts":[]},{"id":"cw-93006","name":"Sally Hansen Color Therapy Sheer Nirvana","brand":"Sally Hansen","imageUrls":["https://static.chemistwarehouse.com.au/ams/media/pi/93006/2DF_800.jpg"],"storeId":"chemist-warehouse","packageSize":"","cupPrice":"","categoryIds":["cw-beauty/cw-cosmetics"],"locations":{"ALL":{"price":5,"discountRate":71,"promo":"","orgPrice":16.95}},"similarProducts":[]},{"id":"cw-73033","name":"Maybelline Brow Drama Sculpting Brow Mascara Gel - Dark Brown","brand":"Maybelline","imageUrls":["https://static.chemistwarehouse.com.au/ams/media/pi/73033/2DB_800.jpg"],"storeId":"chemist-warehouse","packageSize":"","cupPrice":"","categoryIds":["cw-beauty/cw-cosmetics"],"locations":{"ALL":{"price":5,"discountRate":61,"promo":"","orgPrice":12.95}},"similarProducts":[]},{"id":"cw-76230","name":"Rimmel Brow This Way Eyebrow Gel 002 Medium Brown","brand":"Rimmel","imageUrls":["https://static.chemistwarehouse.com.au/ams/media/pi/76230/2DB_800.jpg"],"storeId":"chemist-warehouse","packageSize":"","cupPrice":"","categoryIds":["cw-beauty/cw-cosmetics"],"locations":{"ALL":{"price":5,"discountRate":61,"promo":"","orgPrice":12.95}},"similarProducts":[]},{"id":"cw-68801","name":"Maybelline Mega Plush Waterproof Volumizing Mascara - Very Black","brand":"Maybelline","imageUrls":["https://static.chemistwarehouse.com.au/ams/media/pi/68801/2DF_800.jpg"],"storeId":"chemist-warehouse","packageSize":"","cupPrice":"","categoryIds":["cw-beauty/cw-cosmetics"],"locations":{"ALL":{"price":8,"discountRate":60,"promo":"","orgPrice":19.95}},"similarProducts":[]},{"id":"cw-86575","name":"L'Oreal Superliner Eyeliner Kajal White","brand":"Loreal","imageUrls":["https://static.chemistwarehouse.com.au/ams/media/pi/86575/2DB_800.jpg"],"storeId":"chemist-warehouse","packageSize":"","cupPrice":"","categoryIds":["cw-beauty/cw-cosmetics"],"locations":{"ALL":{"price":6,"discountRate":70,"promo":"","orgPrice":19.95}},"similarProducts":[]},{"id":"cw-85252","name":"Maybelline Superstay 24HR Full Coverage Liquid Foundation - True Caramel 58","brand":"Maybelline","imageUrls":["https://static.chemistwarehouse.com.au/ams/media/pi/85252/2DF_800.jpg"],"storeId":"chemist-warehouse","packageSize":"","cupPrice":"","categoryIds":["cw-beauty/cw-cosmetics"],"locations":{"ALL":{"price":10,"discountRate":60,"promo":"","orgPrice":24.95}},"similarProducts":[]},{"id":"cw-90641","name":"L'Oreal Unbelievabrow Long Lasting Brow Gel 109 Ebony","brand":"Loreal","imageUrls":["https://static.chemistwarehouse.com.au/ams/media/pi/90641/ADD7_800.jpg"],"storeId":"chemist-warehouse","packageSize":"","cupPrice":"","categoryIds":["cw-beauty/cw-cosmetics"],"locations":{"ALL":{"price":10,"discountRate":67,"promo":"","orgPrice":29.95}},"similarProducts":[]},{"id":"cw-98205","name":"Nude by Nature Pressed Mattifying Mineral Veil 10g","brand":"Nude by Nature","imageUrls":[],"storeId":"chemist-warehouse","packageSize":"","cupPrice":"","categoryIds":["cw-beauty/cw-cosmetics"],"locations":{"ALL":{"price":8,"discountRate":73,"promo":"","orgPrice":29.99}},"similarProducts":[]},{"id":"cw-93451","name":"L'Oreal Rouge Signature Matte Lipstick Metal 205 Fascinate","brand":"Loreal","imageUrls":["https://static.chemistwarehouse.com.au/ams/media/pi/93451/2DF_800.jpg"],"storeId":"chemist-warehouse","packageSize":"","cupPrice":"","categoryIds":["cw-beauty/cw-cosmetics"],"locations":{"ALL":{"price":6,"discountRate":76,"promo":"","orgPrice":24.95}},"similarProducts":[]},{"id":"cw-78574","name":"Sally Hansen Miracle Gel Cream of the Crop","brand":"Sally Hansen","imageUrls":["https://static.chemistwarehouse.com.au/ams/media/pi/78574/2DF_800.jpg"],"storeId":"chemist-warehouse","packageSize":"","cupPrice":"","categoryIds":["cw-beauty/cw-cosmetics"],"locations":{"ALL":{"price":5,"discountRate":71,"promo":"","orgPrice":16.95}},"similarProducts":[]},{"id":"cw-77220","name":"Sally Hansen Complete Salon Manicure Wine Not","brand":"Sally Hansen","imageUrls":["https://static.chemistwarehouse.com.au/ams/media/pi/77220/2DF_800.jpg"],"storeId":"chemist-warehouse","packageSize":"","cupPrice":"","categoryIds":["cw-beauty/cw-cosmetics"],"locations":{"ALL":{"price":5,"discountRate":67,"promo":"","orgPrice":14.95}},"similarProducts":[]},{"id":"cw-84979","name":"Sally Hansen Color Therapy Couples Massage Limited Edition","brand":"Sally Hansen","imageUrls":["https://static.chemistwarehouse.com.au/ams/media/pi/84979/2DF_800.jpg"],"storeId":"chemist-warehouse","packageSize":"","cupPrice":"","categoryIds":["cw-beauty/cw-cosmetics"],"locations":{"ALL":{"price":5,"discountRate":71,"promo":"","orgPrice":16.95}},"similarProducts":[]},{"id":"cw-85022","name":"Nude by Nature Flawless Foundation W7 Spiced Sand","brand":"Nude by Nature","imageUrls":["https://static.chemistwarehouse.com.au/ams/media/pi/85022/F2D_800.jpg"],"storeId":"chemist-warehouse","packageSize":"","cupPrice":"","categoryIds":["cw-beauty/cw-cosmetics"],"locations":{"ALL":{"price":10,"discountRate":75,"promo":"","orgPrice":39.95}},"similarProducts":[]},{"id":"cw-87600","name":"Sally Hansen Complete Salon Manicure Rose To The Occasion","brand":"Sally Hansen","imageUrls":["https://static.chemistwarehouse.com.au/ams/media/pi/87600/2DF_800.jpg"],"storeId":"chemist-warehouse","packageSize":"","cupPrice":"","categoryIds":["cw-beauty/cw-cosmetics"],"locations":{"ALL":{"price":5,"discountRate":67,"promo":"","orgPrice":14.95}},"similarProducts":[]},{"id":"cw-81750","name":"Nude by Nature Liquid Mineral Foundation Dark 30ml","brand":"Nude by Nature","imageUrls":["https://static.chemistwarehouse.com.au/ams/media/pi/81750/F2D_800.jpg"],"storeId":"chemist-warehouse","packageSize":"","cupPrice":"","categoryIds":["cw-beauty/cw-cosmetics"],"locations":{"ALL":{"price":10,"discountRate":75,"promo":"","orgPrice":39.95}},"similarProducts":[]},{"id":"cw-93002","name":"Sally Hansen Color Therapy Calming Cranberry","brand":"Sally Hansen","imageUrls":["https://static.chemistwarehouse.com.au/ams/media/pi/93002/2DF_800.jpg"],"storeId":"chemist-warehouse","packageSize":"","cupPrice":"","categoryIds":["cw-beauty/cw-cosmetics"],"locations":{"ALL":{"price":5,"discountRate":71,"promo":"","orgPrice":16.95}},"similarProducts":[]},{"id":"cw-87948","name":"L'Oreal Wake Up And Glow BB Cream 01 Fair","brand":"Loreal","imageUrls":["https://static.chemistwarehouse.com.au/ams/media/pi/87948/2DF_800.jpg"],"storeId":"chemist-warehouse","packageSize":"","cupPrice":"","categoryIds":["cw-beauty/cw-cosmetics"],"locations":{"ALL":{"price":8,"discountRate":68,"promo":"","orgPrice":24.95}},"similarProducts":[]},{"id":"cw-93709","name":"Sally Hansen Miracle Gel Satel-Lite Pink Limited Edition","brand":"Sally Hansen","imageUrls":["https://static.chemistwarehouse.com.au/ams/media/pi/93709/F2D_800.jpg"],"storeId":"chemist-warehouse","packageSize":"","cupPrice":"","categoryIds":["cw-beauty/cw-cosmetics"],"locations":{"ALL":{"price":5,"discountRate":71,"promo":"","orgPrice":16.95}},"similarProducts":[]},{"id":"cw-82480","name":"Revlon Insta Fix Blush Rose Gold Kiss","brand":"Revlon","imageUrls":["https://static.chemistwarehouse.com.au/ams/media/pi/82480/2DF_800.jpg"],"storeId":"chemist-warehouse","packageSize":"","cupPrice":"","categoryIds":["cw-beauty/cw-cosmetics"],"locations":{"ALL":{"price":8,"discountRate":70,"promo":"","orgPrice":26.95}},"similarProducts":[]},{"id":"cw-86584","name":"Maybelline Color Sensational Mono Eyeshadow - Night","brand":"Maybelline","imageUrls":["https://static.chemistwarehouse.com.au/ams/media/pi/86584/2DF_800.jpg"],"storeId":"chemist-warehouse","packageSize":"","cupPrice":"","categoryIds":["cw-beauty/cw-cosmetics"],"locations":{"ALL":{"price":4,"discountRate":67,"promo":"","orgPrice":11.95}},"similarProducts":[]},{"id":"cw-93705","name":"Sally Hansen Miracle Gel Neblue-La Limited Edition","brand":"Sally Hansen","imageUrls":["https://static.chemistwarehouse.com.au/ams/media/pi/93705/F2D_800.jpg"],"storeId":"chemist-warehouse","packageSize":"","cupPrice":"","categoryIds":["cw-beauty/cw-cosmetics"],"locations":{"ALL":{"price":5,"discountRate":71,"promo":"","orgPrice":16.95}},"similarProducts":[]},{"id":"cw-82903","name":"Sally Hansen Complete Salon Manicure Hooked On Onyx","brand":"Sally Hansen","imageUrls":["https://static.chemistwarehouse.com.au/ams/media/pi/82903/2DF_800.jpg"],"storeId":"chemist-warehouse","packageSize":"","cupPrice":"","categoryIds":["cw-beauty/cw-cosmetics"],"locations":{"ALL":{"price":5,"discountRate":67,"promo":"","orgPrice":14.95}},"similarProducts":[]},{"id":"cw-94863","name":"Sally Hansen Miracle Gel Nail Polish Kris Krin-Gold 14.7ml","brand":"Sally Hansen","imageUrls":["https://static.chemistwarehouse.com.au/ams/media/pi/94863/F2D_800.jpg"],"storeId":"chemist-warehouse","packageSize":"","cupPrice":"","categoryIds":["cw-beauty/cw-cosmetics"],"locations":{"ALL":{"price":5,"discountRate":71,"promo":"","orgPrice":16.95}},"similarProducts":[]},{"id":"cw-84277","name":"Maybelline Tattoo Brow 3 Day Gel Tint - Light Brown","brand":"Maybelline","imageUrls":["https://static.chemistwarehouse.com.au/ams/media/pi/84277/2DF_800.jpg"],"storeId":"chemist-warehouse","packageSize":"","cupPrice":"","categoryIds":["cw-beauty/cw-cosmetics"],"locations":{"ALL":{"price":10,"discountRate":60,"promo":"","orgPrice":24.95}},"similarProducts":[]},{"id":"cw-78571","name":"Rimmel MagnifEyes Double Ended Shadow & Liner Rose Gold Brown","brand":"","imageUrls":["https://static.chemistwarehouse.com.au/ams/media/pi/78571/F2D_800.jpg"],"storeId":"chemist-warehouse","packageSize":"","cupPrice":"","categoryIds":["cw-beauty/cw-cosmetics"],"locations":{"ALL":{"price":5,"discountRate":71,"promo":"","orgPrice":16.95}},"similarProducts":[]},{"id":"cw-89545","name":"L'Oreal Infallible Blush Stick 001 Sexy Flush","brand":"Loreal","imageUrls":["https://static.chemistwarehouse.com.au/ams/media/pi/89545/2DF_800.jpg"],"storeId":"chemist-warehouse","packageSize":"","cupPrice":"","categoryIds":["cw-beauty/cw-cosmetics"],"locations":{"ALL":{"price":10,"discountRate":60,"promo":"","orgPrice":24.95}},"similarProducts":[]},{"id":"cw-87951","name":"L'Oreal Wake Up And Glow BB Cream 04 Medium/Dark","brand":"Loreal","imageUrls":["https://static.chemistwarehouse.com.au/ams/media/pi/87951/2DF_800.jpg"],"storeId":"chemist-warehouse","packageSize":"","cupPrice":"","categoryIds":["cw-beauty/cw-cosmetics"],"locations":{"ALL":{"price":8,"discountRate":68,"promo":"","orgPrice":24.95}},"similarProducts":[]},{"id":"cw-80052","name":"Rimmel Brow This Way Highlighting Pencil 002","brand":"Rimmel","imageUrls":["https://static.chemistwarehouse.com.au/ams/media/pi/80052/ADD3_800.jpg"],"storeId":"chemist-warehouse","packageSize":"","cupPrice":"","categoryIds":["cw-beauty/cw-cosmetics"],"locations":{"ALL":{"price":4,"discountRate":60,"promo":"","orgPrice":9.95}},"similarProducts":[]},{"id":"cw-76521","name":"Maybelline Baby Lips Candy Wow Lip Balm - Mixed Berry Bubblegum","brand":"Maybelline","imageUrls":["https://static.chemistwarehouse.com.au/ams/media/pi/76521/2DF_800.jpg"],"storeId":"chemist-warehouse","packageSize":"","cupPrice":"","categoryIds":["cw-beauty/cw-cosmetics"],"locations":{"ALL":{"price":3,"discountRate":57,"promo":"","orgPrice":6.95}},"similarProducts":[]},{"id":"cw-90821","name":"Sally Hansen Xtreme Wear Iris Illusion","brand":"Sally Hansen","imageUrls":["https://static.chemistwarehouse.com.au/ams/media/pi/90821/2DF_800.jpg"],"storeId":"chemist-warehouse","packageSize":"","cupPrice":"","categoryIds":["cw-beauty/cw-cosmetics"],"locations":{"ALL":{"price":3,"discountRate":57,"promo":"","orgPrice":6.95}},"similarProducts":[]},{"id":"cw-85734","name":"Rimmel Lasting Finish Breathable Concealer 200 Light","brand":"Rimmel","imageUrls":["https://static.chemistwarehouse.com.au/ams/media/pi/85734/2DF_800.jpg"],"storeId":"chemist-warehouse","packageSize":"","cupPrice":"","categoryIds":["cw-beauty/cw-cosmetics"],"locations":{"ALL":{"price":5,"discountRate":72,"promo":"","orgPrice":17.95}},"similarProducts":[]},{"id":"cw-76401","name":"Revlon Ultra High Definition Lip Lacquer Smoky Topaz","brand":"Revlon","imageUrls":["https://static.chemistwarehouse.com.au/ams/media/pi/76401/2DF_800.jpg"],"storeId":"chemist-warehouse","packageSize":"","cupPrice":"","categoryIds":["cw-beauty/cw-cosmetics"],"locations":{"ALL":{"price":5,"discountRate":80,"promo":"","orgPrice":24.95}},"similarProducts":[]},{"id":"cw-88651","name":"Rimmel 60 Seconds 905 Girl In Grey","brand":"Rimmel","imageUrls":["https://static.chemistwarehouse.com.au/ams/media/pi/88651/2DF_800.jpg"],"storeId":"chemist-warehouse","packageSize":"","cupPrice":"","categoryIds":["cw-beauty/cw-cosmetics"],"locations":{"ALL":{"price":3,"discountRate":50,"promo":"","orgPrice":5.95}},"similarProducts":[]},{"id":"cw-85754","name":"Rimmel Scandaleyes Waterproof Eyeliner Purple","brand":"Rimmel","imageUrls":["https://static.chemistwarehouse.com.au/ams/media/pi/85754/2DB_800.jpg"],"storeId":"chemist-warehouse","packageSize":"","cupPrice":"","categoryIds":["cw-beauty/cw-cosmetics"],"locations":{"ALL":{"price":5,"discountRate":54,"promo":"","orgPrice":10.95}},"similarProducts":[]},{"id":"cw-91220","name":"Sally Hansen Colour Therapy Berry Bliss","brand":"Sally Hansen","imageUrls":["https://static.chemistwarehouse.com.au/ams/media/pi/91220/F2D_800.jpg"],"storeId":"chemist-warehouse","packageSize":"","cupPrice":"","categoryIds":["cw-beauty/cw-cosmetics"],"locations":{"ALL":{"price":5,"discountRate":71,"promo":"","orgPrice":16.95}},"similarProducts":[]},{"id":"cw-74854","name":"Sally Hansen Miracle Gel Game of Chromes","brand":"Sally Hansen","imageUrls":["https://static.chemistwarehouse.com.au/ams/media/pi/74854/2DF_800.jpg"],"storeId":"chemist-warehouse","packageSize":"","cupPrice":"","categoryIds":["cw-beauty/cw-cosmetics"],"locations":{"ALL":{"price":5,"discountRate":71,"promo":"","orgPrice":16.95}},"similarProducts":[]},{"id":"cw-90314","name":"Maybelline Lemonade CrazeÂ Eyeshadow Palette","brand":"Maybelline","imageUrls":["https://static.chemistwarehouse.com.au/ams/media/pi/90314/2DF_800.jpg"],"storeId":"chemist-warehouse","packageSize":"","cupPrice":"","categoryIds":["cw-beauty/cw-cosmetics"],"locations":{"ALL":{"price":8,"discountRate":72,"promo":"","orgPrice":28.95}},"similarProducts":[]},{"id":"cw-76397","name":"Revlon Ultra High Definition Lip Lacquer Pink Ruby","brand":"Revlon","imageUrls":["https://static.chemistwarehouse.com.au/ams/media/pi/76397/2DF_800.jpg"],"storeId":"chemist-warehouse","packageSize":"","cupPrice":"","categoryIds":["cw-beauty/cw-cosmetics"],"locations":{"ALL":{"price":5,"discountRate":80,"promo":"","orgPrice":24.95}},"similarProducts":[]},{"id":"cw-87734","name":"Rimmel 60 Seconds Super Shine Nail Polish 820 Zinc Me 8ml","brand":"Rimmel","imageUrls":["https://static.chemistwarehouse.com.au/ams/media/pi/87734/3DF_800.jpg"],"storeId":"chemist-warehouse","packageSize":"","cupPrice":"","categoryIds":["cw-beauty/cw-cosmetics"],"locations":{"ALL":{"price":2,"discountRate":71,"promo":"","orgPrice":6.95}},"similarProducts":[]},{"id":"cw-73034","name":"Maybelline Brow Drama Sculpting Brow Mascara Gel - Medium Brown","brand":"Maybelline","imageUrls":["https://static.chemistwarehouse.com.au/ams/media/pi/73034/2DB_800.jpg"],"storeId":"chemist-warehouse","packageSize":"","cupPrice":"","categoryIds":["cw-beauty/cw-cosmetics"],"locations":{"ALL":{"price":5,"discountRate":61,"promo":"","orgPrice":12.95}},"similarProducts":[]},{"id":"cw-87735","name":"Rimmel 60 Seconds Super Shine Nail Polish 821 Dip In Gold 8ml","brand":"Rimmel","imageUrls":["https://static.chemistwarehouse.com.au/ams/media/pi/87735/2DF_800.jpg"],"storeId":"chemist-warehouse","packageSize":"","cupPrice":"","categoryIds":["cw-beauty/cw-cosmetics"],"locations":{"ALL":{"price":3,"discountRate":57,"promo":"","orgPrice":6.95}},"similarProducts":[]},{"id":"cw-83067","name":"L'Oreal Color Riche Vernis A LHuile Nail Polish 664 Greige Amoureux","brand":"Loreal","imageUrls":["https://static.chemistwarehouse.com.au/ams/media/pi/83067/2DF_800.jpg"],"storeId":"chemist-warehouse","packageSize":"","cupPrice":"","categoryIds":["cw-beauty/cw-cosmetics"],"locations":{"ALL":{"price":4,"discountRate":60,"promo":"","orgPrice":9.95}},"similarProducts":[]},{"id":"cw-90482","name":"Maybelline Tattoo Gel Liner 961 Sparkling Silver","brand":"Maybelline","imageUrls":["https://static.chemistwarehouse.com.au/ams/media/pi/90482/2DF_800.jpg"],"storeId":"chemist-warehouse","packageSize":"","cupPrice":"","categoryIds":["cw-beauty/cw-cosmetics"],"locations":{"ALL":{"price":5,"discountRate":67,"promo":"","orgPrice":14.95}},"similarProducts":[]},{"id":"cw-98204","name":"Nude by Nature Pressed Mineral Cover Fair 10g","brand":"Nude by Nature","imageUrls":[],"storeId":"chemist-warehouse","packageSize":"","cupPrice":"","categoryIds":["cw-beauty/cw-cosmetics"],"locations":{"ALL":{"price":10,"discountRate":75,"promo":"","orgPrice":39.95}},"similarProducts":[]},{"id":"cw-86281","name":"Revlon PhotoReady Insta Filter Foundation Medium Beige","brand":"Revlon","imageUrls":["https://static.chemistwarehouse.com.au/ams/media/pi/86281/2DF_800.jpg"],"storeId":"chemist-warehouse","packageSize":"","cupPrice":"","categoryIds":["cw-beauty/cw-cosmetics"],"locations":{"ALL":{"price":10,"discountRate":71,"promo":"","orgPrice":34.95}},"similarProducts":[]},{"id":"cw-76398","name":"Revlon Ultra High Definition Lip Lacquer Pink Sapphire","brand":"Revlon","imageUrls":["https://static.chemistwarehouse.com.au/ams/media/pi/76398/2DF_800.jpg"],"storeId":"chemist-warehouse","packageSize":"","cupPrice":"","categoryIds":["cw-beauty/cw-cosmetics"],"locations":{"ALL":{"price":5,"discountRate":80,"promo":"","orgPrice":24.95}},"similarProducts":[]},{"id":"cw-89247","name":"Maybelline Superstay Matte Ink Unnude Liquid Lipstick - Driver 55","brand":"Maybelline","imageUrls":["https://static.chemistwarehouse.com.au/ams/media/pi/89247/ADD3_800.jpg"],"storeId":"chemist-warehouse","packageSize":"","cupPrice":"","categoryIds":["cw-beauty/cw-cosmetics"],"locations":{"ALL":{"price":10,"discountRate":54,"promo":"","orgPrice":21.95}},"similarProducts":[]},{"id":"cw-89052","name":"Revlon Super Lustrous Matte 054 Femme Future Pnk","brand":"Revlon","imageUrls":["https://static.chemistwarehouse.com.au/ams/media/pi/89052/2DF_800.jpg"],"storeId":"chemist-warehouse","packageSize":"","cupPrice":"","categoryIds":["cw-beauty/cw-cosmetics"],"locations":{"ALL":{"price":8,"discountRate":68,"promo":"","orgPrice":24.95}},"similarProducts":[]},{"id":"cw-82551","name":"Rimmel The Only 1 Matte Lipstick Run the Show 800","brand":"Rimmel","imageUrls":["https://static.chemistwarehouse.com.au/ams/media/pi/82551/2DF_800.jpg"],"storeId":"chemist-warehouse","packageSize":"","cupPrice":"","categoryIds":["cw-beauty/cw-cosmetics"],"locations":{"ALL":{"price":5,"discountRate":69,"promo":"","orgPrice":15.95}},"similarProducts":[]},{"id":"cw-87152","name":"Rimmel Magnif'eyes Holographic Mono Eyeshadow Purple","brand":"Rimmel","imageUrls":["https://static.chemistwarehouse.com.au/ams/media/pi/87152/F2D_800.jpg"],"storeId":"chemist-warehouse","packageSize":"","cupPrice":"","categoryIds":["cw-beauty/cw-cosmetics"],"locations":{"ALL":{"price":4,"discountRate":63,"promo":"","orgPrice":10.95}},"similarProducts":[]},{"id":"cw-86665","name":"Sally Hansen Color Therapy Exotic Acai","brand":"Sally Hansen","imageUrls":["https://static.chemistwarehouse.com.au/ams/media/pi/86665/2DF_800.jpg"],"storeId":"chemist-warehouse","packageSize":"","cupPrice":"","categoryIds":["cw-beauty/cw-cosmetics"],"locations":{"ALL":{"price":5,"discountRate":71,"promo":"","orgPrice":16.95}},"similarProducts":[]},{"id":"cw-93700","name":"Sally Hansen Insta Dri Rose Flush","brand":"Sally Hansen","imageUrls":["https://static.chemistwarehouse.com.au/ams/media/pi/93700/3DF_800.jpg"],"storeId":"chemist-warehouse","packageSize":"","cupPrice":"","categoryIds":["cw-beauty/cw-cosmetics"],"locations":{"ALL":{"price":4,"discountRate":55,"promo":"","orgPrice":8.95}},"similarProducts":[]},{"id":"cw-76395","name":"Revlon Ultra High Definition Lip Lacquer Petalite","brand":"Revlon","imageUrls":["https://static.chemistwarehouse.com.au/ams/media/pi/76395/2DF_800.jpg"],"storeId":"chemist-warehouse","packageSize":"","cupPrice":"","categoryIds":["cw-beauty/cw-cosmetics"],"locations":{"ALL":{"price":5,"discountRate":80,"promo":"","orgPrice":24.95}},"similarProducts":[]},{"id":"cw-85743","name":"Rimmel Lasting Finish Breathable Foundation 303 True Nude","brand":"Rimmel","imageUrls":["https://static.chemistwarehouse.com.au/ams/media/pi/85743/2DB_800.jpg"],"storeId":"chemist-warehouse","packageSize":"","cupPrice":"","categoryIds":["cw-beauty/cw-cosmetics"],"locations":{"ALL":{"price":6,"discountRate":74,"promo":"","orgPrice":22.95}},"similarProducts":[]},{"id":"cw-83037","name":"L'Oreal Infallible Sexy Balm Sheer 102 Gossip","brand":"Loreal","imageUrls":["https://static.chemistwarehouse.com.au/ams/media/pi/83037/2DF_800.jpg"],"storeId":"chemist-warehouse","packageSize":"","cupPrice":"","categoryIds":["cw-beauty/cw-cosmetics"],"locations":{"ALL":{"price":5,"discountRate":67,"promo":"","orgPrice":14.95}},"similarProducts":[]},{"id":"cw-82588","name":"L'Oreal Infallible Total Cover Foundation 12 Natural Rose","brand":"Loreal","imageUrls":["https://static.chemistwarehouse.com.au/ams/media/pi/82588/2DF_800.jpg"],"storeId":"chemist-warehouse","packageSize":"","cupPrice":"","categoryIds":["cw-beauty/cw-cosmetics"],"locations":{"ALL":{"price":10,"discountRate":67,"promo":"","orgPrice":29.95}},"similarProducts":[]},{"id":"cw-82286","name":"Nude by Nature Pressed Mineral Cover Olive 10g","brand":"Nude by Nature","imageUrls":["https://static.chemistwarehouse.com.au/ams/media/pi/82286/F2D_800.jpg"],"storeId":"chemist-warehouse","packageSize":"","cupPrice":"","categoryIds":["cw-beauty/cw-cosmetics"],"locations":{"ALL":{"price":10,"discountRate":75,"promo":"","orgPrice":39.95}},"similarProducts":[]},{"id":"cw-78088","name":"Rimmel Moisture Renew Lipstick Dark Night Waterl-Oops","brand":"Rimmel","imageUrls":["https://static.chemistwarehouse.com.au/ams/media/pi/78088/2DF_800.jpg"],"storeId":"chemist-warehouse","packageSize":"","cupPrice":"","categoryIds":["cw-beauty/cw-cosmetics"],"locations":{"ALL":{"price":5,"discountRate":64,"promo":"","orgPrice":13.95}},"similarProducts":[]},{"id":"cw-83532","name":"Revlon Colorstay Brow Crayon Dark Brown","brand":"Revlon","imageUrls":["https://static.chemistwarehouse.com.au/ams/media/pi/83532/2DF_800.jpg"],"storeId":"chemist-warehouse","packageSize":"","cupPrice":"","categoryIds":["cw-beauty/cw-cosmetics"],"locations":{"ALL":{"price":6,"discountRate":77,"promo":"","orgPrice":25.95}},"similarProducts":[]},{"id":"cw-83034","name":"L'Oreal Infallible Sexy Balm Bold 203 Yala Yolo","brand":"Loreal","imageUrls":["https://static.chemistwarehouse.com.au/ams/media/pi/83034/2DF_800.jpg"],"storeId":"chemist-warehouse","packageSize":"","cupPrice":"","categoryIds":["cw-beauty/cw-cosmetics"],"locations":{"ALL":{"price":5,"discountRate":67,"promo":"","orgPrice":14.95}},"similarProducts":[]},{"id":"cw-88232","name":"Rimmel Stay Satin Liquid Lip Colour 500 Redical","brand":"Rimmel","imageUrls":["https://static.chemistwarehouse.com.au/ams/media/pi/88232/3DF_800.jpg"],"storeId":"chemist-warehouse","packageSize":"","cupPrice":"","categoryIds":["cw-beauty/cw-cosmetics"],"locations":{"ALL":{"price":5,"discountRate":67,"promo":"","orgPrice":14.95}},"similarProducts":[]},{"id":"cw-85018","name":"Nude by Nature Flawless Foundation N6 Olive","brand":"Nude by Nature","imageUrls":["https://static.chemistwarehouse.com.au/ams/media/pi/85018/F2D_800.jpg"],"storeId":"chemist-warehouse","packageSize":"","cupPrice":"","categoryIds":["cw-beauty/cw-cosmetics"],"locations":{"ALL":{"price":10,"discountRate":75,"promo":"","orgPrice":39.95}},"similarProducts":[]},{"id":"cw-82906","name":"Sally Hansen Complete Salon Manicure World is Oyster","brand":"Sally Hansen","imageUrls":["https://static.chemistwarehouse.com.au/ams/media/pi/82906/2DF_800.jpg"],"storeId":"chemist-warehouse","packageSize":"","cupPrice":"","categoryIds":["cw-beauty/cw-cosmetics"],"locations":{"ALL":{"price":5,"discountRate":67,"promo":"","orgPrice":14.95}},"similarProducts":[]},{"id":"cw-84467","name":"Maybelline Color Sensational Loaded Bolds Lipstick Sapphire Siren","brand":"","imageUrls":["https://static.chemistwarehouse.com.au/ams/media/pi/84467/2DF_800.jpg"],"storeId":"chemist-warehouse","packageSize":"","cupPrice":"","categoryIds":["cw-beauty/cw-cosmetics"],"locations":{"ALL":{"price":2,"discountRate":89,"promo":"","orgPrice":17.95}},"similarProducts":[]},{"id":"cw-93238","name":"Sally Hansen Color Therapy Daisy Dreaming","brand":"Sally Hansen","imageUrls":["https://static.chemistwarehouse.com.au/ams/media/pi/93238/2DF_800.jpg"],"storeId":"chemist-warehouse","packageSize":"","cupPrice":"","categoryIds":["cw-beauty/cw-cosmetics"],"locations":{"ALL":{"price":6,"discountRate":65,"promo":"","orgPrice":16.95}},"similarProducts":[]},{"id":"cw-76982","name":"L'Oreal Infallible Matte Foundation 24 Golden Beige 35ml","brand":"Loreal","imageUrls":["https://static.chemistwarehouse.com.au/ams/media/pi/76982/2DF_800.jpg"],"storeId":"chemist-warehouse","packageSize":"","cupPrice":"","categoryIds":["cw-beauty/cw-cosmetics"],"locations":{"ALL":{"price":10,"discountRate":67,"promo":"","orgPrice":29.95}},"similarProducts":[]},{"id":"cw-74697","name":"Rimmel Exaggerate Auto Waterproof Eye Definer In The Nude","brand":"","imageUrls":["https://static.chemistwarehouse.com.au/ams/media/pi/74697/2DF_800.jpg"],"storeId":"chemist-warehouse","packageSize":"","cupPrice":"","categoryIds":["cw-beauty/cw-cosmetics"],"locations":{"ALL":{"price":4,"discountRate":69,"promo":"","orgPrice":12.95}},"similarProducts":[]},{"id":"cw-88423","name":"Maybelline Master Holographic Prismatic Powder Highlighter","brand":"Maybelline","imageUrls":["https://static.chemistwarehouse.com.au/ams/media/pi/88423/2DF_800.jpg"],"storeId":"chemist-warehouse","packageSize":"","cupPrice":"","categoryIds":["cw-beauty/cw-cosmetics"],"locations":{"ALL":{"price":8,"discountRate":64,"promo":"","orgPrice":21.95}},"similarProducts":[]},{"id":"cw-90468","name":"Maybelline Superstay Multiuse Foundation Stick 330 Toffee","brand":"Maybelline","imageUrls":["https://static.chemistwarehouse.com.au/ams/media/pi/90468/2DF_800.jpg"],"storeId":"chemist-warehouse","packageSize":"","cupPrice":"","categoryIds":["cw-beauty/cw-cosmetics"],"locations":{"ALL":{"price":6,"discountRate":76,"promo":"","orgPrice":24.95}},"similarProducts":[]},{"id":"cw-90467","name":"Maybelline Superstay Multiuse Foundation Stick 312 Golden","brand":"Maybelline","imageUrls":["https://static.chemistwarehouse.com.au/ams/media/pi/90467/2DF_800.jpg"],"storeId":"chemist-warehouse","packageSize":"","cupPrice":"","categoryIds":["cw-beauty/cw-cosmetics"],"locations":{"ALL":{"price":6,"discountRate":76,"promo":"","orgPrice":24.95}},"similarProducts":[]},{"id":"cw-89541","name":"L'Oreal Infallible Foundation Stick 190 Golden Beige","brand":"Loreal","imageUrls":["https://static.chemistwarehouse.com.au/ams/media/pi/89541/2DF_800.jpg"],"storeId":"chemist-warehouse","packageSize":"","cupPrice":"","categoryIds":["cw-beauty/cw-cosmetics"],"locations":{"ALL":{"price":10,"discountRate":67,"promo":"","orgPrice":29.95}},"similarProducts":[]},{"id":"cw-101664","name":"Maybelline Brow Extensions Eyebrow Pomade Crayon Medium Brown","brand":"Maybelline","imageUrls":["https://static.chemistwarehouse.com.au/ams/media/pi/101664/2DF_800.jpg"],"storeId":"chemist-warehouse","packageSize":"","cupPrice":"","categoryIds":["cw-beauty/cw-cosmetics"],"locations":{"ALL":{"price":12.47,"discountRate":50,"promo":"","orgPrice":24.95}},"similarProducts":[]},{"id":"cw-81746","name":"Nude by Nature Liquid Mineral Concealer Dark 10ml","brand":"Nude by Nature","imageUrls":["https://static.chemistwarehouse.com.au/ams/media/pi/81746/F2D_800.jpg"],"storeId":"chemist-warehouse","packageSize":"","cupPrice":"","categoryIds":["cw-beauty/cw-cosmetics"],"locations":{"ALL":{"price":6,"discountRate":70,"promo":"","orgPrice":19.95}},"similarProducts":[]},{"id":"cw-82591","name":"L'Oreal Infallible Total Cover Foundation 9 Light Sand Nude","brand":"Loreal","imageUrls":["https://static.chemistwarehouse.com.au/ams/media/pi/82591/2DF_800.jpg"],"storeId":"chemist-warehouse","packageSize":"","cupPrice":"","categoryIds":["cw-beauty/cw-cosmetics"],"locations":{"ALL":{"price":10,"discountRate":67,"promo":"","orgPrice":29.95}},"similarProducts":[]},{"id":"cw-82631","name":"Sally Hansen Color Therapy Stelly Serene","brand":"Sally Hansen","imageUrls":["https://static.chemistwarehouse.com.au/ams/media/pi/82631/2DF_800.jpg"],"storeId":"chemist-warehouse","packageSize":"","cupPrice":"","categoryIds":["cw-beauty/cw-cosmetics"],"locations":{"ALL":{"price":5,"discountRate":71,"promo":"","orgPrice":16.95}},"similarProducts":[]},{"id":"cw-89255","name":"Maybelline Superstay Matte Ink Unnude Liquid Lipstick - Visionary 95","brand":"Maybelline","imageUrls":["https://static.chemistwarehouse.com.au/ams/media/pi/89255/ADD3_800.jpg"],"storeId":"chemist-warehouse","packageSize":"","cupPrice":"","categoryIds":["cw-beauty/cw-cosmetics"],"locations":{"ALL":{"price":10,"discountRate":54,"promo":"","orgPrice":21.95}},"similarProducts":[]},{"id":"cw-78471","name":"Maybelline Superstay 24HR Full Coverage Liquid Foundation - Warm Honey 46","brand":"Maybelline","imageUrls":["https://static.chemistwarehouse.com.au/ams/media/pi/78471/2DF_800.jpg"],"storeId":"chemist-warehouse","packageSize":"","cupPrice":"","categoryIds":["cw-beauty/cw-cosmetics"],"locations":{"ALL":{"price":10,"discountRate":60,"promo":"","orgPrice":24.95}},"similarProducts":[]},{"id":"cw-93893","name":"Nude by Nature Twilight Light Medium","brand":"Nude by Nature","imageUrls":["https://static.chemistwarehouse.com.au/ams/media/pi/93893/F2D_800.jpg"],"storeId":"chemist-warehouse","packageSize":"","cupPrice":"","categoryIds":["cw-beauty/cw-cosmetics"],"locations":{"ALL":{"price":30,"discountRate":50,"promo":"","orgPrice":59.95}},"similarProducts":[]},{"id":"cw-101662","name":"Maybelline Tattoo Gel Eyeliner 900 Deep Onyx","brand":"Maybelline","imageUrls":["https://static.chemistwarehouse.com.au/ams/media/pi/101662/2DF_800.jpg"],"storeId":"chemist-warehouse","packageSize":"","cupPrice":"","categoryIds":["cw-beauty/cw-cosmetics"],"locations":{"ALL":{"price":7.47,"discountRate":50,"promo":"","orgPrice":14.95}},"similarProducts":[]},{"id":"cw-93240","name":"Sally Hansen Color Therapy Romantic Rose","brand":"Sally Hansen","imageUrls":["https://static.chemistwarehouse.com.au/ams/media/pi/93240/2DF_800.jpg"],"storeId":"chemist-warehouse","packageSize":"","cupPrice":"","categoryIds":["cw-beauty/cw-cosmetics"],"locations":{"ALL":{"price":6,"discountRate":65,"promo":"","orgPrice":16.95}},"similarProducts":[]},{"id":"cw-89540","name":"L'Oreal Infallible Foundation Stick 180 Radiant Beige","brand":"Loreal","imageUrls":["https://static.chemistwarehouse.com.au/ams/media/pi/89540/2DF_800.jpg"],"storeId":"chemist-warehouse","packageSize":"","cupPrice":"","categoryIds":["cw-beauty/cw-cosmetics"],"locations":{"ALL":{"price":10,"discountRate":67,"promo":"","orgPrice":29.95}},"similarProducts":[]},{"id":"cw-82587","name":"L'Oreal Infallible Total Cover Foundation 10 Porcelaine","brand":"Loreal","imageUrls":["https://static.chemistwarehouse.com.au/ams/media/pi/82587/2DF_800.jpg"],"storeId":"chemist-warehouse","packageSize":"","cupPrice":"","categoryIds":["cw-beauty/cw-cosmetics"],"locations":{"ALL":{"price":10,"discountRate":67,"promo":"","orgPrice":29.95}},"similarProducts":[]},{"id":"cw-69193","name":"Sally Hansen Complete Salon Manicure So Much Fawn","brand":"Sally Hansen","imageUrls":["https://static.chemistwarehouse.com.au/ams/media/pi/69193/2DF_800.jpg"],"storeId":"chemist-warehouse","packageSize":"","cupPrice":"","categoryIds":["cw-beauty/cw-cosmetics"],"locations":{"ALL":{"price":5,"discountRate":67,"promo":"","orgPrice":14.95}},"similarProducts":[]},{"id":"cw-94865","name":"Sally Hansen Miracle Gel Nail Polish Golden Bling 14.7ml","brand":"Sally Hansen","imageUrls":["https://static.chemistwarehouse.com.au/ams/media/pi/94865/F2D_800.jpg"],"storeId":"chemist-warehouse","packageSize":"","cupPrice":"","categoryIds":["cw-beauty/cw-cosmetics"],"locations":{"ALL":{"price":5,"discountRate":71,"promo":"","orgPrice":16.95}},"similarProducts":[]},{"id":"cw-87528","name":"Maybelline Total Temptation Brow Definer Pencil - Blonde","brand":"Maybelline","imageUrls":["https://static.chemistwarehouse.com.au/ams/media/pi/87528/2DF_800.jpg"],"storeId":"chemist-warehouse","packageSize":"","cupPrice":"","categoryIds":["cw-beauty/cw-cosmetics"],"locations":{"ALL":{"price":8,"discountRate":55,"promo":"","orgPrice":17.95}},"similarProducts":[]},{"id":"cw-83057","name":"L'Oreal Color Riche Vernis A LHuile Nail Polish 226 Nymphea","brand":"Loreal","imageUrls":["https://static.chemistwarehouse.com.au/ams/media/pi/83057/2DF_800.jpg"],"storeId":"chemist-warehouse","packageSize":"","cupPrice":"","categoryIds":["cw-beauty/cw-cosmetics"],"locations":{"ALL":{"price":4,"discountRate":60,"promo":"","orgPrice":9.95}},"similarProducts":[]},{"id":"cw-71157","name":"Rimmel Scandaleyes Gel Pot Liner Black","brand":"Rimmel","imageUrls":["https://static.chemistwarehouse.com.au/ams/media/pi/71157/2DB_800.jpg"],"storeId":"chemist-warehouse","packageSize":"","cupPrice":"","categoryIds":["cw-beauty/cw-cosmetics"],"locations":{"ALL":{"price":5,"discountRate":64,"promo":"","orgPrice":13.95}},"similarProducts":[]},{"id":"cw-89054","name":"Revlon Super Lustrous Matte 047 Dare To Be Nude","brand":"Revlon","imageUrls":["https://static.chemistwarehouse.com.au/ams/media/pi/89054/2DF_800.jpg"],"storeId":"chemist-warehouse","packageSize":"","cupPrice":"","categoryIds":["cw-beauty/cw-cosmetics"],"locations":{"ALL":{"price":8,"discountRate":68,"promo":"","orgPrice":24.95}},"similarProducts":[]},{"id":"cw-93256","name":"Sally Hansen Insta Dri Jelly Belly Berry Blue","brand":"Sally Hansen","imageUrls":["https://static.chemistwarehouse.com.au/ams/media/pi/93256/2DF_800.jpg"],"storeId":"chemist-warehouse","packageSize":"","cupPrice":"","categoryIds":["cw-beauty/cw-cosmetics"],"locations":{"ALL":{"price":3,"discountRate":66,"promo":"","orgPrice":8.95}},"similarProducts":[]},{"id":"cw-93254","name":"Sally Hansen Insta Dri Jelly Belly Buttered Popcorn","brand":"Sally Hansen","imageUrls":["https://static.chemistwarehouse.com.au/ams/media/pi/93254/2DF_800.jpg"],"storeId":"chemist-warehouse","packageSize":"","cupPrice":"","categoryIds":["cw-beauty/cw-cosmetics"],"locations":{"ALL":{"price":3,"discountRate":66,"promo":"","orgPrice":8.95}},"similarProducts":[]},{"id":"cw-88229","name":"Rimmel Stay Satin Liquid Lip Colour 210 It Girl","brand":"Rimmel","imageUrls":["https://static.chemistwarehouse.com.au/ams/media/pi/88229/3DF_800.jpg"],"storeId":"chemist-warehouse","packageSize":"","cupPrice":"","categoryIds":["cw-beauty/cw-cosmetics"],"locations":{"ALL":{"price":5,"discountRate":67,"promo":"","orgPrice":14.95}},"similarProducts":[]},{"id":"cw-93242","name":"Sally Hansen Color Therapy Balmy Blush","brand":"Sally Hansen","imageUrls":["https://static.chemistwarehouse.com.au/ams/media/pi/93242/2DF_800.jpg"],"storeId":"chemist-warehouse","packageSize":"","cupPrice":"","categoryIds":["cw-beauty/cw-cosmetics"],"locations":{"ALL":{"price":6,"discountRate":65,"promo":"","orgPrice":16.95}},"similarProducts":[]},{"id":"cw-87736","name":"Rimmel 60 Seconds Super Shine Nail Polish 822 Copper Rocker 8ml","brand":"Rimmel","imageUrls":["https://static.chemistwarehouse.com.au/ams/media/pi/87736/2DF_800.jpg"],"storeId":"chemist-warehouse","packageSize":"","cupPrice":"","categoryIds":["cw-beauty/cw-cosmetics"],"locations":{"ALL":{"price":3,"discountRate":57,"promo":"","orgPrice":6.95}},"similarProducts":[]},{"id":"cw-87597","name":"Sally Hansen Complete Salon Manicure Off The Shoulder","brand":"Sally Hansen","imageUrls":["https://static.chemistwarehouse.com.au/ams/media/pi/87597/2DF_800.jpg"],"storeId":"chemist-warehouse","packageSize":"","cupPrice":"","categoryIds":["cw-beauty/cw-cosmetics"],"locations":{"ALL":{"price":5,"discountRate":67,"promo":"","orgPrice":14.95}},"similarProducts":[]},{"id":"cw-86611","name":"Maybelline Master Drama Lightliner - Nightlight Gunmetal","brand":"Maybelline","imageUrls":["https://static.chemistwarehouse.com.au/ams/media/pi/86611/2DF_800.jpg"],"storeId":"chemist-warehouse","packageSize":"","cupPrice":"","categoryIds":["cw-beauty/cw-cosmetics"],"locations":{"ALL":{"price":5,"discountRate":64,"promo":"","orgPrice":13.95}},"similarProducts":[]},{"id":"cw-76393","name":"Revlon Ultra High Definition Lip Lacquer Fire Opal","brand":"Revlon","imageUrls":["https://static.chemistwarehouse.com.au/ams/media/pi/76393/2DF_800.jpg"],"storeId":"chemist-warehouse","packageSize":"","cupPrice":"","categoryIds":["cw-beauty/cw-cosmetics"],"locations":{"ALL":{"price":5,"discountRate":80,"promo":"","orgPrice":24.95}},"similarProducts":[]},{"id":"cw-87598","name":"Sally Hansen Complete Salon Manicure One In A Melon","brand":"Sally Hansen","imageUrls":["https://static.chemistwarehouse.com.au/ams/media/pi/87598/2DF_800.jpg"],"storeId":"chemist-warehouse","packageSize":"","cupPrice":"","categoryIds":["cw-beauty/cw-cosmetics"],"locations":{"ALL":{"price":5,"discountRate":67,"promo":"","orgPrice":14.95}},"similarProducts":[]},{"id":"cw-86702","name":"Rimmel Super Gel Nail Polish 65 Devotion","brand":"Rimmel","imageUrls":["https://static.chemistwarehouse.com.au/ams/media/pi/86702/2DF_800.jpg"],"storeId":"chemist-warehouse","packageSize":"","cupPrice":"","categoryIds":["cw-beauty/cw-cosmetics"],"locations":{"ALL":{"price":3,"discountRate":70,"promo":"","orgPrice":9.95}},"similarProducts":[]},{"id":"cw-89233","name":"Maybelline Dream Satin Liquid Foundation with Hydrating Serum  - Classic Tan 53","brand":"Maybelline","imageUrls":["https://static.chemistwarehouse.com.au/ams/media/pi/89233/2DF_800.jpg"],"storeId":"chemist-warehouse","packageSize":"","cupPrice":"","categoryIds":["cw-beauty/cw-cosmetics"],"locations":{"ALL":{"price":10,"discountRate":58,"promo":"","orgPrice":23.95}},"similarProducts":[]},{"id":"cw-77142","name":"L'Oreal Le Rouge Infallible Lipstick 741 Bold Bordeaux","brand":"Loreal","imageUrls":["https://static.chemistwarehouse.com.au/ams/media/pi/77142/2DF_800.jpg"],"storeId":"chemist-warehouse","packageSize":"","cupPrice":"","categoryIds":["cw-beauty/cw-cosmetics"],"locations":{"ALL":{"price":6,"discountRate":76,"promo":"","orgPrice":24.95}},"similarProducts":[]},{"id":"cw-87085","name":"Rimmel Ink Me Tattoo Stamp Diamond","brand":"","imageUrls":["https://static.chemistwarehouse.com.au/ams/media/pi/87085/F2D_800.jpg"],"storeId":"chemist-warehouse","packageSize":"","cupPrice":"","categoryIds":["cw-beauty/cw-cosmetics"],"locations":{"ALL":{"price":3,"discountRate":70,"promo":"","orgPrice":9.95}},"similarProducts":[]},{"id":"cw-82784","name":"Revlon Ultra High Definition Gel Lipcolor Tropical","brand":"Revlon","imageUrls":["https://static.chemistwarehouse.com.au/ams/media/pi/82784/2DF_800.jpg"],"storeId":"chemist-warehouse","packageSize":"","cupPrice":"","categoryIds":["cw-beauty/cw-cosmetics"],"locations":{"ALL":{"price":8,"discountRate":68,"promo":"","orgPrice":24.95}},"similarProducts":[]},{"id":"cw-76983","name":"L'Oreal Infallible Matte Foundation 30 Honey 35ml","brand":"Loreal","imageUrls":["https://static.chemistwarehouse.com.au/ams/media/pi/76983/2DF_800.jpg"],"storeId":"chemist-warehouse","packageSize":"","cupPrice":"","categoryIds":["cw-beauty/cw-cosmetics"],"locations":{"ALL":{"price":10,"discountRate":67,"promo":"","orgPrice":29.95}},"similarProducts":[]},{"id":"cw-82629","name":"Sally Hansen Color Therapy Slicks & Stones 14.7ml","brand":"Sally Hansen","imageUrls":["https://static.chemistwarehouse.com.au/ams/media/pi/82629/2DF_800.jpg"],"storeId":"chemist-warehouse","packageSize":"","cupPrice":"","categoryIds":["cw-beauty/cw-cosmetics"],"locations":{"ALL":{"price":5,"discountRate":71,"promo":"","orgPrice":16.95}},"similarProducts":[]},{"id":"cw-77927","name":"Maybelline Instant Age Rewind Radiant Firming Liquid Foundation - Creamy Ivory 120","brand":"Maybelline","imageUrls":["https://static.chemistwarehouse.com.au/ams/media/pi/77927/2DF_800.jpg"],"storeId":"chemist-warehouse","packageSize":"","cupPrice":"","categoryIds":["cw-beauty/cw-cosmetics"],"locations":{"ALL":{"price":8,"discountRate":69,"promo":"","orgPrice":25.95}},"similarProducts":[]},{"id":"cw-89051","name":"Revlon Super Lustrous Matte 057 Power Move","brand":"Revlon","imageUrls":["https://static.chemistwarehouse.com.au/ams/media/pi/89051/2DF_800.jpg"],"storeId":"chemist-warehouse","packageSize":"","cupPrice":"","categoryIds":["cw-beauty/cw-cosmetics"],"locations":{"ALL":{"price":8,"discountRate":68,"promo":"","orgPrice":24.95}},"similarProducts":[]},{"id":"cw-76984","name":"L'Oreal Infallible Matte Foundation 32 Amber 35ml","brand":"Loreal","imageUrls":["https://static.chemistwarehouse.com.au/ams/media/pi/76984/2DF_800.jpg"],"storeId":"chemist-warehouse","packageSize":"","cupPrice":"","categoryIds":["cw-beauty/cw-cosmetics"],"locations":{"ALL":{"price":10,"discountRate":67,"promo":"","orgPrice":29.95}},"similarProducts":[]},{"id":"cw-89411","name":"Rimmel MagnifEyes 12 Pan Eyeshadow Palette Wow","brand":"Rimmel","imageUrls":["https://static.chemistwarehouse.com.au/ams/media/pi/89411/2DF_800.jpg"],"storeId":"chemist-warehouse","packageSize":"","cupPrice":"","categoryIds":["cw-beauty/cw-cosmetics"],"locations":{"ALL":{"price":8,"discountRate":67,"promo":"","orgPrice":23.95}},"similarProducts":[]},{"id":"cw-86585","name":"Maybelline Color Sensational Mono Eyeshadow - Gold Crush","brand":"Maybelline","imageUrls":["https://static.chemistwarehouse.com.au/ams/media/pi/86585/2DF_800.jpg"],"storeId":"chemist-warehouse","packageSize":"","cupPrice":"","categoryIds":["cw-beauty/cw-cosmetics"],"locations":{"ALL":{"price":4,"discountRate":67,"promo":"","orgPrice":11.95}},"similarProducts":[]},{"id":"cw-87596","name":"Sally Hansen Complete Salon Manicure Moss Definitely","brand":"Sally Hansen","imageUrls":["https://static.chemistwarehouse.com.au/ams/media/pi/87596/2DF_800.jpg"],"storeId":"chemist-warehouse","packageSize":"","cupPrice":"","categoryIds":["cw-beauty/cw-cosmetics"],"locations":{"ALL":{"price":5,"discountRate":67,"promo":"","orgPrice":14.95}},"similarProducts":[]},{"id":"cw-84528","name":"Revlon Youth FX Foundation Buff","brand":"Revlon","imageUrls":["https://static.chemistwarehouse.com.au/ams/media/pi/84528/2DF_800.jpg"],"storeId":"chemist-warehouse","packageSize":"","cupPrice":"","categoryIds":["cw-beauty/cw-cosmetics"],"locations":{"ALL":{"price":10,"discountRate":75,"promo":"","orgPrice":39.95}},"similarProducts":[]},{"id":"cw-86612","name":"Maybelline Master Drama Lightliner - Glimmerlight","brand":"Maybelline","imageUrls":["https://static.chemistwarehouse.com.au/ams/media/pi/86612/2DF_800.jpg"],"storeId":"chemist-warehouse","packageSize":"","cupPrice":"","categoryIds":["cw-beauty/cw-cosmetics"],"locations":{"ALL":{"price":5,"discountRate":64,"promo":"","orgPrice":13.95}},"similarProducts":[]},{"id":"cw-82620","name":"Sally Hansen Color Therapy Mud Mask 14.7ml","brand":"Sally Hansen","imageUrls":["https://static.chemistwarehouse.com.au/ams/media/pi/82620/2DF_800.jpg"],"storeId":"chemist-warehouse","packageSize":"","cupPrice":"","categoryIds":["cw-beauty/cw-cosmetics"],"locations":{"ALL":{"price":5,"discountRate":71,"promo":"","orgPrice":16.95}},"similarProducts":[]},{"id":"cw-83533","name":"Revlon Colorstay Brow Crayon Soft Brown","brand":"Revlon","imageUrls":["https://static.chemistwarehouse.com.au/ams/media/pi/83533/2DF_800.jpg"],"storeId":"chemist-warehouse","packageSize":"","cupPrice":"","categoryIds":["cw-beauty/cw-cosmetics"],"locations":{"ALL":{"price":6,"discountRate":77,"promo":"","orgPrice":25.95}},"similarProducts":[]},{"id":"cw-93257","name":"Sally Hansen Insta Dri Jelly Belly Island Punch","brand":"Sally Hansen","imageUrls":["https://static.chemistwarehouse.com.au/ams/media/pi/93257/2DF_800.jpg"],"storeId":"chemist-warehouse","packageSize":"","cupPrice":"","categoryIds":["cw-beauty/cw-cosmetics"],"locations":{"ALL":{"price":3,"discountRate":66,"promo":"","orgPrice":8.95}},"similarProducts":[]},{"id":"cw-77089","name":"L'Oreal Color Riche Lipstick 335 Carmin","brand":"Loreal","imageUrls":["https://static.chemistwarehouse.com.au/ams/media/pi/77089/2DF_800.jpg"],"storeId":"chemist-warehouse","packageSize":"","cupPrice":"","categoryIds":["cw-beauty/cw-cosmetics"],"locations":{"ALL":{"price":10,"discountRate":54,"promo":"","orgPrice":21.95}},"similarProducts":[]},{"id":"cw-83035","name":"L'Oreal Infallible Sexy Balm Bold 204 Never Stop","brand":"Loreal","imageUrls":["https://static.chemistwarehouse.com.au/ams/media/pi/83035/F2D_800.jpg"],"storeId":"chemist-warehouse","packageSize":"","cupPrice":"","categoryIds":["cw-beauty/cw-cosmetics"],"locations":{"ALL":{"price":5,"discountRate":67,"promo":"","orgPrice":14.95}},"similarProducts":[]},{"id":"cw-89265","name":"Maybelline Color Sensational Powder Matte Lipstick - Nocturnal Rose 700","brand":"Maybelline","imageUrls":["https://static.chemistwarehouse.com.au/ams/media/pi/89265/2DF_800.jpg"],"storeId":"chemist-warehouse","packageSize":"","cupPrice":"","categoryIds":["cw-beauty/cw-cosmetics"],"locations":{"ALL":{"price":5,"discountRate":72,"promo":"","orgPrice":17.95}},"similarProducts":[]},{"id":"cw-84302","name":"L'Oreal Infallible Eye Paint Eternal White","brand":"Loreal","imageUrls":["https://static.chemistwarehouse.com.au/ams/media/pi/84302/2DF_800.jpg"],"storeId":"chemist-warehouse","packageSize":"","cupPrice":"","categoryIds":["cw-beauty/cw-cosmetics"],"locations":{"ALL":{"price":6,"discountRate":70,"promo":"","orgPrice":19.95}},"similarProducts":[]},{"id":"cw-101663","name":"Maybelline Brow Extensions Eyebrow Pomade Crayon Blonde","brand":"Maybelline","imageUrls":["https://static.chemistwarehouse.com.au/ams/media/pi/101663/2DF_800.jpg"],"storeId":"chemist-warehouse","packageSize":"","cupPrice":"","categoryIds":["cw-beauty/cw-cosmetics"],"locations":{"ALL":{"price":12.47,"discountRate":50,"promo":"","orgPrice":24.95}},"similarProducts":[]},{"id":"cw-89542","name":"L'Oreal Infallible Foundation Stick 220 Caramel/Toffee","brand":"Loreal","imageUrls":["https://static.chemistwarehouse.com.au/ams/media/pi/89542/2DF_800.jpg"],"storeId":"chemist-warehouse","packageSize":"","cupPrice":"","categoryIds":["cw-beauty/cw-cosmetics"],"locations":{"ALL":{"price":10,"discountRate":67,"promo":"","orgPrice":29.95}},"similarProducts":[]},{"id":"cw-81227","name":"Sally Hansen Complete Salon Manicure Mudslide","brand":"Sally Hansen","imageUrls":["https://static.chemistwarehouse.com.au/ams/media/pi/81227/F2D_800.jpg"],"storeId":"chemist-warehouse","packageSize":"","cupPrice":"","categoryIds":["cw-beauty/cw-cosmetics"],"locations":{"ALL":{"price":5,"discountRate":67,"promo":"","orgPrice":14.95}},"similarProducts":[]},{"id":"cw-88776","name":"Revlon Colorstay Creme Gel Pencil Caviar","brand":"Revlon","imageUrls":["https://static.chemistwarehouse.com.au/ams/media/pi/88776/2DF_800.jpg"],"storeId":"chemist-warehouse","packageSize":"","cupPrice":"","categoryIds":["cw-beauty/cw-cosmetics"],"locations":{"ALL":{"price":8,"discountRate":67,"promo":"","orgPrice":23.95}},"similarProducts":[]},{"id":"cw-88335","name":"Rimmel MagnifEyes Double Ended Shadow & Liner 06 Nude","brand":"Rimmel","imageUrls":["https://static.chemistwarehouse.com.au/ams/media/pi/88335/2DF_800.jpg"],"storeId":"chemist-warehouse","packageSize":"","cupPrice":"","categoryIds":["cw-beauty/cw-cosmetics"],"locations":{"ALL":{"price":5,"discountRate":71,"promo":"","orgPrice":16.95}},"similarProducts":[]},{"id":"cw-89543","name":"L'Oreal Infallible Highlighter Stick 502 Gold Is Cold","brand":"Loreal","imageUrls":["https://static.chemistwarehouse.com.au/ams/media/pi/89543/2DF_800.jpg"],"storeId":"chemist-warehouse","packageSize":"","cupPrice":"","categoryIds":["cw-beauty/cw-cosmetics"],"locations":{"ALL":{"price":10,"discountRate":60,"promo":"","orgPrice":24.95}},"similarProducts":[]},{"id":"cw-89553","name":"L'Oreal Brow Artist High Contour 107 Cool Brunette","brand":"Loreal","imageUrls":["https://static.chemistwarehouse.com.au/ams/media/pi/89553/2DB_800.jpg"],"storeId":"chemist-warehouse","packageSize":"","cupPrice":"","categoryIds":["cw-beauty/cw-cosmetics"],"locations":{"ALL":{"price":6,"discountRate":74,"promo":"","orgPrice":22.95}},"similarProducts":[]},{"id":"cw-86559","name":"L'Oreal Infallible Lip Liner 102 Darling Pink","brand":"Loreal","imageUrls":["https://static.chemistwarehouse.com.au/ams/media/pi/86559/2DF_800.jpg"],"storeId":"chemist-warehouse","packageSize":"","cupPrice":"","categoryIds":["cw-beauty/cw-cosmetics"],"locations":{"ALL":{"price":6,"discountRate":62,"promo":"","orgPrice":15.95}},"similarProducts":[]},{"id":"cw-83059","name":"L'Oreal Color Riche Vernis A LHuile Nail Polish 442 Coral Showroom","brand":"Loreal","imageUrls":["https://static.chemistwarehouse.com.au/ams/media/pi/83059/2DF_800.jpg"],"storeId":"chemist-warehouse","packageSize":"","cupPrice":"","categoryIds":["cw-beauty/cw-cosmetics"],"locations":{"ALL":{"price":4,"discountRate":60,"promo":"","orgPrice":9.95}},"similarProducts":[]},{"id":"cw-87522","name":"L'Oreal Colour Riche Balmain Lipstick 650 Power","brand":"","imageUrls":["https://static.chemistwarehouse.com.au/ams/media/pi/87522/2DB_800.jpg"],"storeId":"chemist-warehouse","packageSize":"","cupPrice":"","categoryIds":["cw-beauty/cw-cosmetics"],"locations":{"ALL":{"price":5,"discountRate":80,"promo":"","orgPrice":24.95}},"similarProducts":[]},{"id":"cw-86587","name":"Maybelline Color Sensational Mono Eyeshadow - Nude Glow","brand":"Maybelline","imageUrls":["https://static.chemistwarehouse.com.au/ams/media/pi/86587/2DF_800.jpg"],"storeId":"chemist-warehouse","packageSize":"","cupPrice":"","categoryIds":["cw-beauty/cw-cosmetics"],"locations":{"ALL":{"price":4,"discountRate":67,"promo":"","orgPrice":11.95}},"similarProducts":[]},{"id":"cw-86565","name":"L'Oreal Infallible Lip Liner 207 Wuthering Purple","brand":"Loreal","imageUrls":["https://static.chemistwarehouse.com.au/ams/media/pi/86565/2DF_800.jpg"],"storeId":"chemist-warehouse","packageSize":"","cupPrice":"","categoryIds":["cw-beauty/cw-cosmetics"],"locations":{"ALL":{"price":6,"discountRate":62,"promo":"","orgPrice":15.95}},"similarProducts":[]},{"id":"cw-85269","name":"L'Oreal Infallible Eye Paint 305 Peach Me Babe","brand":"Loreal","imageUrls":["https://static.chemistwarehouse.com.au/ams/media/pi/85269/2DF_800.jpg"],"storeId":"chemist-warehouse","packageSize":"","cupPrice":"","categoryIds":["cw-beauty/cw-cosmetics"],"locations":{"ALL":{"price":6,"discountRate":70,"promo":"","orgPrice":19.95}},"similarProducts":[]},{"id":"cw-88649","name":"Rimmel 60 Seconds 903 Midnight Ting","brand":"Rimmel","imageUrls":["https://static.chemistwarehouse.com.au/ams/media/pi/88649/2DF_800.jpg"],"storeId":"chemist-warehouse","packageSize":"","cupPrice":"","categoryIds":["cw-beauty/cw-cosmetics"],"locations":{"ALL":{"price":3,"discountRate":50,"promo":"","orgPrice":5.95}},"similarProducts":[]},{"id":"cw-73799","name":"Maybelline Color Drama Velvet Lip Pencil - Berry Much 310","brand":"Maybelline","imageUrls":["https://static.chemistwarehouse.com.au/ams/media/pi/73799/2DF_800.jpg"],"storeId":"chemist-warehouse","packageSize":"","cupPrice":"","categoryIds":["cw-beauty/cw-cosmetics"],"locations":{"ALL":{"price":4,"discountRate":60,"promo":"","orgPrice":9.95}},"similarProducts":[]},{"id":"cw-84282","name":"L'Oreal Infallible Lip Paint 101 Gone Wild","brand":"Loreal","imageUrls":["https://static.chemistwarehouse.com.au/ams/media/pi/84282/2DF_800.jpg"],"storeId":"chemist-warehouse","packageSize":"","cupPrice":"","categoryIds":["cw-beauty/cw-cosmetics"],"locations":{"ALL":{"price":5,"discountRate":75,"promo":"","orgPrice":19.95}},"similarProducts":[]},{"id":"cw-76404","name":"Revlon Ultra High Definition Lip Lacquer Tourmaline","brand":"Revlon","imageUrls":["https://static.chemistwarehouse.com.au/ams/media/pi/76404/2DF_800.jpg"],"storeId":"chemist-warehouse","packageSize":"","cupPrice":"","categoryIds":["cw-beauty/cw-cosmetics"],"locations":{"ALL":{"price":5,"discountRate":80,"promo":"","orgPrice":24.95}},"similarProducts":[]},{"id":"cw-69188","name":"Sally Hansen Complete Salon Manicure Plums The Word","brand":"Sally Hansen","imageUrls":["https://static.chemistwarehouse.com.au/ams/media/pi/69188/2DF_800.jpg"],"storeId":"chemist-warehouse","packageSize":"","cupPrice":"","categoryIds":["cw-beauty/cw-cosmetics"],"locations":{"ALL":{"price":5,"discountRate":67,"promo":"","orgPrice":14.95}},"similarProducts":[]},{"id":"cw-77094","name":"L'Oreal Color Riche Lipstick 703 Cream Oud Obsession","brand":"Loreal","imageUrls":["https://static.chemistwarehouse.com.au/ams/media/pi/77094/2DF_800.jpg"],"storeId":"chemist-warehouse","packageSize":"","cupPrice":"","categoryIds":["cw-beauty/cw-cosmetics"],"locations":{"ALL":{"price":10,"discountRate":54,"promo":"","orgPrice":21.95}},"similarProducts":[]},{"id":"cw-86666","name":"Sally Hansen Color Therapy In My Element","brand":"Sally Hansen","imageUrls":["https://static.chemistwarehouse.com.au/ams/media/pi/86666/2DF_800.jpg"],"storeId":"chemist-warehouse","packageSize":"","cupPrice":"","categoryIds":["cw-beauty/cw-cosmetics"],"locations":{"ALL":{"price":5,"discountRate":71,"promo":"","orgPrice":16.95}},"similarProducts":[]},{"id":"cw-81778","name":"Nude by Nature Pressed Mineral Cover Dark 10g","brand":"Nude by Nature","imageUrls":["https://static.chemistwarehouse.com.au/ams/media/pi/81778/F2D_800.jpg"],"storeId":"chemist-warehouse","packageSize":"","cupPrice":"","categoryIds":["cw-beauty/cw-cosmetics"],"locations":{"ALL":{"price":10,"discountRate":75,"promo":"","orgPrice":39.95}},"similarProducts":[]},{"id":"cw-82890","name":"Revlon PhotoReady Insta Fix Highlighter Stick Gold Light","brand":"Revlon","imageUrls":["https://static.chemistwarehouse.com.au/ams/media/pi/82890/2DF_800.jpg"],"storeId":"chemist-warehouse","packageSize":"","cupPrice":"","categoryIds":["cw-beauty/cw-cosmetics"],"locations":{"ALL":{"price":8,"discountRate":73,"promo":"","orgPrice":29.95}},"similarProducts":[]},{"id":"cw-82617","name":"Sally Hansen Color Therapy Chai On Life 14.7ml","brand":"Sally Hansen","imageUrls":["https://static.chemistwarehouse.com.au/ams/media/pi/82617/2DF_800.jpg"],"storeId":"chemist-warehouse","packageSize":"","cupPrice":"","categoryIds":["cw-beauty/cw-cosmetics"],"locations":{"ALL":{"price":5,"discountRate":71,"promo":"","orgPrice":16.95}},"similarProducts":[]},{"id":"cw-93698","name":"Sally Hansen Insta Dri Gold Rush","brand":"Sally Hansen","imageUrls":["https://static.chemistwarehouse.com.au/ams/media/pi/93698/3DF_800.jpg"],"storeId":"chemist-warehouse","packageSize":"","cupPrice":"","categoryIds":["cw-beauty/cw-cosmetics"],"locations":{"ALL":{"price":4,"discountRate":55,"promo":"","orgPrice":8.95}},"similarProducts":[]},{"id":"cw-86586","name":"Maybelline Color Sensational Mono Eyeshadow - Bronze Addict","brand":"Maybelline","imageUrls":["https://static.chemistwarehouse.com.au/ams/media/pi/86586/2DF_800.jpg"],"storeId":"chemist-warehouse","packageSize":"","cupPrice":"","categoryIds":["cw-beauty/cw-cosmetics"],"locations":{"ALL":{"price":4,"discountRate":67,"promo":"","orgPrice":11.95}},"similarProducts":[]},{"id":"cw-87087","name":"Rimmel Ink Me Tattoo Stamp Star","brand":"Rimmel","imageUrls":["https://static.chemistwarehouse.com.au/ams/media/pi/87087/F2D_800.jpg"],"storeId":"chemist-warehouse","packageSize":"","cupPrice":"","categoryIds":["cw-beauty/cw-cosmetics"],"locations":{"ALL":{"price":3,"discountRate":70,"promo":"","orgPrice":9.95}},"similarProducts":[]},{"id":"cw-74729","name":"Rimmel Provocalips Lips Dare To Pink","brand":"Rimmel","imageUrls":["https://static.chemistwarehouse.com.au/ams/media/pi/74729/2DB_800.jpg"],"storeId":"chemist-warehouse","packageSize":"","cupPrice":"","categoryIds":["cw-beauty/cw-cosmetics"],"locations":{"ALL":{"price":5,"discountRate":74,"promo":"","orgPrice":18.95}},"similarProducts":[]},{"id":"cw-88775","name":"Revlon Colorstay Creme Gel Pencil Cashmere Plum","brand":"Revlon","imageUrls":["https://static.chemistwarehouse.com.au/ams/media/pi/88775/2DF_800.jpg"],"storeId":"chemist-warehouse","packageSize":"","cupPrice":"","categoryIds":["cw-beauty/cw-cosmetics"],"locations":{"ALL":{"price":8,"discountRate":67,"promo":"","orgPrice":23.95}},"similarProducts":[]},{"id":"cw-83040","name":"L'Oreal Infallible Sexy Balm Sheer 106 Clueless","brand":"Loreal","imageUrls":["https://static.chemistwarehouse.com.au/ams/media/pi/83040/2DF_800.jpg"],"storeId":"chemist-warehouse","packageSize":"","cupPrice":"","categoryIds":["cw-beauty/cw-cosmetics"],"locations":{"ALL":{"price":5,"discountRate":67,"promo":"","orgPrice":14.95}},"similarProducts":[]},{"id":"cw-84893","name":"Revlon Super Lustrous Lipstick Lilac Mist","brand":"Revlon","imageUrls":["https://static.chemistwarehouse.com.au/ams/media/pi/84893/2DF_800.jpg"],"storeId":"chemist-warehouse","packageSize":"","cupPrice":"","categoryIds":["cw-beauty/cw-cosmetics"],"locations":{"ALL":{"price":8,"discountRate":68,"promo":"","orgPrice":24.95}},"similarProducts":[]},{"id":"cw-87083","name":"Rimmel Ink Me Glam Eyes Liner Gold","brand":"","imageUrls":["https://static.chemistwarehouse.com.au/ams/media/pi/87083/F2D_800.jpg"],"storeId":"chemist-warehouse","packageSize":"","cupPrice":"","categoryIds":["cw-beauty/cw-cosmetics"],"locations":{"ALL":{"price":4,"discountRate":69,"promo":"","orgPrice":12.95}},"similarProducts":[]},{"id":"cw-86610","name":"Maybelline Master Drama Lightliner - Gold Ray","brand":"Maybelline","imageUrls":["https://static.chemistwarehouse.com.au/ams/media/pi/86610/2DF_800.jpg"],"storeId":"chemist-warehouse","packageSize":"","cupPrice":"","categoryIds":["cw-beauty/cw-cosmetics"],"locations":{"ALL":{"price":5,"discountRate":64,"promo":"","orgPrice":13.95}},"similarProducts":[]},{"id":"cw-81659","name":"L'Oreal Color Riche Lipstick 641 Beige Boudoir","brand":"Loreal","imageUrls":["https://static.chemistwarehouse.com.au/ams/media/pi/81659/2DF_800.jpg"],"storeId":"chemist-warehouse","packageSize":"","cupPrice":"","categoryIds":["cw-beauty/cw-cosmetics"],"locations":{"ALL":{"price":10,"discountRate":54,"promo":"","orgPrice":21.95}},"similarProducts":[]},{"id":"cw-88238","name":"Rimmel Stay Satin Liquid Lip Colour 830 Have A Cow","brand":"Rimmel","imageUrls":["https://static.chemistwarehouse.com.au/ams/media/pi/88238/3DF_800.jpg"],"storeId":"chemist-warehouse","packageSize":"","cupPrice":"","categoryIds":["cw-beauty/cw-cosmetics"],"locations":{"ALL":{"price":5,"discountRate":67,"promo":"","orgPrice":14.95}},"similarProducts":[]},{"id":"cw-87599","name":"Sally Hansen Complete Salon Manicure Rags To Riches","brand":"Sally Hansen","imageUrls":["https://static.chemistwarehouse.com.au/ams/media/pi/87599/2DF_800.jpg"],"storeId":"chemist-warehouse","packageSize":"","cupPrice":"","categoryIds":["cw-beauty/cw-cosmetics"],"locations":{"ALL":{"price":5,"discountRate":67,"promo":"","orgPrice":14.95}},"similarProducts":[]},{"id":"cw-93894","name":"Nude by Nature Twilight Medium","brand":"Nude by Nature","imageUrls":["https://static.chemistwarehouse.com.au/ams/media/pi/93894/F2D_800.jpg"],"storeId":"chemist-warehouse","packageSize":"","cupPrice":"","categoryIds":["cw-beauty/cw-cosmetics"],"locations":{"ALL":{"price":30,"discountRate":50,"promo":"","orgPrice":59.95}},"similarProducts":[]},{"id":"cw-84289","name":"L'Oreal Infallible Lip Paint 204 Red Actually","brand":"Loreal","imageUrls":["https://static.chemistwarehouse.com.au/ams/media/pi/84289/2DF_800.jpg"],"storeId":"chemist-warehouse","packageSize":"","cupPrice":"","categoryIds":["cw-beauty/cw-cosmetics"],"locations":{"ALL":{"price":6,"discountRate":70,"promo":"","orgPrice":19.95}},"similarProducts":[]},{"id":"cw-86589","name":"Maybelline Color Sensational Mono Eyeshadow - Rockstar","brand":"Maybelline","imageUrls":["https://static.chemistwarehouse.com.au/ams/media/pi/86589/2DF_800.jpg"],"storeId":"chemist-warehouse","packageSize":"","cupPrice":"","categoryIds":["cw-beauty/cw-cosmetics"],"locations":{"ALL":{"price":4,"discountRate":67,"promo":"","orgPrice":11.95}},"similarProducts":[]},{"id":"cw-89538","name":"L'Oreal Infallible Foundation Stick 150 Rose Beige","brand":"Loreal","imageUrls":["https://static.chemistwarehouse.com.au/ams/media/pi/89538/2DF_800.jpg"],"storeId":"chemist-warehouse","packageSize":"","cupPrice":"","categoryIds":["cw-beauty/cw-cosmetics"],"locations":{"ALL":{"price":10,"discountRate":67,"promo":"","orgPrice":29.95}},"similarProducts":[]},{"id":"cw-85747","name":"Rimmel Lip Art Liquid Gold","brand":"","imageUrls":["https://static.chemistwarehouse.com.au/ams/media/pi/85747/2DF_800.jpg"],"storeId":"chemist-warehouse","packageSize":"","cupPrice":"","categoryIds":["cw-beauty/cw-cosmetics"],"locations":{"ALL":{"price":3,"discountRate":80,"promo":"","orgPrice":14.95}},"similarProducts":[]},{"id":"cw-85741","name":"Rimmel Lasting Finish Breathable Foundation 201 Classic Beige","brand":"Rimmel","imageUrls":["https://static.chemistwarehouse.com.au/ams/media/pi/85741/2DB_800.jpg"],"storeId":"chemist-warehouse","packageSize":"","cupPrice":"","categoryIds":["cw-beauty/cw-cosmetics"],"locations":{"ALL":{"price":6,"discountRate":74,"promo":"","orgPrice":22.95}},"similarProducts":[]},{"id":"cw-89539","name":"L'Oreal Infallible Foundation Stick 160 Sand","brand":"Loreal","imageUrls":["https://static.chemistwarehouse.com.au/ams/media/pi/89539/2DF_800.jpg"],"storeId":"chemist-warehouse","packageSize":"","cupPrice":"","categoryIds":["cw-beauty/cw-cosmetics"],"locations":{"ALL":{"price":10,"discountRate":67,"promo":"","orgPrice":29.95}},"similarProducts":[]},{"id":"cw-86285","name":"Revlon PhotoReady Insta Filter Foundation Porcelain","brand":"Revlon","imageUrls":["https://static.chemistwarehouse.com.au/ams/media/pi/86285/2DF_800.jpg"],"storeId":"chemist-warehouse","packageSize":"","cupPrice":"","categoryIds":["cw-beauty/cw-cosmetics"],"locations":{"ALL":{"price":10,"discountRate":71,"promo":"","orgPrice":34.95}},"similarProducts":[]},{"id":"cw-83041","name":"L'Oreal Infallible Sexy Balm Sheer 108 Whaaat","brand":"Loreal","imageUrls":["https://static.chemistwarehouse.com.au/ams/media/pi/83041/2DF_800.jpg"],"storeId":"chemist-warehouse","packageSize":"","cupPrice":"","categoryIds":["cw-beauty/cw-cosmetics"],"locations":{"ALL":{"price":5,"discountRate":67,"promo":"","orgPrice":14.95}},"similarProducts":[]},{"id":"cw-89527","name":"Revlon Photoready Insta Sculpt Duo 002 Medium","brand":"Revlon","imageUrls":["https://static.chemistwarehouse.com.au/ams/media/pi/89527/2DF_800.jpg"],"storeId":"chemist-warehouse","packageSize":"","cupPrice":"","categoryIds":["cw-beauty/cw-cosmetics"],"locations":{"ALL":{"price":8,"discountRate":65,"promo":"","orgPrice":22.95}},"similarProducts":[]},{"id":"cw-88777","name":"Revlon Colorstay Creme Gel Pencil Dark Chocolate","brand":"Revlon","imageUrls":["https://static.chemistwarehouse.com.au/ams/media/pi/88777/2DF_800.jpg"],"storeId":"chemist-warehouse","packageSize":"","cupPrice":"","categoryIds":["cw-beauty/cw-cosmetics"],"locations":{"ALL":{"price":8,"discountRate":67,"promo":"","orgPrice":23.95}},"similarProducts":[]},{"id":"cw-93699","name":"Sally Hansen Insta Dri Molten Mauve","brand":"Sally Hansen","imageUrls":["https://static.chemistwarehouse.com.au/ams/media/pi/93699/3DF_800.jpg"],"storeId":"chemist-warehouse","packageSize":"","cupPrice":"","categoryIds":["cw-beauty/cw-cosmetics"],"locations":{"ALL":{"price":4,"discountRate":55,"promo":"","orgPrice":8.95}},"similarProducts":[]},{"id":"cw-77144","name":"L'Oreal Le Rouge Infallible Lipstick 829 Resilient Raisin","brand":"Loreal","imageUrls":["https://static.chemistwarehouse.com.au/ams/media/pi/77144/2DF_800.jpg"],"storeId":"chemist-warehouse","packageSize":"","cupPrice":"","categoryIds":["cw-beauty/cw-cosmetics"],"locations":{"ALL":{"price":6,"discountRate":76,"promo":"","orgPrice":24.95}},"similarProducts":[]},{"id":"cw-76979","name":"L'Oreal Infallible Matte Foundation 13 Rose Beige 35ml","brand":"Loreal","imageUrls":["https://static.chemistwarehouse.com.au/ams/media/pi/76979/2DF_800.jpg"],"storeId":"chemist-warehouse","packageSize":"","cupPrice":"","categoryIds":["cw-beauty/cw-cosmetics"],"locations":{"ALL":{"price":10,"discountRate":67,"promo":"","orgPrice":29.95}},"similarProducts":[]},{"id":"cw-89050","name":"Revlon Super Lustrous Matte 050 Superstar Brown","brand":"Revlon","imageUrls":["https://static.chemistwarehouse.com.au/ams/media/pi/89050/2DF_800.jpg"],"storeId":"chemist-warehouse","packageSize":"","cupPrice":"","categoryIds":["cw-beauty/cw-cosmetics"],"locations":{"ALL":{"price":8,"discountRate":68,"promo":"","orgPrice":24.95}},"similarProducts":[]},{"id":"cw-88338","name":"Rimmel MagnifEyes Double Ended Shadow & Liner 08 Taupe","brand":"Rimmel","imageUrls":["https://static.chemistwarehouse.com.au/ams/media/pi/88338/2DF_800.jpg"],"storeId":"chemist-warehouse","packageSize":"","cupPrice":"","categoryIds":["cw-beauty/cw-cosmetics"],"locations":{"ALL":{"price":5,"discountRate":71,"promo":"","orgPrice":16.95}},"similarProducts":[]},{"id":"cw-90101","name":"Rimmel Super Gel 032 Cocktail Passion","brand":"Rimmel","imageUrls":["https://static.chemistwarehouse.com.au/ams/media/pi/90101/2DF_800.jpg"],"storeId":"chemist-warehouse","packageSize":"","cupPrice":"","categoryIds":["cw-beauty/cw-cosmetics"],"locations":{"ALL":{"price":3,"discountRate":70,"promo":"","orgPrice":9.95}},"similarProducts":[]},{"id":"cw-88650","name":"Rimmel 60 Seconds 904 Gothic Garden","brand":"Rimmel","imageUrls":["https://static.chemistwarehouse.com.au/ams/media/pi/88650/2DF_800.jpg"],"storeId":"chemist-warehouse","packageSize":"","cupPrice":"","categoryIds":["cw-beauty/cw-cosmetics"],"locations":{"ALL":{"price":3,"discountRate":50,"promo":"","orgPrice":5.95}},"similarProducts":[]},{"id":"cw-98108","name":"Rimmel Brow This Way Brow Pomade Light","brand":"Rimmel","imageUrls":["https://static.chemistwarehouse.com.au/ams/media/pi/98108/2DF_800.jpg"],"storeId":"chemist-warehouse","packageSize":"","cupPrice":"","categoryIds":["cw-beauty/cw-cosmetics"],"locations":{"ALL":{"price":5,"discountRate":64,"promo":"","orgPrice":13.95}},"similarProducts":[]},{"id":"cw-84283","name":"L'Oreal Infallible Lip Paint 102 Darling Pink","brand":"Loreal","imageUrls":["https://static.chemistwarehouse.com.au/ams/media/pi/84283/2DF_800.jpg"],"storeId":"chemist-warehouse","packageSize":"","cupPrice":"","categoryIds":["cw-beauty/cw-cosmetics"],"locations":{"ALL":{"price":6,"discountRate":70,"promo":"","orgPrice":19.95}},"similarProducts":[]},{"id":"cw-87737","name":"Rimmel 60 Seconds Super Shine Nail Polish 824 Metal On 8ml","brand":"Rimmel","imageUrls":["https://static.chemistwarehouse.com.au/ams/media/pi/87737/2DF_800.jpg"],"storeId":"chemist-warehouse","packageSize":"","cupPrice":"","categoryIds":["cw-beauty/cw-cosmetics"],"locations":{"ALL":{"price":3,"discountRate":50,"promo":"","orgPrice":5.95}},"similarProducts":[]},{"id":"cw-101665","name":"Maybelline Brow Extensions Eyebrow Pomade Crayon Deep Brown","brand":"Maybelline","imageUrls":["https://static.chemistwarehouse.com.au/ams/media/pi/101665/2DF_800.jpg"],"storeId":"chemist-warehouse","packageSize":"","cupPrice":"","categoryIds":["cw-beauty/cw-cosmetics"],"locations":{"ALL":{"price":12.47,"discountRate":50,"promo":"","orgPrice":24.95}},"similarProducts":[]},{"id":"cw-87092","name":"Rimmel Ombre Eyes Liner Blue","brand":"Rimmel","imageUrls":["https://static.chemistwarehouse.com.au/ams/media/pi/87092/F2D_800.jpg"],"storeId":"chemist-warehouse","packageSize":"","cupPrice":"","categoryIds":["cw-beauty/cw-cosmetics"],"locations":{"ALL":{"price":5,"discountRate":64,"promo":"","orgPrice":13.95}},"similarProducts":[]},{"id":"cw-88227","name":"Rimmel Stay Satin Liquid Lip Colour 130 Yuppie","brand":"Rimmel","imageUrls":["https://static.chemistwarehouse.com.au/ams/media/pi/88227/3DF_800.jpg"],"storeId":"chemist-warehouse","packageSize":"","cupPrice":"","categoryIds":["cw-beauty/cw-cosmetics"],"locations":{"ALL":{"price":5,"discountRate":67,"promo":"","orgPrice":14.95}},"similarProducts":[]},{"id":"cw-82592","name":"L'Oreal Infallible Total Cover Foundation GB 32 Amber","brand":"Loreal","imageUrls":["https://static.chemistwarehouse.com.au/ams/media/pi/82592/2DF_800.jpg"],"storeId":"chemist-warehouse","packageSize":"","cupPrice":"","categoryIds":["cw-beauty/cw-cosmetics"],"locations":{"ALL":{"price":10,"discountRate":67,"promo":"","orgPrice":29.95}},"similarProducts":[]},{"id":"cw-88731","name":"Sally Hansen Complete Salon Manicure Blushing Bride","brand":"Sally Hansen","imageUrls":["https://static.chemistwarehouse.com.au/ams/media/pi/88731/2DF_800.jpg"],"storeId":"chemist-warehouse","packageSize":"","cupPrice":"","categoryIds":["cw-beauty/cw-cosmetics"],"locations":{"ALL":{"price":6,"discountRate":60,"promo":"","orgPrice":14.95}},"similarProducts":[]},{"id":"cw-76399","name":"Revlon Ultra High Definition Lip Lacquer Rose Quartz","brand":"Revlon","imageUrls":["https://static.chemistwarehouse.com.au/ams/media/pi/76399/2DF_800.jpg"],"storeId":"chemist-warehouse","packageSize":"","cupPrice":"","categoryIds":["cw-beauty/cw-cosmetics"],"locations":{"ALL":{"price":5,"discountRate":80,"promo":"","orgPrice":24.95}},"similarProducts":[]},{"id":"cw-90808","name":"Sally Hansen Insta-Dri Blast Off Bronze","brand":"Sally Hansen","imageUrls":["https://static.chemistwarehouse.com.au/ams/media/pi/90808/2DF_800.jpg"],"storeId":"chemist-warehouse","packageSize":"","cupPrice":"","categoryIds":["cw-beauty/cw-cosmetics"],"locations":{"ALL":{"price":4,"discountRate":55,"promo":"","orgPrice":8.95}},"similarProducts":[]},{"id":"cw-83039","name":"L'Oreal Infallible Sexy Balm Sheer 104 Break the Rules","brand":"Loreal","imageUrls":["https://static.chemistwarehouse.com.au/ams/media/pi/83039/2DF_800.jpg"],"storeId":"chemist-warehouse","packageSize":"","cupPrice":"","categoryIds":["cw-beauty/cw-cosmetics"],"locations":{"ALL":{"price":5,"discountRate":67,"promo":"","orgPrice":14.95}},"similarProducts":[]},{"id":"cw-86555","name":"L'Oreal Infallible Gel Crayon Eye Shadow 08 Rest In Kaki","brand":"Loreal","imageUrls":["https://static.chemistwarehouse.com.au/ams/media/pi/86555/2DF_800.jpg"],"storeId":"chemist-warehouse","packageSize":"","cupPrice":"","categoryIds":["cw-beauty/cw-cosmetics"],"locations":{"ALL":{"price":6,"discountRate":65,"promo":"","orgPrice":16.95}},"similarProducts":[]},{"id":"cw-76394","name":"Revlon Ultra High Definition Lip Lacquer Garnet","brand":"Revlon","imageUrls":["https://static.chemistwarehouse.com.au/ams/media/pi/76394/2DF_800.jpg"],"storeId":"chemist-warehouse","packageSize":"","cupPrice":"","categoryIds":["cw-beauty/cw-cosmetics"],"locations":{"ALL":{"price":5,"discountRate":80,"promo":"","orgPrice":24.95}},"similarProducts":[]},{"id":"cw-85726","name":"Rimmel Brow This Way Brow Pomade Dark","brand":"Rimmel","imageUrls":["https://static.chemistwarehouse.com.au/ams/media/pi/85726/2DB_800.jpg"],"storeId":"chemist-warehouse","packageSize":"","cupPrice":"","categoryIds":["cw-beauty/cw-cosmetics"],"locations":{"ALL":{"price":5,"discountRate":64,"promo":"","orgPrice":13.95}},"similarProducts":[]},{"id":"cw-82785","name":"Revlon Ultra High Definition Gel Lipcolor Twilight","brand":"Revlon","imageUrls":["https://static.chemistwarehouse.com.au/ams/media/pi/82785/2DF_800.jpg"],"storeId":"chemist-warehouse","packageSize":"","cupPrice":"","categoryIds":["cw-beauty/cw-cosmetics"],"locations":{"ALL":{"price":8,"discountRate":68,"promo":"","orgPrice":24.95}},"similarProducts":[]},{"id":"cw-89270","name":"Maybelline Color Sensational Vivid Hot Lacquer Lip Gloss - Sassy 68","brand":"Maybelline","imageUrls":["https://static.chemistwarehouse.com.au/ams/media/pi/89270/2DF_800.jpg"],"storeId":"chemist-warehouse","packageSize":"","cupPrice":"","categoryIds":["cw-beauty/cw-cosmetics"],"locations":{"ALL":{"price":5,"discountRate":69,"promo":"","orgPrice":15.95}},"similarProducts":[]},{"id":"cw-85728","name":"Rimmel Brow This Way Brow Pomade Medium","brand":"Rimmel","imageUrls":["https://static.chemistwarehouse.com.au/ams/media/pi/85728/2DB_800.jpg"],"storeId":"chemist-warehouse","packageSize":"","cupPrice":"","categoryIds":["cw-beauty/cw-cosmetics"],"locations":{"ALL":{"price":5,"discountRate":64,"promo":"","orgPrice":13.95}},"similarProducts":[]},{"id":"cw-87089","name":"Rimmel Ombre Eyes Liner Green","brand":"Rimmel","imageUrls":["https://static.chemistwarehouse.com.au/ams/media/pi/87089/F2D_800.jpg"],"storeId":"chemist-warehouse","packageSize":"","cupPrice":"","categoryIds":["cw-beauty/cw-cosmetics"],"locations":{"ALL":{"price":5,"discountRate":64,"promo":"","orgPrice":13.95}},"similarProducts":[]},{"id":"cw-85273","name":"L'Oreal Infallible Lip Paint 212 Nude-Ist","brand":"Loreal","imageUrls":["https://static.chemistwarehouse.com.au/ams/media/pi/85273/2DF_800.jpg"],"storeId":"chemist-warehouse","packageSize":"","cupPrice":"","categoryIds":["cw-beauty/cw-cosmetics"],"locations":{"ALL":{"price":5,"discountRate":75,"promo":"","orgPrice":19.95}},"similarProducts":[]},{"id":"cw-86568","name":"L'Oreal Infallible Metallic Eye Paint 401 Rude Boy","brand":"Loreal","imageUrls":["https://static.chemistwarehouse.com.au/ams/media/pi/86568/2DF_800.jpg"],"storeId":"chemist-warehouse","packageSize":"","cupPrice":"","categoryIds":["cw-beauty/cw-cosmetics"],"locations":{"ALL":{"price":6,"discountRate":70,"promo":"","orgPrice":19.95}},"similarProducts":[]},{"id":"cw-76391","name":"Revlon Ultra High Definition Lip Lacquer Carnelian","brand":"Revlon","imageUrls":["https://static.chemistwarehouse.com.au/ams/media/pi/76391/2DF_800.jpg"],"storeId":"chemist-warehouse","packageSize":"","cupPrice":"","categoryIds":["cw-beauty/cw-cosmetics"],"locations":{"ALL":{"price":5,"discountRate":80,"promo":"","orgPrice":24.95}},"similarProducts":[]},{"id":"cw-83531","name":"Revlon Colorstay Brow Crayon Blonde","brand":"Revlon","imageUrls":["https://static.chemistwarehouse.com.au/ams/media/pi/83531/2DF_800.jpg"],"storeId":"chemist-warehouse","packageSize":"","cupPrice":"","categoryIds":["cw-beauty/cw-cosmetics"],"locations":{"ALL":{"price":6,"discountRate":77,"promo":"","orgPrice":25.95}},"similarProducts":[]},{"id":"cw-83033","name":"L'Oreal Infallible Sexy Balm Bold 202 Adventure","brand":"Loreal","imageUrls":["https://static.chemistwarehouse.com.au/ams/media/pi/83033/2DF_800.jpg"],"storeId":"chemist-warehouse","packageSize":"","cupPrice":"","categoryIds":["cw-beauty/cw-cosmetics"],"locations":{"ALL":{"price":5,"discountRate":67,"promo":"","orgPrice":14.95}},"similarProducts":[]},{"id":"cw-82781","name":"Revlon Ultra High Definition Gel Lipcolor Rhubarb","brand":"Revlon","imageUrls":["https://static.chemistwarehouse.com.au/ams/media/pi/82781/2DF_800.jpg"],"storeId":"chemist-warehouse","packageSize":"","cupPrice":"","categoryIds":["cw-beauty/cw-cosmetics"],"locations":{"ALL":{"price":8,"discountRate":68,"promo":"","orgPrice":24.95}},"similarProducts":[]},{"id":"cw-85164","name":"Revlon Ultra High Definition Matte Lipcolor in Metallic Glitz","brand":"Revlon","imageUrls":["https://static.chemistwarehouse.com.au/ams/media/pi/85164/2DF_800.jpg"],"storeId":"chemist-warehouse","packageSize":"","cupPrice":"","categoryIds":["cw-beauty/cw-cosmetics"],"locations":{"ALL":{"price":5,"discountRate":80,"promo":"","orgPrice":24.95}},"similarProducts":[]},{"id":"cw-85272","name":"L'Oreal Infallible Lip Paint 210 Dead Lips","brand":"Loreal","imageUrls":["https://static.chemistwarehouse.com.au/ams/media/pi/85272/2DF_800.jpg"],"storeId":"chemist-warehouse","packageSize":"","cupPrice":"","categoryIds":["cw-beauty/cw-cosmetics"],"locations":{"ALL":{"price":5,"discountRate":75,"promo":"","orgPrice":19.95}},"similarProducts":[]},{"id":"cw-69189","name":"Sally Hansen Complete Salon Manicure Red Zin","brand":"Sally Hansen","imageUrls":["https://static.chemistwarehouse.com.au/ams/media/pi/69189/2DF_800.jpg"],"storeId":"chemist-warehouse","packageSize":"","cupPrice":"","categoryIds":["cw-beauty/cw-cosmetics"],"locations":{"ALL":{"price":5,"discountRate":67,"promo":"","orgPrice":14.95}},"similarProducts":[]},{"id":"cw-77070","name":"L'Oreal Color Riche Lipliner 461 Scarlett Rouge","brand":"Loreal","imageUrls":["https://static.chemistwarehouse.com.au/ams/media/pi/77070/F2D_800.jpg"],"storeId":"chemist-warehouse","packageSize":"","cupPrice":"","categoryIds":["cw-beauty/cw-cosmetics"],"locations":{"ALL":{"price":6,"discountRate":62,"promo":"","orgPrice":15.95}},"similarProducts":[]},{"id":"cw-82774","name":"Revlon Ultra High Definition Gel Lipcolor Blossom","brand":"Revlon","imageUrls":["https://static.chemistwarehouse.com.au/ams/media/pi/82774/2DF_800.jpg"],"storeId":"chemist-warehouse","packageSize":"","cupPrice":"","categoryIds":["cw-beauty/cw-cosmetics"],"locations":{"ALL":{"price":8,"discountRate":68,"promo":"","orgPrice":24.95}},"similarProducts":[]},{"id":"cw-85746","name":"Rimmel Lip Art Iridescent","brand":"","imageUrls":["https://static.chemistwarehouse.com.au/ams/media/pi/85746/2DF_800.jpg"],"storeId":"chemist-warehouse","packageSize":"","cupPrice":"","categoryIds":["cw-beauty/cw-cosmetics"],"locations":{"ALL":{"price":3,"discountRate":80,"promo":"","orgPrice":14.95}},"similarProducts":[]},{"id":"cw-85477","name":"Revlon Super Lustrous Lipstick Va Va Violet","brand":"Revlon","imageUrls":["https://static.chemistwarehouse.com.au/ams/media/pi/85477/2DF_800.jpg"],"storeId":"chemist-warehouse","packageSize":"","cupPrice":"","categoryIds":["cw-beauty/cw-cosmetics"],"locations":{"ALL":{"price":8,"discountRate":68,"promo":"","orgPrice":24.95}},"similarProducts":[]},{"id":"cw-84291","name":"L'Oreal Infallible Lip Paint 207 Withering Purple","brand":"Loreal","imageUrls":["https://static.chemistwarehouse.com.au/ams/media/pi/84291/2DF_800.jpg"],"storeId":"chemist-warehouse","packageSize":"","cupPrice":"","categoryIds":["cw-beauty/cw-cosmetics"],"locations":{"ALL":{"price":6,"discountRate":70,"promo":"","orgPrice":19.95}},"similarProducts":[]},{"id":"cw-76727","name":"L'Oreal Brow Artist Genius 01 Light","brand":"Loreal","imageUrls":["https://static.chemistwarehouse.com.au/ams/media/pi/76727/2DF_800.jpg"],"storeId":"chemist-warehouse","packageSize":"","cupPrice":"","categoryIds":["cw-beauty/cw-cosmetics"],"locations":{"ALL":{"price":10,"discountRate":60,"promo":"","orgPrice":24.95}},"similarProducts":[]},{"id":"cw-89266","name":"Maybelline Color Sensational Powder Matte Lipstick - Concrete Jungle 705","brand":"Maybelline","imageUrls":["https://static.chemistwarehouse.com.au/ams/media/pi/89266/2DF_800.jpg"],"storeId":"chemist-warehouse","packageSize":"","cupPrice":"","categoryIds":["cw-beauty/cw-cosmetics"],"locations":{"ALL":{"price":5,"discountRate":72,"promo":"","orgPrice":17.95}},"similarProducts":[]},{"id":"cw-72751","name":"Rimmel Wonderfull Argan Oil Mascara Black Online Only","brand":"Rimmel","imageUrls":["https://static.chemistwarehouse.com.au/ams/media/pi/72751/2DF_800.jpg"],"storeId":"chemist-warehouse","packageSize":"","cupPrice":"","categoryIds":["cw-beauty/cw-cosmetics"],"locations":{"ALL":{"price":5,"discountRate":74,"promo":"Online Only","orgPrice":18.95}},"similarProducts":[]},{"id":"cw-69867","name":"Maybelline Color Tattoo 24HR Cream Gel Eyeshadow - Too Cool","brand":"Maybelline","imageUrls":["https://static.chemistwarehouse.com.au/ams/media/pi/69867/2DF_800.jpg"],"storeId":"chemist-warehouse","packageSize":"","cupPrice":"","categoryIds":["cw-beauty/cw-cosmetics"],"locations":{"ALL":{"price":4,"discountRate":67,"promo":"","orgPrice":11.95}},"similarProducts":[]},{"id":"cw-80660","name":"Maybelline Color Sensational Vivid Matte Liquid Lip Fuchsia Ecstasy","brand":"","imageUrls":["https://static.chemistwarehouse.com.au/ams/media/pi/80660/2DF_800.jpg"],"storeId":"chemist-warehouse","packageSize":"","cupPrice":"","categoryIds":["cw-beauty/cw-cosmetics"],"locations":{"ALL":{"price":3,"discountRate":83,"promo":"","orgPrice":17.95}},"similarProducts":[]},{"id":"cw-79040","name":"Revlon Ultra High Definition Matte Lip Color Obsession","brand":"Revlon","imageUrls":["https://static.chemistwarehouse.com.au/ams/media/pi/79040/2DF_800.jpg"],"storeId":"chemist-warehouse","packageSize":"","cupPrice":"","categoryIds":["cw-beauty/cw-cosmetics"],"locations":{"ALL":{"price":5,"discountRate":80,"promo":"","orgPrice":24.95}},"similarProducts":[]},{"id":"cw-88240","name":"Rimmel Stay Satin Liquid Lip Colour 860 Glam Rock","brand":"Rimmel","imageUrls":["https://static.chemistwarehouse.com.au/ams/media/pi/88240/3DF_800.jpg"],"storeId":"chemist-warehouse","packageSize":"","cupPrice":"","categoryIds":["cw-beauty/cw-cosmetics"],"locations":{"ALL":{"price":5,"discountRate":67,"promo":"","orgPrice":14.95}},"similarProducts":[]},{"id":"cw-68380","name":"Rimmel Wake me Up Foundation Natural Beige","brand":"Rimmel","imageUrls":["https://static.chemistwarehouse.com.au/ams/media/pi/68380/2DF_800.jpg"],"storeId":"chemist-warehouse","packageSize":"","cupPrice":"","categoryIds":["cw-beauty/cw-cosmetics"],"locations":{"ALL":{"price":6,"discountRate":70,"promo":"","orgPrice":19.95}},"similarProducts":[]},{"id":"cw-90798","name":"Maybelline Volume Express Colossal Classic Black Online Only","brand":"Promo","imageUrls":["https://static.chemistwarehouse.com.au/ams/media/pi/90798/F2D_800.jpg"],"storeId":"chemist-warehouse","packageSize":"","cupPrice":"","categoryIds":["cw-beauty/cw-cosmetics"],"locations":{"ALL":{"price":8,"discountRate":60,"promo":"Online Only","orgPrice":19.95}},"similarProducts":[]},{"id":"cw-86604","name":"Maybelline Master Camo Colour Correcting Pen Blue","brand":"Maybelline","imageUrls":["https://static.chemistwarehouse.com.au/ams/media/pi/86604/2DF_800.jpg"],"storeId":"chemist-warehouse","packageSize":"","cupPrice":"","categoryIds":["cw-beauty/cw-cosmetics"],"locations":{"ALL":{"price":5,"discountRate":72,"promo":"","orgPrice":17.95}},"similarProducts":[]},{"id":"cw-88647","name":"Rimmel 60 Seconds 901 Darkest Desir","brand":"Rimmel","imageUrls":["https://static.chemistwarehouse.com.au/ams/media/pi/88647/2DF_800.jpg"],"storeId":"chemist-warehouse","packageSize":"","cupPrice":"","categoryIds":["cw-beauty/cw-cosmetics"],"locations":{"ALL":{"price":3,"discountRate":50,"promo":"","orgPrice":5.95}},"similarProducts":[]},{"id":"cw-89192","name":"L'Oreal Colour Riche Shine Addiction Lipstick 109 Pursue Pretty","brand":"Loreal","imageUrls":["https://static.chemistwarehouse.com.au/ams/media/pi/89192/2DF_800.jpg"],"storeId":"chemist-warehouse","packageSize":"","cupPrice":"","categoryIds":["cw-beauty/cw-cosmetics"],"locations":{"ALL":{"price":8,"discountRate":67,"promo":"","orgPrice":23.95}},"similarProducts":[]},{"id":"cw-73793","name":"Maybelline Color Drama Velvet Lip Pencil - Pink So Chic 110","brand":"Maybelline","imageUrls":["https://static.chemistwarehouse.com.au/ams/media/pi/73793/2DF_800.jpg"],"storeId":"chemist-warehouse","packageSize":"","cupPrice":"","categoryIds":["cw-beauty/cw-cosmetics"],"locations":{"ALL":{"price":4,"discountRate":60,"promo":"","orgPrice":9.95}},"similarProducts":[]},{"id":"cw-88701","name":"L'Oreal La Petite Eyeshadow Palette 03 Optimist","brand":"Loreal","imageUrls":["https://static.chemistwarehouse.com.au/ams/media/pi/88701/3DF_800.jpg"],"storeId":"chemist-warehouse","packageSize":"","cupPrice":"","categoryIds":["cw-beauty/cw-cosmetics"],"locations":{"ALL":{"price":6,"discountRate":76,"promo":"","orgPrice":24.95}},"similarProducts":[]},{"id":"cw-85931","name":"Revlon ColorStay Exactify Liquid Liner Sparkling Black","brand":"Revlon","imageUrls":["https://static.chemistwarehouse.com.au/ams/media/pi/85931/2DF_800.jpg"],"storeId":"chemist-warehouse","packageSize":"","cupPrice":"","categoryIds":["cw-beauty/cw-cosmetics"],"locations":{"ALL":{"price":6,"discountRate":77,"promo":"","orgPrice":25.95}},"similarProducts":[]},{"id":"cw-82891","name":"Revlon PhotoReady Insta Fix Highlighter Stick Pink Light","brand":"Revlon","imageUrls":["https://static.chemistwarehouse.com.au/ams/media/pi/82891/2DF_800.jpg"],"storeId":"chemist-warehouse","packageSize":"","cupPrice":"","categoryIds":["cw-beauty/cw-cosmetics"],"locations":{"ALL":{"price":8,"discountRate":73,"promo":"","orgPrice":29.95}},"similarProducts":[]},{"id":"cw-94864","name":"Sally Hansen Miracle Gel Nail Polish Feeling Gelt-y 14.7ml","brand":"Sally Hansen","imageUrls":["https://static.chemistwarehouse.com.au/ams/media/pi/94864/F2D_800.jpg"],"storeId":"chemist-warehouse","packageSize":"","cupPrice":"","categoryIds":["cw-beauty/cw-cosmetics"],"locations":{"ALL":{"price":5,"discountRate":71,"promo":"","orgPrice":16.95}},"similarProducts":[]},{"id":"cw-87086","name":"Rimmel Ink Me Tattoo Stamp Heart","brand":"Rimmel","imageUrls":["https://static.chemistwarehouse.com.au/ams/media/pi/87086/F2D_800.jpg"],"storeId":"chemist-warehouse","packageSize":"","cupPrice":"","categoryIds":["cw-beauty/cw-cosmetics"],"locations":{"ALL":{"price":4,"discountRate":60,"promo":"","orgPrice":9.95}},"similarProducts":[]},{"id":"cw-89537","name":"L'Oreal Infallible Foundation Stick 130 Vanilla","brand":"Loreal","imageUrls":["https://static.chemistwarehouse.com.au/ams/media/pi/89537/2DF_800.jpg"],"storeId":"chemist-warehouse","packageSize":"","cupPrice":"","categoryIds":["cw-beauty/cw-cosmetics"],"locations":{"ALL":{"price":10,"discountRate":67,"promo":"","orgPrice":29.95}},"similarProducts":[]},{"id":"cw-98123","name":"Sally Hansen Salon Manicure Salon Dry and Go Drops","brand":"Sally Hansen","imageUrls":[],"storeId":"chemist-warehouse","packageSize":"","cupPrice":"","categoryIds":["cw-beauty/cw-cosmetics"],"locations":{"ALL":{"price":5,"discountRate":71,"promo":"","orgPrice":16.95}},"similarProducts":[]},{"id":"cw-86594","name":"Maybelline Color Sensational Matte Metallics Lipstick - Copper Spark 958","brand":"Maybelline","imageUrls":["https://static.chemistwarehouse.com.au/ams/media/pi/86594/2DF_800.jpg"],"storeId":"chemist-warehouse","packageSize":"","cupPrice":"","categoryIds":["cw-beauty/cw-cosmetics"],"locations":{"ALL":{"price":6,"discountRate":67,"promo":"","orgPrice":17.95}},"similarProducts":[]},{"id":"cw-77072","name":"L'Oreal Color Riche Lipliner Magique 001 Transparent","brand":"Loreal","imageUrls":["https://static.chemistwarehouse.com.au/ams/media/pi/77072/2DF_800.jpg"],"storeId":"chemist-warehouse","packageSize":"","cupPrice":"","categoryIds":["cw-beauty/cw-cosmetics"],"locations":{"ALL":{"price":6,"discountRate":62,"promo":"","orgPrice":15.95}},"similarProducts":[]},{"id":"cw-76402","name":"Revlon Ultra High Definition Lip Lacquer Strawberry Topaz","brand":"Revlon","imageUrls":["https://static.chemistwarehouse.com.au/ams/media/pi/76402/2DF_800.jpg"],"storeId":"chemist-warehouse","packageSize":"","cupPrice":"","categoryIds":["cw-beauty/cw-cosmetics"],"locations":{"ALL":{"price":5,"discountRate":80,"promo":"","orgPrice":24.95}},"similarProducts":[]},{"id":"cw-81485","name":"Revlon Ultra High Definition Matte Lipcolor Intensity","brand":"Revlon","imageUrls":["https://static.chemistwarehouse.com.au/ams/media/pi/81485/2DF_800.jpg"],"storeId":"chemist-warehouse","packageSize":"","cupPrice":"","categoryIds":["cw-beauty/cw-cosmetics"],"locations":{"ALL":{"price":5,"discountRate":80,"promo":"","orgPrice":24.95}},"similarProducts":[]},{"id":"cw-83042","name":"L'Oreal Infallible Sexy Balm Sheer 110 Cant Sit with Us","brand":"Loreal","imageUrls":["https://static.chemistwarehouse.com.au/ams/media/pi/83042/2DF_800.jpg"],"storeId":"chemist-warehouse","packageSize":"","cupPrice":"","categoryIds":["cw-beauty/cw-cosmetics"],"locations":{"ALL":{"price":5,"discountRate":67,"promo":"","orgPrice":14.95}},"similarProducts":[]},{"id":"cw-89552","name":"L'Oreal Brow Artist High Contour 103 Warm Blonde","brand":"Loreal","imageUrls":["https://static.chemistwarehouse.com.au/ams/media/pi/89552/2DB_800.jpg"],"storeId":"chemist-warehouse","packageSize":"","cupPrice":"","categoryIds":["cw-beauty/cw-cosmetics"],"locations":{"ALL":{"price":6,"discountRate":74,"promo":"","orgPrice":22.95}},"similarProducts":[]},{"id":"cw-86557","name":"L'Oreal Infallible Gel Crayon Eye Shadow 11 Vava Voum","brand":"Loreal","imageUrls":["https://static.chemistwarehouse.com.au/ams/media/pi/86557/2DF_800.jpg"],"storeId":"chemist-warehouse","packageSize":"","cupPrice":"","categoryIds":["cw-beauty/cw-cosmetics"],"locations":{"ALL":{"price":5,"discountRate":71,"promo":"","orgPrice":16.95}},"similarProducts":[]},{"id":"cw-86590","name":"Maybelline Color Sensational Matte Metallics Lipstick - White Gold 950","brand":"Maybelline","imageUrls":["https://static.chemistwarehouse.com.au/ams/media/pi/86590/2DF_800.jpg"],"storeId":"chemist-warehouse","packageSize":"","cupPrice":"","categoryIds":["cw-beauty/cw-cosmetics"],"locations":{"ALL":{"price":6,"discountRate":67,"promo":"","orgPrice":17.95}},"similarProducts":[]},{"id":"cw-76403","name":"Revlon Ultra High Definition Lip Lacquer Sunstone","brand":"","imageUrls":["https://static.chemistwarehouse.com.au/ams/media/pi/76403/F2D_800.jpg"],"storeId":"chemist-warehouse","packageSize":"","cupPrice":"","categoryIds":["cw-beauty/cw-cosmetics"],"locations":{"ALL":{"price":5,"discountRate":80,"promo":"","orgPrice":24.95}},"similarProducts":[]},{"id":"cw-84298","name":"L'Oreal Infallible Eye Paint 102 Irresistible Rose","brand":"Loreal","imageUrls":["https://static.chemistwarehouse.com.au/ams/media/pi/84298/2DF_800.jpg"],"storeId":"chemist-warehouse","packageSize":"","cupPrice":"","categoryIds":["cw-beauty/cw-cosmetics"],"locations":{"ALL":{"price":6,"discountRate":70,"promo":"","orgPrice":19.95}},"similarProducts":[]},{"id":"cw-89056","name":"Revlon Super Lustrous Matte 056 Purple Aura","brand":"Revlon","imageUrls":["https://static.chemistwarehouse.com.au/ams/media/pi/89056/2DF_800.jpg"],"storeId":"chemist-warehouse","packageSize":"","cupPrice":"","categoryIds":["cw-beauty/cw-cosmetics"],"locations":{"ALL":{"price":8,"discountRate":68,"promo":"","orgPrice":24.95}},"similarProducts":[]},{"id":"cw-86588","name":"Maybelline Color Sensational Mono Eyeshadow - Seashell","brand":"Maybelline","imageUrls":["https://static.chemistwarehouse.com.au/ams/media/pi/86588/2DF_800.jpg"],"storeId":"chemist-warehouse","packageSize":"","cupPrice":"","categoryIds":["cw-beauty/cw-cosmetics"],"locations":{"ALL":{"price":4,"discountRate":67,"promo":"","orgPrice":11.95}},"similarProducts":[]},{"id":"cw-85270","name":"L'Oreal Infallible Eye Paint 306 Nudist","brand":"Loreal","imageUrls":["https://static.chemistwarehouse.com.au/ams/media/pi/85270/2DF_800.jpg"],"storeId":"chemist-warehouse","packageSize":"","cupPrice":"","categoryIds":["cw-beauty/cw-cosmetics"],"locations":{"ALL":{"price":6,"discountRate":70,"promo":"","orgPrice":19.95}},"similarProducts":[]},{"id":"cw-84290","name":"L'Oreal Infallible Lip Paint 205 Apocalypse Red","brand":"Loreal","imageUrls":["https://static.chemistwarehouse.com.au/ams/media/pi/84290/2DF_800.jpg"],"storeId":"chemist-warehouse","packageSize":"","cupPrice":"","categoryIds":["cw-beauty/cw-cosmetics"],"locations":{"ALL":{"price":5,"discountRate":75,"promo":"","orgPrice":19.95}},"similarProducts":[]},{"id":"cw-90301","name":"Rimmel Wonder Swipe 2 In 1 Liner To Shadow 001 Slay","brand":"Rimmel","imageUrls":["https://static.chemistwarehouse.com.au/ams/media/pi/90301/2DF_800.jpg"],"storeId":"chemist-warehouse","packageSize":"","cupPrice":"","categoryIds":["cw-beauty/cw-cosmetics"],"locations":{"ALL":{"price":5,"discountRate":71,"promo":"","orgPrice":16.95}},"similarProducts":[]},{"id":"cw-88778","name":"Revlon Colorstay Creme Gel Pencil Private Island","brand":"Revlon","imageUrls":["https://static.chemistwarehouse.com.au/ams/media/pi/88778/2DF_800.jpg"],"storeId":"chemist-warehouse","packageSize":"","cupPrice":"","categoryIds":["cw-beauty/cw-cosmetics"],"locations":{"ALL":{"price":8,"discountRate":67,"promo":"","orgPrice":23.95}},"similarProducts":[]},{"id":"cw-83043","name":"L'Oreal Infallible Sexy Balm Sheer 111 Go Pretty or Go Home","brand":"Loreal","imageUrls":["https://static.chemistwarehouse.com.au/ams/media/pi/83043/2DF_800.jpg"],"storeId":"chemist-warehouse","packageSize":"","cupPrice":"","categoryIds":["cw-beauty/cw-cosmetics"],"locations":{"ALL":{"price":5,"discountRate":67,"promo":"","orgPrice":14.95}},"similarProducts":[]},{"id":"cw-88228","name":"Rimmel Stay Satin Liquid Lip Colour 200 Sike","brand":"Rimmel","imageUrls":["https://static.chemistwarehouse.com.au/ams/media/pi/88228/3DF_800.jpg"],"storeId":"chemist-warehouse","packageSize":"","cupPrice":"","categoryIds":["cw-beauty/cw-cosmetics"],"locations":{"ALL":{"price":5,"discountRate":67,"promo":"","orgPrice":14.95}},"similarProducts":[]},{"id":"cw-84288","name":"L'Oreal Infallible Lip Paint 202 King Pink","brand":"Loreal","imageUrls":["https://static.chemistwarehouse.com.au/ams/media/pi/84288/2DF_800.jpg"],"storeId":"chemist-warehouse","packageSize":"","cupPrice":"","categoryIds":["cw-beauty/cw-cosmetics"],"locations":{"ALL":{"price":6,"discountRate":70,"promo":"","orgPrice":19.95}},"similarProducts":[]},{"id":"cw-84287","name":"L'Oreal Infallible Lip Paint 201 Hollywood","brand":"Loreal","imageUrls":["https://static.chemistwarehouse.com.au/ams/media/pi/84287/2DF_800.jpg"],"storeId":"chemist-warehouse","packageSize":"","cupPrice":"","categoryIds":["cw-beauty/cw-cosmetics"],"locations":{"ALL":{"price":5,"discountRate":75,"promo":"","orgPrice":19.95}},"similarProducts":[]},{"id":"cw-88779","name":"Revlon Colorstay Creme Gel Pencil Shining Armour","brand":"Revlon","imageUrls":["https://static.chemistwarehouse.com.au/ams/media/pi/88779/2DF_800.jpg"],"storeId":"chemist-warehouse","packageSize":"","cupPrice":"","categoryIds":["cw-beauty/cw-cosmetics"],"locations":{"ALL":{"price":8,"discountRate":67,"promo":"","orgPrice":23.95}},"similarProducts":[]},{"id":"cw-85745","name":"Rimmel Lasting Finish Breathable Foundation 502  Noisette","brand":"Rimmel","imageUrls":["https://static.chemistwarehouse.com.au/ams/media/pi/85745/2DB_800.jpg"],"storeId":"chemist-warehouse","packageSize":"","cupPrice":"","categoryIds":["cw-beauty/cw-cosmetics"],"locations":{"ALL":{"price":6,"discountRate":74,"promo":"","orgPrice":22.95}},"similarProducts":[]},{"id":"cw-84892","name":"Revlon Super Lustrous Lipstick Gold Goddess","brand":"Revlon","imageUrls":["https://static.chemistwarehouse.com.au/ams/media/pi/84892/2DF_800.jpg"],"storeId":"chemist-warehouse","packageSize":"","cupPrice":"","categoryIds":["cw-beauty/cw-cosmetics"],"locations":{"ALL":{"price":8,"discountRate":68,"promo":"","orgPrice":24.95}},"similarProducts":[]},{"id":"cw-87524","name":"L'Oreal Colour Riche Balmain Lipstick 902 Legend","brand":"","imageUrls":["https://static.chemistwarehouse.com.au/ams/media/pi/87524/2DB_800.jpg"],"storeId":"chemist-warehouse","packageSize":"","cupPrice":"","categoryIds":["cw-beauty/cw-cosmetics"],"locations":{"ALL":{"price":5,"discountRate":80,"promo":"","orgPrice":24.95}},"similarProducts":[]},{"id":"cw-90660","name":"Sally Hansen Trend Neon Textual Feeling","brand":"Sally Hansen","imageUrls":["https://static.chemistwarehouse.com.au/ams/media/pi/90660/3DF_800.jpg"],"storeId":"chemist-warehouse","packageSize":"","cupPrice":"","categoryIds":["cw-beauty/cw-cosmetics"],"locations":{"ALL":{"price":4,"discountRate":60,"promo":"","orgPrice":9.95}},"similarProducts":[]},{"id":"cw-87601","name":"Sally Hansen Complete Salon Manicure Talk Is Cheap","brand":"Sally Hansen","imageUrls":["https://static.chemistwarehouse.com.au/ams/media/pi/87601/2DF_800.jpg"],"storeId":"chemist-warehouse","packageSize":"","cupPrice":"","categoryIds":["cw-beauty/cw-cosmetics"],"locations":{"ALL":{"price":5,"discountRate":67,"promo":"","orgPrice":14.95}},"similarProducts":[]},{"id":"cw-87091","name":"Rimmel Ombre Eyes Liner Purple","brand":"Rimmel","imageUrls":["https://static.chemistwarehouse.com.au/ams/media/pi/87091/F2D_800.jpg"],"storeId":"chemist-warehouse","packageSize":"","cupPrice":"","categoryIds":["cw-beauty/cw-cosmetics"],"locations":{"ALL":{"price":5,"discountRate":64,"promo":"","orgPrice":13.95}},"similarProducts":[]},{"id":"cw-90382","name":"Revlon Photoready Candid Foundation Cappuccino","brand":"Revlon","imageUrls":["https://static.chemistwarehouse.com.au/ams/media/pi/90382/2DF_800.jpg"],"storeId":"chemist-warehouse","packageSize":"","cupPrice":"","categoryIds":["cw-beauty/cw-cosmetics"],"locations":{"ALL":{"price":8,"discountRate":68,"promo":"","orgPrice":24.95}},"similarProducts":[]},{"id":"cw-87090","name":"Rimmel Ombre Eyes Liner Gold","brand":"Rimmel","imageUrls":["https://static.chemistwarehouse.com.au/ams/media/pi/87090/F2D_800.jpg"],"storeId":"chemist-warehouse","packageSize":"","cupPrice":"","categoryIds":["cw-beauty/cw-cosmetics"],"locations":{"ALL":{"price":5,"discountRate":64,"promo":"","orgPrice":13.95}},"similarProducts":[]},{"id":"cw-85275","name":"L'Oreal Infallible Eye Paint 205 Cocky Bisque","brand":"Loreal","imageUrls":["https://static.chemistwarehouse.com.au/ams/media/pi/85275/2DF_800.jpg"],"storeId":"chemist-warehouse","packageSize":"","cupPrice":"","categoryIds":["cw-beauty/cw-cosmetics"],"locations":{"ALL":{"price":6,"discountRate":70,"promo":"","orgPrice":19.95}},"similarProducts":[]},{"id":"cw-85748","name":"Rimmel Lip Art Liquid Rose Gold","brand":"","imageUrls":["https://static.chemistwarehouse.com.au/ams/media/pi/85748/2DF_800.jpg"],"storeId":"chemist-warehouse","packageSize":"","cupPrice":"","categoryIds":["cw-beauty/cw-cosmetics"],"locations":{"ALL":{"price":3,"discountRate":80,"promo":"","orgPrice":14.95}},"similarProducts":[]},{"id":"cw-88231","name":"Rimmel Stay Satin Liquid Lip Colour 430 For Sure","brand":"Rimmel","imageUrls":["https://static.chemistwarehouse.com.au/ams/media/pi/88231/3DF_800.jpg"],"storeId":"chemist-warehouse","packageSize":"","cupPrice":"","categoryIds":["cw-beauty/cw-cosmetics"],"locations":{"ALL":{"price":5,"discountRate":67,"promo":"","orgPrice":14.95}},"similarProducts":[]},{"id":"cw-87593","name":"Sally Hansen Complete Salon Manicure Know The Espa Drille","brand":"Sally Hansen","imageUrls":["https://static.chemistwarehouse.com.au/ams/media/pi/87593/2DF_800.jpg"],"storeId":"chemist-warehouse","packageSize":"","cupPrice":"","categoryIds":["cw-beauty/cw-cosmetics"],"locations":{"ALL":{"price":5,"discountRate":67,"promo":"","orgPrice":14.95}},"similarProducts":[]},{"id":"cw-84894","name":"Revlon Super Lustrous Lipstick Midnight Mystery","brand":"Revlon","imageUrls":["https://static.chemistwarehouse.com.au/ams/media/pi/84894/2DF_800.jpg"],"storeId":"chemist-warehouse","packageSize":"","cupPrice":"","categoryIds":["cw-beauty/cw-cosmetics"],"locations":{"ALL":{"price":8,"discountRate":68,"promo":"","orgPrice":24.95}},"similarProducts":[]},{"id":"cw-84301","name":"L'Oreal Infallible Eye Paint 303 Breathtaking Brown","brand":"Loreal","imageUrls":["https://static.chemistwarehouse.com.au/ams/media/pi/84301/2DF_800.jpg"],"storeId":"chemist-warehouse","packageSize":"","cupPrice":"","categoryIds":["cw-beauty/cw-cosmetics"],"locations":{"ALL":{"price":6,"discountRate":70,"promo":"","orgPrice":19.95}},"similarProducts":[]},{"id":"cw-76400","name":"Revlon Ultra High Definition Lip Lacquer Smoky Quartz","brand":"Revlon","imageUrls":["https://static.chemistwarehouse.com.au/ams/media/pi/76400/2DF_800.jpg"],"storeId":"chemist-warehouse","packageSize":"","cupPrice":"","categoryIds":["cw-beauty/cw-cosmetics"],"locations":{"ALL":{"price":5,"discountRate":80,"promo":"","orgPrice":24.95}},"similarProducts":[]},{"id":"cw-84285","name":"L'Oreal Infallible Lip Paint 105 Red Fiction","brand":"Loreal","imageUrls":["https://static.chemistwarehouse.com.au/ams/media/pi/84285/2DF_800.jpg"],"storeId":"chemist-warehouse","packageSize":"","cupPrice":"","categoryIds":["cw-beauty/cw-cosmetics"],"locations":{"ALL":{"price":6,"discountRate":70,"promo":"","orgPrice":19.95}},"similarProducts":[]},{"id":"cw-82778","name":"Revlon Ultra High Definition Gel Lipcolor Garden","brand":"Revlon","imageUrls":["https://static.chemistwarehouse.com.au/ams/media/pi/82778/2DF_800.jpg"],"storeId":"chemist-warehouse","packageSize":"","cupPrice":"","categoryIds":["cw-beauty/cw-cosmetics"],"locations":{"ALL":{"price":8,"discountRate":68,"promo":"","orgPrice":24.95}},"similarProducts":[]},{"id":"cw-101658","name":"Maybelline Glass Finishing Spray Dewy Finish","brand":"Maybelline","imageUrls":["https://static.chemistwarehouse.com.au/ams/media/pi/101658/ADD7_800.jpg"],"storeId":"chemist-warehouse","packageSize":"","cupPrice":"","categoryIds":["cw-beauty/cw-cosmetics"],"locations":{"ALL":{"price":9.97,"discountRate":50,"promo":"","orgPrice":19.95}},"similarProducts":[]},{"id":"cw-86570","name":"L'Oreal Infallible Metallic Eye Paint 405 Take A Bow","brand":"Loreal","imageUrls":["https://static.chemistwarehouse.com.au/ams/media/pi/86570/2DF_800.jpg"],"storeId":"chemist-warehouse","packageSize":"","cupPrice":"","categoryIds":["cw-beauty/cw-cosmetics"],"locations":{"ALL":{"price":6,"discountRate":70,"promo":"","orgPrice":19.95}},"similarProducts":[]},{"id":"cw-88774","name":"Revlon Colorstay Creme Gel Pencil 24K Gold","brand":"Revlon","imageUrls":["https://static.chemistwarehouse.com.au/ams/media/pi/88774/2DF_800.jpg"],"storeId":"chemist-warehouse","packageSize":"","cupPrice":"","categoryIds":["cw-beauty/cw-cosmetics"],"locations":{"ALL":{"price":8,"discountRate":67,"promo":"","orgPrice":23.95}},"similarProducts":[]},{"id":"cw-88230","name":"Rimmel Stay Satin Liquid Lip Colour 400 Obsession","brand":"Rimmel","imageUrls":["https://static.chemistwarehouse.com.au/ams/media/pi/88230/3DF_800.jpg"],"storeId":"chemist-warehouse","packageSize":"","cupPrice":"","categoryIds":["cw-beauty/cw-cosmetics"],"locations":{"ALL":{"price":5,"discountRate":67,"promo":"","orgPrice":14.95}},"similarProducts":[]},{"id":"cw-85274","name":"L'Oreal Infallible Lip Paint 213 Stripped Brown","brand":"Loreal","imageUrls":["https://static.chemistwarehouse.com.au/ams/media/pi/85274/2DF_800.jpg"],"storeId":"chemist-warehouse","packageSize":"","cupPrice":"","categoryIds":["cw-beauty/cw-cosmetics"],"locations":{"ALL":{"price":6,"discountRate":70,"promo":"","orgPrice":19.95}},"similarProducts":[]},{"id":"cw-84299","name":"L'Oreal Infallible Eye Paint 202 Keep On Khaki","brand":"Loreal","imageUrls":["https://static.chemistwarehouse.com.au/ams/media/pi/84299/2DF_800.jpg"],"storeId":"chemist-warehouse","packageSize":"","cupPrice":"","categoryIds":["cw-beauty/cw-cosmetics"],"locations":{"ALL":{"price":6,"discountRate":70,"promo":"","orgPrice":19.95}},"similarProducts":[]},{"id":"cw-86595","name":"Maybelline Color Sensational Matte Metallics Lipstick - Serpentine 986","brand":"Maybelline","imageUrls":["https://static.chemistwarehouse.com.au/ams/media/pi/86595/2DF_800.jpg"],"storeId":"chemist-warehouse","packageSize":"","cupPrice":"","categoryIds":["cw-beauty/cw-cosmetics"],"locations":{"ALL":{"price":6,"discountRate":67,"promo":"","orgPrice":17.95}},"similarProducts":[]},{"id":"cw-88239","name":"Rimmel Stay Satin Liquid Lip Colour 850 Atomic","brand":"Rimmel","imageUrls":["https://static.chemistwarehouse.com.au/ams/media/pi/88239/3DF_800.jpg"],"storeId":"chemist-warehouse","packageSize":"","cupPrice":"","categoryIds":["cw-beauty/cw-cosmetics"],"locations":{"ALL":{"price":5,"discountRate":67,"promo":"","orgPrice":14.95}},"similarProducts":[]},{"id":"cw-90526","name":"L'Oreal True Match Liquid Foundation 8.5R/8.5C Rose Pecan","brand":"Loreal","imageUrls":["https://static.chemistwarehouse.com.au/ams/media/pi/90526/2DF_800.jpg"],"storeId":"chemist-warehouse","packageSize":"","cupPrice":"","categoryIds":["cw-beauty/cw-cosmetics"],"locations":{"ALL":{"price":10,"discountRate":67,"promo":"","orgPrice":29.95}},"similarProducts":[]},{"id":"cw-90531","name":"L'Oreal True Match Liquid Foundation 9.R/9.C Deep Cool","brand":"Loreal","imageUrls":["https://static.chemistwarehouse.com.au/ams/media/pi/90531/2DF_800.jpg"],"storeId":"chemist-warehouse","packageSize":"","cupPrice":"","categoryIds":["cw-beauty/cw-cosmetics"],"locations":{"ALL":{"price":10,"discountRate":67,"promo":"","orgPrice":29.95}},"similarProducts":[]},{"id":"cw-64421","name":"Sukin Foaming Facial Cleanser Pump 125ml","brand":"Sukin","imageUrls":["https://static.chemistwarehouse.com.au/ams/media/pi/64421/F2D_800.jpg"],"storeId":"chemist-warehouse","packageSize":"","cupPrice":"","categoryIds":["cw-beauty/cw-skin-care"],"locations":{"ALL":{"price":5.97,"discountRate":50,"promo":"","orgPrice":11.95}},"similarProducts":[]},{"id":"cw-64444","name":"Sukin Botanical Body Wash Pump 1 Litre","brand":"Sukin","imageUrls":["https://static.chemistwarehouse.com.au/ams/media/pi/64444/F2D_800.jpg"],"storeId":"chemist-warehouse","packageSize":"","cupPrice":"","categoryIds":["cw-beauty/cw-skin-care"],"locations":{"ALL":{"price":8.97,"discountRate":50,"promo":"","orgPrice":17.95}},"similarProducts":[]},{"id":"cw-82177","name":"Sukin Certified Organic Rosehip Oil 50ml","brand":"Sukin","imageUrls":["https://static.chemistwarehouse.com.au/ams/media/pi/82177/F2D_800.jpg"],"storeId":"chemist-warehouse","packageSize":"","cupPrice":"","categoryIds":["cw-beauty/cw-skin-care"],"locations":{"ALL":{"price":14.97,"discountRate":63,"promo":"","orgPrice":39.95}},"similarProducts":[]},{"id":"cw-86335","name":"Sukin Purely Ageless Restorative Night Cream 120ml","brand":"Sukin","imageUrls":["https://static.chemistwarehouse.com.au/ams/media/pi/86335/F2D_800.jpg"],"storeId":"chemist-warehouse","packageSize":"","cupPrice":"","categoryIds":["cw-beauty/cw-skin-care"],"locations":{"ALL":{"price":12.47,"discountRate":50,"promo":"","orgPrice":24.95}},"similarProducts":[]},{"id":"cw-64869","name":"Sukin Cleansing Hand Wash Pump 1 Litre","brand":"Sukin","imageUrls":["https://static.chemistwarehouse.com.au/ams/media/pi/64869/F2D_800.jpg"],"storeId":"chemist-warehouse","packageSize":"","cupPrice":"","categoryIds":["cw-beauty/cw-skin-care"],"locations":{"ALL":{"price":8.97,"discountRate":50,"promo":"","orgPrice":17.95}},"similarProducts":[]},{"id":"cw-78731","name":"Aveeno Active Naturals Daily Moisturising Fragrance Free Body Lotion 1 Litre","brand":"Aveeno","imageUrls":["https://static.chemistwarehouse.com.au/ams/media/pi/78731/2DF_800.jpg"],"storeId":"chemist-warehouse","packageSize":"","cupPrice":"","categoryIds":["cw-beauty/cw-skin-care"],"locations":{"ALL":{"price":12.99,"discountRate":50,"promo":"","orgPrice":25.99}},"similarProducts":[]},{"id":"cw-86336","name":"Sukin Purely Ageless Reviving Eye Cream 25ml","brand":"Sukin","imageUrls":["https://static.chemistwarehouse.com.au/ams/media/pi/86336/F2D_800.jpg"],"storeId":"chemist-warehouse","packageSize":"","cupPrice":"","categoryIds":["cw-beauty/cw-skin-care"],"locations":{"ALL":{"price":11.47,"discountRate":50,"promo":"","orgPrice":22.95}},"similarProducts":[]},{"id":"cw-64422","name":"Sukin Hydrating Mist Toner 125ml","brand":"Sukin","imageUrls":["https://static.chemistwarehouse.com.au/ams/media/pi/64422/F2D_800.jpg"],"storeId":"chemist-warehouse","packageSize":"","cupPrice":"","categoryIds":["cw-beauty/cw-skin-care"],"locations":{"ALL":{"price":5.97,"discountRate":50,"promo":"","orgPrice":11.95}},"similarProducts":[]},{"id":"cw-86333","name":"Sukin Purely Ageless Intensive Firming Serum 30ml","brand":"Sukin","imageUrls":["https://static.chemistwarehouse.com.au/ams/media/pi/86333/F2D_800.jpg"],"storeId":"chemist-warehouse","packageSize":"","cupPrice":"","categoryIds":["cw-beauty/cw-skin-care"],"locations":{"ALL":{"price":13.97,"discountRate":50,"promo":"","orgPrice":27.95}},"similarProducts":[]},{"id":"cw-86334","name":"Sukin Purely Ageless Rejuvenating Day Cream 120ml","brand":"Sukin","imageUrls":["https://static.chemistwarehouse.com.au/ams/media/pi/86334/F2D_800.jpg"],"storeId":"chemist-warehouse","packageSize":"","cupPrice":"","categoryIds":["cw-beauty/cw-skin-care"],"locations":{"ALL":{"price":12.47,"discountRate":50,"promo":"","orgPrice":24.95}},"similarProducts":[]},{"id":"cw-84458","name":"Aveeno Active Naturals Skin Relief Moisturising Lotion Fragrance Free 1L","brand":"Aveeno","imageUrls":["https://static.chemistwarehouse.com.au/ams/media/pi/84458/2DF_800.jpg"],"storeId":"chemist-warehouse","packageSize":"","cupPrice":"","categoryIds":["cw-beauty/cw-skin-care"],"locations":{"ALL":{"price":14.49,"discountRate":50,"promo":"","orgPrice":28.99}},"similarProducts":[]},{"id":"cw-78730","name":"Aveeno Active Naturals Daily Moisturising Body Wash 1 Litre","brand":"Aveeno","imageUrls":["https://static.chemistwarehouse.com.au/ams/media/pi/78730/2DF_800.jpg"],"storeId":"chemist-warehouse","packageSize":"","cupPrice":"","categoryIds":["cw-beauty/cw-skin-care"],"locations":{"ALL":{"price":11.99,"discountRate":50,"promo":"","orgPrice":23.99}},"similarProducts":[]},{"id":"cw-49843","name":"Aveeno Active Naturals Intense Relief Hand Cream Fragrance Free 100g","brand":"Aveeno","imageUrls":["https://static.chemistwarehouse.com.au/ams/media/pi/49843/2DF_800.jpg"],"storeId":"chemist-warehouse","packageSize":"","cupPrice":"","categoryIds":["cw-beauty/cw-skin-care"],"locations":{"ALL":{"price":4.97,"discountRate":50,"promo":"","orgPrice":9.95}},"similarProducts":[]},{"id":"cw-64419","name":"Sukin Facial Moisturiser Pump 125ml","brand":"Sukin","imageUrls":["https://static.chemistwarehouse.com.au/ams/media/pi/64419/F2D_800.jpg"],"storeId":"chemist-warehouse","packageSize":"","cupPrice":"","categoryIds":["cw-beauty/cw-skin-care"],"locations":{"ALL":{"price":5.97,"discountRate":50,"promo":"","orgPrice":11.95}},"similarProducts":[]},{"id":"cw-85509","name":"Sukin Natural Balance Shampoo 1 Litre","brand":"Sukin","imageUrls":["https://static.chemistwarehouse.com.au/ams/media/pi/85509/F2D_800.jpg"],"storeId":"chemist-warehouse","packageSize":"","cupPrice":"","categoryIds":["cw-beauty/cw-skin-care"],"locations":{"ALL":{"price":13.47,"discountRate":50,"promo":"","orgPrice":26.95}},"similarProducts":[]},{"id":"cw-64423","name":"Sukin Revitalising Facial Scrub 125mL","brand":"Sukin","imageUrls":["https://static.chemistwarehouse.com.au/ams/media/pi/64423/F2D_800.jpg"],"storeId":"chemist-warehouse","packageSize":"","cupPrice":"","categoryIds":["cw-beauty/cw-skin-care"],"locations":{"ALL":{"price":5.97,"discountRate":50,"promo":"","orgPrice":11.95}},"similarProducts":[]},{"id":"cw-88897","name":"Sukin Blemish Control Clearing Facial Wash 125ml","brand":"Sukin","imageUrls":["https://static.chemistwarehouse.com.au/ams/media/pi/88897/F2D_800.jpg"],"storeId":"chemist-warehouse","packageSize":"","cupPrice":"","categoryIds":["cw-beauty/cw-skin-care"],"locations":{"ALL":{"price":7.47,"discountRate":50,"promo":"","orgPrice":14.95}},"similarProducts":[]},{"id":"cw-88899","name":"Sukin Blemish Control Pore Perfecting Toner 125ml","brand":"Sukin","imageUrls":["https://static.chemistwarehouse.com.au/ams/media/pi/88899/F2D_800.jpg"],"storeId":"chemist-warehouse","packageSize":"","cupPrice":"","categoryIds":["cw-beauty/cw-skin-care"],"locations":{"ALL":{"price":7.47,"discountRate":50,"promo":"","orgPrice":14.95}},"similarProducts":[]},{"id":"cw-88902","name":"Sukin Pink Clay Facial Masque 100ml","brand":"Sukin","imageUrls":["https://static.chemistwarehouse.com.au/ams/media/pi/88902/F2D_800.jpg"],"storeId":"chemist-warehouse","packageSize":"","cupPrice":"","categoryIds":["cw-beauty/cw-skin-care"],"locations":{"ALL":{"price":9.97,"discountRate":50,"promo":"","orgPrice":19.95}},"similarProducts":[]},{"id":"cw-85507","name":"Sukin Natural Balance Conditioner 1 Litre","brand":"Sukin","imageUrls":["https://static.chemistwarehouse.com.au/ams/media/pi/85507/F2D_800.jpg"],"storeId":"chemist-warehouse","packageSize":"","cupPrice":"","categoryIds":["cw-beauty/cw-skin-care"],"locations":{"ALL":{"price":13.47,"discountRate":50,"promo":"","orgPrice":26.95}},"similarProducts":[]},{"id":"cw-64424","name":"Sukin Hydrating Body Lotion 500ml","brand":"Sukin","imageUrls":["https://static.chemistwarehouse.com.au/ams/media/pi/64424/F2D_800.jpg"],"storeId":"chemist-warehouse","packageSize":"","cupPrice":"","categoryIds":["cw-beauty/cw-skin-care"],"locations":{"ALL":{"price":7.47,"discountRate":50,"promo":"","orgPrice":14.95}},"similarProducts":[]},{"id":"cw-75277","name":"Sukin Super Greens Detoxifying Facial Scrub 125ml","brand":"Sukin","imageUrls":["https://static.chemistwarehouse.com.au/ams/media/pi/75277/F2D_800.jpg"],"storeId":"chemist-warehouse","packageSize":"","cupPrice":"","categoryIds":["cw-beauty/cw-skin-care"],"locations":{"ALL":{"price":7.47,"discountRate":50,"promo":"","orgPrice":14.95}},"similarProducts":[]},{"id":"cw-75562","name":"Sukin Botanical Body Wash Lime & Coconut 500ml","brand":"Sukin","imageUrls":["https://static.chemistwarehouse.com.au/ams/media/pi/75562/F2D_800.jpg"],"storeId":"chemist-warehouse","packageSize":"","cupPrice":"","categoryIds":["cw-beauty/cw-skin-care"],"locations":{"ALL":{"price":4.97,"discountRate":50,"promo":"","orgPrice":9.95}},"similarProducts":[]},{"id":"cw-75278","name":"Sukin Super Greens Facial Recovery Serum 30ml","brand":"Sukin","imageUrls":["https://static.chemistwarehouse.com.au/ams/media/pi/75278/F2D_800.jpg"],"storeId":"chemist-warehouse","packageSize":"","cupPrice":"","categoryIds":["cw-beauty/cw-skin-care"],"locations":{"ALL":{"price":9.47,"discountRate":50,"promo":"","orgPrice":18.95}},"similarProducts":[]},{"id":"cw-84605","name":"Aveeno Active Naturals Skin Relief Moisturising Body Wash Fragrance Free 1 Litre","brand":"Aveeno","imageUrls":["https://static.chemistwarehouse.com.au/ams/media/pi/84605/2DF_800.jpg"],"storeId":"chemist-warehouse","packageSize":"","cupPrice":"","categoryIds":["cw-beauty/cw-skin-care"],"locations":{"ALL":{"price":12.49,"discountRate":50,"promo":"","orgPrice":24.99}},"similarProducts":[]},{"id":"cw-99116","name":"Sukin Hydration Deeply Hydrating Biodegradable Sheet Mask 25ml","brand":"Sukin","imageUrls":["https://static.chemistwarehouse.com.au/ams/media/pi/99116/F2D_800.jpg"],"storeId":"chemist-warehouse","packageSize":"","cupPrice":"","categoryIds":["cw-beauty/cw-skin-care"],"locations":{"ALL":{"price":4.47,"discountRate":50,"promo":"","orgPrice":8.95}},"similarProducts":[]},{"id":"cw-64433","name":"Sukin Natural Deodorant 125mL","brand":"Sukin","imageUrls":["https://static.chemistwarehouse.com.au/ams/media/pi/64433/F2D_800.jpg"],"storeId":"chemist-warehouse","packageSize":"","cupPrice":"","categoryIds":["cw-beauty/cw-skin-care"],"locations":{"ALL":{"price":3.47,"discountRate":50,"promo":"","orgPrice":6.95}},"similarProducts":[]},{"id":"cw-64432","name":"Sukin Hand and Nail Cream Pump 125ml","brand":"Sukin","imageUrls":["https://static.chemistwarehouse.com.au/ams/media/pi/64432/F2D_800.jpg"],"storeId":"chemist-warehouse","packageSize":"","cupPrice":"","categoryIds":["cw-beauty/cw-skin-care"],"locations":{"ALL":{"price":5.47,"discountRate":50,"promo":"","orgPrice":10.95}},"similarProducts":[]},{"id":"cw-88900","name":"Sukin Blemish Control Spot Banishing Gel 15ml","brand":"Sukin","imageUrls":["https://static.chemistwarehouse.com.au/ams/media/pi/88900/F2D_800.jpg"],"storeId":"chemist-warehouse","packageSize":"","cupPrice":"","categoryIds":["cw-beauty/cw-skin-care"],"locations":{"ALL":{"price":7.47,"discountRate":50,"promo":"","orgPrice":14.95}},"similarProducts":[]},{"id":"cw-66385","name":"Sukin Sensitive Facial Moisturiser 125ml Pump","brand":"Sukin","imageUrls":["https://static.chemistwarehouse.com.au/ams/media/pi/66385/F2D_800.jpg"],"storeId":"chemist-warehouse","packageSize":"","cupPrice":"","categoryIds":["cw-beauty/cw-skin-care"],"locations":{"ALL":{"price":5.97,"discountRate":50,"promo":"","orgPrice":11.95}},"similarProducts":[]},{"id":"cw-86332","name":"Sukin Purely Ageless Botanical Hydration Elixir 25ml","brand":"Sukin","imageUrls":["https://static.chemistwarehouse.com.au/ams/media/pi/86332/F2D_800.jpg"],"storeId":"chemist-warehouse","packageSize":"","cupPrice":"","categoryIds":["cw-beauty/cw-skin-care"],"locations":{"ALL":{"price":13.97,"discountRate":50,"promo":"","orgPrice":27.95}},"similarProducts":[]},{"id":"cw-88898","name":"Sukin Blemish Control Oil Free Moisturiser 125ml","brand":"Sukin","imageUrls":["https://static.chemistwarehouse.com.au/ams/media/pi/88898/F2D_800.jpg"],"storeId":"chemist-warehouse","packageSize":"","cupPrice":"","categoryIds":["cw-beauty/cw-skin-care"],"locations":{"ALL":{"price":7.47,"discountRate":50,"promo":"","orgPrice":14.95}},"similarProducts":[]},{"id":"cw-99112","name":"Sukin Hydration Bio Marine Facial Serum 30ml","brand":"Sukin","imageUrls":["https://static.chemistwarehouse.com.au/ams/media/pi/99112/F2D_800.jpg"],"storeId":"chemist-warehouse","packageSize":"","cupPrice":"","categoryIds":["cw-beauty/cw-skin-care"],"locations":{"ALL":{"price":12.47,"discountRate":50,"promo":"","orgPrice":24.95}},"similarProducts":[]},{"id":"cw-75275","name":"Sukin Super Greens Detoxifying Masque 100ml","brand":"Sukin","imageUrls":["https://static.chemistwarehouse.com.au/ams/media/pi/75275/F2D_800.jpg"],"storeId":"chemist-warehouse","packageSize":"","cupPrice":"","categoryIds":["cw-beauty/cw-skin-care"],"locations":{"ALL":{"price":9.97,"discountRate":50,"promo":"","orgPrice":19.95}},"similarProducts":[]},{"id":"cw-64417","name":"Sukin Moisture Restoring Night Cream 120ml","brand":"Sukin","imageUrls":["https://static.chemistwarehouse.com.au/ams/media/pi/64417/F2D_800.jpg"],"storeId":"chemist-warehouse","packageSize":"","cupPrice":"","categoryIds":["cw-beauty/cw-skin-care"],"locations":{"ALL":{"price":9.97,"discountRate":50,"promo":"","orgPrice":19.95}},"similarProducts":[]},{"id":"cw-90946","name":"Aveeno Skin Relief Moisture Repair Cream 311g","brand":"Aveeno","imageUrls":["https://static.chemistwarehouse.com.au/ams/media/pi/90946/2DF_800.jpg"],"storeId":"chemist-warehouse","packageSize":"","cupPrice":"","categoryIds":["cw-beauty/cw-skin-care"],"locations":{"ALL":{"price":8.49,"discountRate":50,"promo":"","orgPrice":16.99}},"similarProducts":[]},{"id":"cw-84880","name":"Sukin For Men Facial Cleanser 225ml","brand":"Sukin","imageUrls":["https://static.chemistwarehouse.com.au/ams/media/pi/84880/F2D_800.jpg"],"storeId":"chemist-warehouse","packageSize":"","cupPrice":"","categoryIds":["cw-beauty/cw-skin-care"],"locations":{"ALL":{"price":7.47,"discountRate":50,"promo":"","orgPrice":14.95}},"similarProducts":[]},{"id":"cw-84882","name":"Sukin For Men Moisturiser 225ml","brand":"Sukin","imageUrls":["https://static.chemistwarehouse.com.au/ams/media/pi/84882/F2D_800.jpg"],"storeId":"chemist-warehouse","packageSize":"","cupPrice":"","categoryIds":["cw-beauty/cw-skin-care"],"locations":{"ALL":{"price":7.47,"discountRate":50,"promo":"","orgPrice":14.95}},"similarProducts":[]},{"id":"cw-64430","name":"Sukin Antioxidant Eye Serum 30ml","brand":"Sukin","imageUrls":["https://static.chemistwarehouse.com.au/ams/media/pi/64430/F2D_800.jpg"],"storeId":"chemist-warehouse","packageSize":"","cupPrice":"","categoryIds":["cw-beauty/cw-skin-care"],"locations":{"ALL":{"price":9.97,"discountRate":50,"promo":"","orgPrice":19.95}},"similarProducts":[]},{"id":"cw-86539","name":"Sukin Rosehip Enriching Night Cream 120ml","brand":"Sukin","imageUrls":["https://static.chemistwarehouse.com.au/ams/media/pi/86539/F2D_800.jpg"],"storeId":"chemist-warehouse","packageSize":"","cupPrice":"","categoryIds":["cw-beauty/cw-skin-care"],"locations":{"ALL":{"price":12.47,"discountRate":50,"promo":"","orgPrice":24.95}},"similarProducts":[]},{"id":"cw-59490","name":"Aveeno Active Naturals Stress Relief Moisturising Lotion Lavender, Chamomile and Ylang-Ylang Essences 354mL","brand":"Aveeno","imageUrls":["https://static.chemistwarehouse.com.au/ams/media/pi/59490/2DF_800.jpg"],"storeId":"chemist-warehouse","packageSize":"","cupPrice":"","categoryIds":["cw-beauty/cw-skin-care"],"locations":{"ALL":{"price":6.49,"discountRate":50,"promo":"","orgPrice":12.99}},"similarProducts":[]},{"id":"cw-75564","name":"Sukin Micellar Cleansing Water 250ml","brand":"Sukin","imageUrls":["https://static.chemistwarehouse.com.au/ams/media/pi/75564/F2D_800.jpg"],"storeId":"chemist-warehouse","packageSize":"","cupPrice":"","categoryIds":["cw-beauty/cw-skin-care"],"locations":{"ALL":{"price":5.97,"discountRate":50,"promo":"","orgPrice":11.95}},"similarProducts":[]},{"id":"cw-67852","name":"Sukin Rosehip Hydrating Day Cream 120ml","brand":"Sukin","imageUrls":["https://static.chemistwarehouse.com.au/ams/media/pi/67852/F2D_800.jpg"],"storeId":"chemist-warehouse","packageSize":"","cupPrice":"","categoryIds":["cw-beauty/cw-skin-care"],"locations":{"ALL":{"price":12.47,"discountRate":50,"promo":"","orgPrice":24.95}},"similarProducts":[]},{"id":"cw-75563","name":"Sukin Hydrating Body Lotion Lime and Coconut 500ml","brand":"Sukin","imageUrls":["https://static.chemistwarehouse.com.au/ams/media/pi/75563/F2D_800.jpg"],"storeId":"chemist-warehouse","packageSize":"","cupPrice":"","categoryIds":["cw-beauty/cw-skin-care"],"locations":{"ALL":{"price":7.47,"discountRate":50,"promo":"","orgPrice":14.95}},"similarProducts":[]},{"id":"cw-66387","name":"Sukin Sensitive Cleansing Gel 125ml Pump","brand":"Sukin","imageUrls":["https://static.chemistwarehouse.com.au/ams/media/pi/66387/F2D_800.jpg"],"storeId":"chemist-warehouse","packageSize":"","cupPrice":"","categoryIds":["cw-beauty/cw-skin-care"],"locations":{"ALL":{"price":5.97,"discountRate":50,"promo":"","orgPrice":11.95}},"similarProducts":[]},{"id":"cw-93213","name":"Sukin Purely Ageless Intensive Firming Sheet Mask Sachet","brand":"Sukin","imageUrls":["https://static.chemistwarehouse.com.au/ams/media/pi/93213/F2D_800.jpg"],"storeId":"chemist-warehouse","packageSize":"","cupPrice":"","categoryIds":["cw-beauty/cw-skin-care"],"locations":{"ALL":{"price":4.47,"discountRate":50,"promo":"","orgPrice":8.95}},"similarProducts":[]},{"id":"cw-90833","name":"Sukin Rosehip Rejuvenating Facial Scrub 125ml","brand":"Sukin","imageUrls":["https://static.chemistwarehouse.com.au/ams/media/pi/90833/F2D_800.jpg"],"storeId":"chemist-warehouse","packageSize":"","cupPrice":"","categoryIds":["cw-beauty/cw-skin-care"],"locations":{"ALL":{"price":7.47,"discountRate":50,"promo":"","orgPrice":14.95}},"similarProducts":[]},{"id":"cw-99115","name":"Sukin Hydration Rehydrating Gel Cream 60ml","brand":"Sukin","imageUrls":["https://static.chemistwarehouse.com.au/ams/media/pi/99115/F2D_800.jpg"],"storeId":"chemist-warehouse","packageSize":"","cupPrice":"","categoryIds":["cw-beauty/cw-skin-care"],"locations":{"ALL":{"price":11.47,"discountRate":50,"promo":"","orgPrice":22.95}},"similarProducts":[]},{"id":"cw-64418","name":"Sukin Cream Cleanser Pump 125ml","brand":"Sukin","imageUrls":["https://static.chemistwarehouse.com.au/ams/media/pi/64418/F2D_800.jpg"],"storeId":"chemist-warehouse","packageSize":"","cupPrice":"","categoryIds":["cw-beauty/cw-skin-care"],"locations":{"ALL":{"price":5.97,"discountRate":50,"promo":"","orgPrice":11.95}},"similarProducts":[]},{"id":"cw-85503","name":"Sukin Hydrating Conditioner 500ml","brand":"Sukin","imageUrls":["https://static.chemistwarehouse.com.au/ams/media/pi/85503/F2D_800.jpg"],"storeId":"chemist-warehouse","packageSize":"","cupPrice":"","categoryIds":["cw-beauty/cw-skin-care"],"locations":{"ALL":{"price":8.47,"discountRate":50,"promo":"","orgPrice":16.95}},"similarProducts":[]},{"id":"cw-86540","name":"Sukin Rosehip Nourishing Cream Cleanser 125ml","brand":"Sukin","imageUrls":["https://static.chemistwarehouse.com.au/ams/media/pi/86540/F2D_800.jpg"],"storeId":"chemist-warehouse","packageSize":"","cupPrice":"","categoryIds":["cw-beauty/cw-skin-care"],"locations":{"ALL":{"price":7.47,"discountRate":50,"promo":"","orgPrice":14.95}},"similarProducts":[]},{"id":"cw-75276","name":"Sukin Super Greens Nutrient Rich Facial Moisturiser 125ml","brand":"Sukin","imageUrls":["https://static.chemistwarehouse.com.au/ams/media/pi/75276/F2D_800.jpg"],"storeId":"chemist-warehouse","packageSize":"","cupPrice":"","categoryIds":["cw-beauty/cw-skin-care"],"locations":{"ALL":{"price":7.47,"discountRate":50,"promo":"","orgPrice":14.95}},"similarProducts":[]},{"id":"cw-85504","name":"Sukin Hydrating Shampoo 500ml","brand":"Sukin","imageUrls":["https://static.chemistwarehouse.com.au/ams/media/pi/85504/F2D_800.jpg"],"storeId":"chemist-warehouse","packageSize":"","cupPrice":"","categoryIds":["cw-beauty/cw-skin-care"],"locations":{"ALL":{"price":8.47,"discountRate":50,"promo":"","orgPrice":16.95}},"similarProducts":[]},{"id":"cw-84881","name":"Sukin For Men Facial Scrub 125ml","brand":"Sukin","imageUrls":["https://static.chemistwarehouse.com.au/ams/media/pi/84881/F2D_800.jpg"],"storeId":"chemist-warehouse","packageSize":"","cupPrice":"","categoryIds":["cw-beauty/cw-skin-care"],"locations":{"ALL":{"price":7.47,"discountRate":50,"promo":"","orgPrice":14.95}},"similarProducts":[]},{"id":"cw-53641","name":"Elizabeth Arden Visible Difference Cream 75mL","brand":"Elizabeth Arden","imageUrls":["https://static.chemistwarehouse.com.au/ams/media/pi/53641/F2D_800.jpg"],"storeId":"chemist-warehouse","packageSize":"","cupPrice":"","categoryIds":["cw-beauty/cw-skin-care"],"locations":{"ALL":{"price":24.99,"discountRate":65,"promo":"","orgPrice":72}},"similarProducts":[]},{"id":"cw-59491","name":"Aveeno Active Naturals Stress Relief Body Wash Lavender, Chamomile and Ylang-Ylang Essences 354mL","brand":"Aveeno","imageUrls":["https://static.chemistwarehouse.com.au/ams/media/pi/59491/3DF_800.jpg"],"storeId":"chemist-warehouse","packageSize":"","cupPrice":"","categoryIds":["cw-beauty/cw-skin-care"],"locations":{"ALL":{"price":4.99,"discountRate":50,"promo":"","orgPrice":9.99}},"similarProducts":[]},{"id":"cw-78713","name":"Sukin Energising Body Scrub With Coffee & Coconut 200ml","brand":"Sukin","imageUrls":["https://static.chemistwarehouse.com.au/ams/media/pi/78713/F2D_800.jpg"],"storeId":"chemist-warehouse","packageSize":"","cupPrice":"","categoryIds":["cw-beauty/cw-skin-care"],"locations":{"ALL":{"price":7.47,"discountRate":50,"promo":"","orgPrice":14.95}},"similarProducts":[]},{"id":"cw-78715","name":"Sukin Hydrating Facial Masque 100ml","brand":"Sukin","imageUrls":["https://static.chemistwarehouse.com.au/ams/media/pi/78715/F2D_800.jpg"],"storeId":"chemist-warehouse","packageSize":"","cupPrice":"","categoryIds":["cw-beauty/cw-skin-care"],"locations":{"ALL":{"price":9.97,"discountRate":50,"promo":"","orgPrice":19.95}},"similarProducts":[]},{"id":"cw-78545","name":"Sukin Oil Balancing Plus Charcoal Pore Refining Facial Scrub 125ml","brand":"Sukin","imageUrls":["https://static.chemistwarehouse.com.au/ams/media/pi/78545/F2D_800.jpg"],"storeId":"chemist-warehouse","packageSize":"","cupPrice":"","categoryIds":["cw-beauty/cw-skin-care"],"locations":{"ALL":{"price":7.47,"discountRate":50,"promo":"","orgPrice":14.95}},"similarProducts":[]},{"id":"cw-99799","name":"Aveeno Dermexa Daily Emollient Cream 200ml","brand":"Aveeno","imageUrls":["https://static.chemistwarehouse.com.au/ams/media/pi/99799/F2D_800.jpg"],"storeId":"chemist-warehouse","packageSize":"","cupPrice":"","categoryIds":["cw-beauty/cw-skin-care"],"locations":{"ALL":{"price":10.99,"discountRate":50,"promo":"","orgPrice":21.99}},"similarProducts":[]},{"id":"cw-93216","name":"Sukin Hydrating Body Lotion Pineapple & Coconut 500ml","brand":"Sukin","imageUrls":["https://static.chemistwarehouse.com.au/ams/media/pi/93216/F2D_800.jpg"],"storeId":"chemist-warehouse","packageSize":"","cupPrice":"","categoryIds":["cw-beauty/cw-skin-care"],"locations":{"ALL":{"price":7.47,"discountRate":50,"promo":"","orgPrice":14.95}},"similarProducts":[]},{"id":"cw-64416","name":"Sukin Certified Organic Rose Hip Oil 25ml","brand":"Sukin","imageUrls":["https://static.chemistwarehouse.com.au/ams/media/pi/64416/F2D_800.jpg"],"storeId":"chemist-warehouse","packageSize":"","cupPrice":"","categoryIds":["cw-beauty/cw-skin-care"],"locations":{"ALL":{"price":12.47,"discountRate":50,"promo":"","orgPrice":24.95}},"similarProducts":[]},{"id":"cw-51266","name":"Aveeno Active Naturals  Skin Relief Moisturising Cream Fragrance Free 312g","brand":"Aveeno","imageUrls":["https://static.chemistwarehouse.com.au/ams/media/pi/51266/2DF_800.jpg"],"storeId":"chemist-warehouse","packageSize":"","cupPrice":"","categoryIds":["cw-beauty/cw-skin-care"],"locations":{"ALL":{"price":7.49,"discountRate":50,"promo":"","orgPrice":14.95}},"similarProducts":[]},{"id":"cw-93218","name":"Sukin Botanical Body Wash Pineapple & Coconut 500ml","brand":"Sukin","imageUrls":["https://static.chemistwarehouse.com.au/ams/media/pi/93218/F2D_800.jpg"],"storeId":"chemist-warehouse","packageSize":"","cupPrice":"","categoryIds":["cw-beauty/cw-skin-care"],"locations":{"ALL":{"price":4.97,"discountRate":50,"promo":"","orgPrice":9.95}},"similarProducts":[]},{"id":"cw-73679","name":"Sukin Sensitive Calming Night Cream 120ml","brand":"Sukin","imageUrls":["https://static.chemistwarehouse.com.au/ams/media/pi/73679/F2D_800.jpg"],"storeId":"chemist-warehouse","packageSize":"","cupPrice":"","categoryIds":["cw-beauty/cw-skin-care"],"locations":{"ALL":{"price":10.47,"discountRate":50,"promo":"","orgPrice":20.95}},"similarProducts":[]},{"id":"cw-99114","name":"Sukin Hydration Hydrafusion Night Cream 60ml","brand":"Sukin","imageUrls":["https://static.chemistwarehouse.com.au/ams/media/pi/99114/F2D_800.jpg"],"storeId":"chemist-warehouse","packageSize":"","cupPrice":"","categoryIds":["cw-beauty/cw-skin-care"],"locations":{"ALL":{"price":11.47,"discountRate":50,"promo":"","orgPrice":22.95}},"similarProducts":[]},{"id":"cw-93210","name":"Sukin SPF 30 Tinted Light/Medium Sunscreen Lotion 60ml","brand":"Sukin","imageUrls":["https://static.chemistwarehouse.com.au/ams/media/pi/93210/F2D_800.jpg"],"storeId":"chemist-warehouse","packageSize":"","cupPrice":"","categoryIds":["cw-beauty/cw-skin-care"],"locations":{"ALL":{"price":12.47,"discountRate":50,"promo":"","orgPrice":24.95}},"similarProducts":[]},{"id":"cw-59036","name":"Dove Body Silk Cream 300ml","brand":"Dove","imageUrls":["https://static.chemistwarehouse.com.au/ams/media/pi/59036/2DF_800.jpg"],"storeId":"chemist-warehouse","packageSize":"","cupPrice":"","categoryIds":["cw-beauty/cw-skin-care"],"locations":{"ALL":{"price":4.99,"discountRate":50,"promo":"","orgPrice":9.99}},"similarProducts":[]},{"id":"cw-53843","name":"Elizabeth Arden Good Nights Sleep Restoring Cream 50ml","brand":"Elizabeth Arden","imageUrls":["https://static.chemistwarehouse.com.au/ams/media/pi/53843/F2D_800.jpg"],"storeId":"chemist-warehouse","packageSize":"","cupPrice":"","categoryIds":["cw-beauty/cw-skin-care"],"locations":{"ALL":{"price":24.99,"discountRate":68,"promo":"","orgPrice":78}},"similarProducts":[]},{"id":"cw-84879","name":"Sukin For Men Body Wash 500ml","brand":"Sukin","imageUrls":["https://static.chemistwarehouse.com.au/ams/media/pi/84879/F2D_800.jpg"],"storeId":"chemist-warehouse","packageSize":"","cupPrice":"","categoryIds":["cw-beauty/cw-skin-care"],"locations":{"ALL":{"price":6.97,"discountRate":50,"promo":"","orgPrice":13.95}},"similarProducts":[]},{"id":"cw-78544","name":"Sukin Oil Balancing Plus Charcoal Purifying Gel Cleanser 125ml","brand":"Sukin","imageUrls":["https://static.chemistwarehouse.com.au/ams/media/pi/78544/F2D_800.jpg"],"storeId":"chemist-warehouse","packageSize":"","cupPrice":"","categoryIds":["cw-beauty/cw-skin-care"],"locations":{"ALL":{"price":7.47,"discountRate":50,"promo":"","orgPrice":14.95}},"similarProducts":[]},{"id":"cw-78548","name":"Sukin Oil Balancing Plus Charcoal Anti-Pollution Facial Masque 100ml","brand":"Sukin","imageUrls":["https://static.chemistwarehouse.com.au/ams/media/pi/78548/F2D_800.jpg"],"storeId":"chemist-warehouse","packageSize":"","cupPrice":"","categoryIds":["cw-beauty/cw-skin-care"],"locations":{"ALL":{"price":9.97,"discountRate":50,"promo":"","orgPrice":19.95}},"similarProducts":[]},{"id":"cw-93217","name":"Sukin Botanical Body Wash Bergamot & Patchouli 500ml","brand":"Sukin","imageUrls":["https://static.chemistwarehouse.com.au/ams/media/pi/93217/F2D_800.jpg"],"storeId":"chemist-warehouse","packageSize":"","cupPrice":"","categoryIds":["cw-beauty/cw-skin-care"],"locations":{"ALL":{"price":4.97,"discountRate":50,"promo":"","orgPrice":9.95}},"similarProducts":[]},{"id":"cw-100040","name":"Sukin Natural Deodorant Ocean Mist 125ml","brand":"Sukin","imageUrls":["https://static.chemistwarehouse.com.au/ams/media/pi/100040/F2D_800.jpg"],"storeId":"chemist-warehouse","packageSize":"","cupPrice":"","categoryIds":["cw-beauty/cw-skin-care"],"locations":{"ALL":{"price":3.47,"discountRate":50,"promo":"","orgPrice":6.95}},"similarProducts":[]},{"id":"cw-90945","name":"Aveeno Dermexa Fast & Long Lasting Balm 75mL","brand":"Aveeno","imageUrls":["https://static.chemistwarehouse.com.au/ams/media/pi/90945/2DF_800.jpg"],"storeId":"chemist-warehouse","packageSize":"","cupPrice":"","categoryIds":["cw-beauty/cw-skin-care"],"locations":{"ALL":{"price":6.49,"discountRate":50,"promo":"","orgPrice":12.99}},"similarProducts":[]},{"id":"cw-72377","name":"Sukin BioNatural Skin Oil 60ml","brand":"Sukin","imageUrls":["https://static.chemistwarehouse.com.au/ams/media/pi/72377/F2D_800.jpg"],"storeId":"chemist-warehouse","packageSize":"","cupPrice":"","categoryIds":["cw-beauty/cw-skin-care"],"locations":{"ALL":{"price":7.97,"discountRate":50,"promo":"","orgPrice":15.95}},"similarProducts":[]},{"id":"cw-85506","name":"Sukin Volumising Shampoo 500ml","brand":"Sukin","imageUrls":["https://static.chemistwarehouse.com.au/ams/media/pi/85506/F2D_800.jpg"],"storeId":"chemist-warehouse","packageSize":"","cupPrice":"","categoryIds":["cw-beauty/cw-skin-care"],"locations":{"ALL":{"price":8.47,"discountRate":50,"promo":"","orgPrice":16.95}},"similarProducts":[]},{"id":"cw-84883","name":"Sukin For Men Shaving Gel 225ml","brand":"Sukin","imageUrls":["https://static.chemistwarehouse.com.au/ams/media/pi/84883/F2D_800.jpg"],"storeId":"chemist-warehouse","packageSize":"","cupPrice":"","categoryIds":["cw-beauty/cw-skin-care"],"locations":{"ALL":{"price":5.97,"discountRate":50,"promo":"","orgPrice":11.95}},"similarProducts":[]},{"id":"cw-99113","name":"Sukin Hydration Hydra Eye Gel 15ml","brand":"Sukin","imageUrls":["https://static.chemistwarehouse.com.au/ams/media/pi/99113/F2D_800.jpg"],"storeId":"chemist-warehouse","packageSize":"","cupPrice":"","categoryIds":["cw-beauty/cw-skin-care"],"locations":{"ALL":{"price":11.47,"discountRate":50,"promo":"","orgPrice":22.95}},"similarProducts":[]},{"id":"cw-80301","name":"Sukin Paw Paw Ointment 25ml","brand":"Sukin","imageUrls":["https://static.chemistwarehouse.com.au/ams/media/pi/80301/F2D_800.jpg"],"storeId":"chemist-warehouse","packageSize":"","cupPrice":"","categoryIds":["cw-beauty/cw-skin-care"],"locations":{"ALL":{"price":4.47,"discountRate":50,"promo":"","orgPrice":8.95}},"similarProducts":[]},{"id":"cw-93212","name":"Sukin Super Greens Detoxifying Sheet Mask Sachet","brand":"Sukin","imageUrls":["https://static.chemistwarehouse.com.au/ams/media/pi/93212/F2D_800.jpg"],"storeId":"chemist-warehouse","packageSize":"","cupPrice":"","categoryIds":["cw-beauty/cw-skin-care"],"locations":{"ALL":{"price":4.47,"discountRate":50,"promo":"","orgPrice":8.95}},"similarProducts":[]},{"id":"cw-88903","name":"Sukin Coffee And Coconut Exfoliating Masque 100ml","brand":"Sukin","imageUrls":["https://static.chemistwarehouse.com.au/ams/media/pi/88903/F2D_800.jpg"],"storeId":"chemist-warehouse","packageSize":"","cupPrice":"","categoryIds":["cw-beauty/cw-skin-care"],"locations":{"ALL":{"price":9.97,"discountRate":50,"promo":"","orgPrice":19.95}},"similarProducts":[]},{"id":"cw-78714","name":"Sukin Renewing Body Scrub with Green Tea & Jojoba 200ml","brand":"Sukin","imageUrls":["https://static.chemistwarehouse.com.au/ams/media/pi/78714/F2D_800.jpg"],"storeId":"chemist-warehouse","packageSize":"","cupPrice":"","categoryIds":["cw-beauty/cw-skin-care"],"locations":{"ALL":{"price":7.47,"discountRate":50,"promo":"","orgPrice":14.95}},"similarProducts":[]},{"id":"cw-78546","name":"Sukin Oil Balancing Mattifying Facial Moisturiser 125ml","brand":"Sukin","imageUrls":["https://static.chemistwarehouse.com.au/ams/media/pi/78546/F2D_800.jpg"],"storeId":"chemist-warehouse","packageSize":"","cupPrice":"","categoryIds":["cw-beauty/cw-skin-care"],"locations":{"ALL":{"price":7.47,"discountRate":50,"promo":"","orgPrice":14.95}},"similarProducts":[]},{"id":"cw-67563","name":"Aveeno Active Naturals Skin Relief Moisturising Lotion Fragrance Free 354mL","brand":"Aveeno","imageUrls":["https://static.chemistwarehouse.com.au/ams/media/pi/67563/2DF_800.jpg"],"storeId":"chemist-warehouse","packageSize":"","cupPrice":"","categoryIds":["cw-beauty/cw-skin-care"],"locations":{"ALL":{"price":6.47,"discountRate":50,"promo":"","orgPrice":12.95}},"similarProducts":[]},{"id":"cw-85510","name":"Sukin Natural Balance Shampoo 500ml","brand":"Sukin","imageUrls":["https://static.chemistwarehouse.com.au/ams/media/pi/85510/F2D_800.jpg"],"storeId":"chemist-warehouse","packageSize":"","cupPrice":"","categoryIds":["cw-beauty/cw-skin-care"],"locations":{"ALL":{"price":8.47,"discountRate":50,"promo":"","orgPrice":16.95}},"similarProducts":[]},{"id":"cw-90944","name":"Aveeno Dermexa Daily Emollient Body Wash 280mL","brand":"Aveeno","imageUrls":["https://static.chemistwarehouse.com.au/ams/media/pi/90944/2DF_800.jpg"],"storeId":"chemist-warehouse","packageSize":"","cupPrice":"","categoryIds":["cw-beauty/cw-skin-care"],"locations":{"ALL":{"price":8.49,"discountRate":50,"promo":"","orgPrice":16.99}},"similarProducts":[]},{"id":"cw-66386","name":"Sukin Sensitive Cleansing Lotion 125ml Pump","brand":"Sukin","imageUrls":["https://static.chemistwarehouse.com.au/ams/media/pi/66386/F2D_800.jpg"],"storeId":"chemist-warehouse","packageSize":"","cupPrice":"","categoryIds":["cw-beauty/cw-skin-care"],"locations":{"ALL":{"price":5.97,"discountRate":50,"promo":"","orgPrice":11.95}},"similarProducts":[]},{"id":"cw-53630","name":"Elizabeth Arden Millenium Night Renewal Cream 50mL","brand":"Elizabeth Arden","imageUrls":["https://static.chemistwarehouse.com.au/ams/media/pi/53630/F2D_800.jpg"],"storeId":"chemist-warehouse","packageSize":"","cupPrice":"","categoryIds":["cw-beauty/cw-skin-care"],"locations":{"ALL":{"price":28.99,"discountRate":63,"promo":"","orgPrice":78}},"similarProducts":[]},{"id":"cw-69587","name":"Aveeno Active Naturals Daily Moisturising Fragrance Free Lotion 532mL","brand":"Aveeno","imageUrls":["https://static.chemistwarehouse.com.au/ams/media/pi/69587/2DF_800.jpg"],"storeId":"chemist-warehouse","packageSize":"","cupPrice":"","categoryIds":["cw-beauty/cw-skin-care"],"locations":{"ALL":{"price":8.49,"discountRate":50,"promo":"","orgPrice":16.99}},"similarProducts":[]},{"id":"cw-93209","name":"Sukin SPF 30 Sunscreen Lotion 60ml","brand":"Sukin","imageUrls":["https://static.chemistwarehouse.com.au/ams/media/pi/93209/F2D_800.jpg"],"storeId":"chemist-warehouse","packageSize":"","cupPrice":"","categoryIds":["cw-beauty/cw-skin-care"],"locations":{"ALL":{"price":12.47,"discountRate":50,"promo":"","orgPrice":24.95}},"similarProducts":[]},{"id":"cw-85508","name":"Sukin Natural Balance Conditioner 500ml","brand":"Sukin","imageUrls":["https://static.chemistwarehouse.com.au/ams/media/pi/85508/F2D_800.jpg"],"storeId":"chemist-warehouse","packageSize":"","cupPrice":"","categoryIds":["cw-beauty/cw-skin-care"],"locations":{"ALL":{"price":8.47,"discountRate":50,"promo":"","orgPrice":16.95}},"similarProducts":[]},{"id":"cw-64434","name":"Sukin Cleansing Hand Wash 250ml","brand":"Sukin","imageUrls":["https://static.chemistwarehouse.com.au/ams/media/pi/64434/F2D_800.jpg"],"storeId":"chemist-warehouse","packageSize":"","cupPrice":"","categoryIds":["cw-beauty/cw-skin-care"],"locations":{"ALL":{"price":4.47,"discountRate":50,"promo":"","orgPrice":8.95}},"similarProducts":[]},{"id":"cw-85505","name":"Sukin Volumising Conditioner 500ml","brand":"Sukin","imageUrls":["https://static.chemistwarehouse.com.au/ams/media/pi/85505/F2D_800.jpg"],"storeId":"chemist-warehouse","packageSize":"","cupPrice":"","categoryIds":["cw-beauty/cw-skin-care"],"locations":{"ALL":{"price":8.47,"discountRate":50,"promo":"","orgPrice":16.95}},"similarProducts":[]},{"id":"cw-84460","name":"Trilogy NO15 Limited Edition Beauty Oil 30ml","brand":"Trilogy","imageUrls":["https://static.chemistwarehouse.com.au/ams/media/pi/84460/F2D_800.jpg"],"storeId":"chemist-warehouse","packageSize":"","cupPrice":"","categoryIds":["cw-beauty/cw-skin-care"],"locations":{"ALL":{"price":16,"discountRate":55,"promo":"","orgPrice":35.95}},"similarProducts":[]},{"id":"cw-98989","name":"Sukin Sensitive Micellar Shampoo 500ml","brand":"Sukin","imageUrls":["https://static.chemistwarehouse.com.au/ams/media/pi/98989/F2D_800.jpg"],"storeId":"chemist-warehouse","packageSize":"","cupPrice":"","categoryIds":["cw-beauty/cw-skin-care"],"locations":{"ALL":{"price":8.47,"discountRate":50,"promo":"","orgPrice":16.95}},"similarProducts":[]},{"id":"cw-78541","name":"Elizabeth Arden Perpetual Moisture Lotion 50ml","brand":"Elizabeth Arden","imageUrls":["https://static.chemistwarehouse.com.au/ams/media/pi/78541/F2D_800.jpg"],"storeId":"chemist-warehouse","packageSize":"","cupPrice":"","categoryIds":["cw-beauty/cw-skin-care"],"locations":{"ALL":{"price":22.99,"discountRate":67,"promo":"","orgPrice":69}},"similarProducts":[]},{"id":"cw-74647","name":"Sukin Purifying Facial Masque 100ml","brand":"Sukin","imageUrls":["https://static.chemistwarehouse.com.au/ams/media/pi/74647/F2D_800.jpg"],"storeId":"chemist-warehouse","packageSize":"","cupPrice":"","categoryIds":["cw-beauty/cw-skin-care"],"locations":{"ALL":{"price":9.97,"discountRate":50,"promo":"","orgPrice":19.95}},"similarProducts":[]},{"id":"cw-49844","name":"Aveeno Active Naturals Daily Moisturising Body Wash 354mL","brand":"Aveeno","imageUrls":["https://static.chemistwarehouse.com.au/ams/media/pi/49844/2DF_800.jpg"],"storeId":"chemist-warehouse","packageSize":"","cupPrice":"","categoryIds":["cw-beauty/cw-skin-care"],"locations":{"ALL":{"price":4.97,"discountRate":50,"promo":"","orgPrice":9.95}},"similarProducts":[]},{"id":"cw-64425","name":"Sukin Botanical Body Wash 500ml","brand":"Sukin","imageUrls":["https://static.chemistwarehouse.com.au/ams/media/pi/64425/F2D_800.jpg"],"storeId":"chemist-warehouse","packageSize":"","cupPrice":"","categoryIds":["cw-beauty/cw-skin-care"],"locations":{"ALL":{"price":4.97,"discountRate":50,"promo":"","orgPrice":9.95}},"similarProducts":[]},{"id":"cw-78543","name":"Elizabeth Arden Millenium Day Renewal Emulsion 75ml","brand":"Elizabeth Arden","imageUrls":["https://static.chemistwarehouse.com.au/ams/media/pi/78543/F2D_800.jpg"],"storeId":"chemist-warehouse","packageSize":"","cupPrice":"","categoryIds":["cw-beauty/cw-skin-care"],"locations":{"ALL":{"price":26.99,"discountRate":61,"promo":"","orgPrice":69}},"similarProducts":[]},{"id":"cw-69695","name":"Aveeno Active Naturals Skin Relief Moisturising Lotion 225mL","brand":"Aveeno","imageUrls":["https://static.chemistwarehouse.com.au/ams/media/pi/69695/2DF_800.jpg"],"storeId":"chemist-warehouse","packageSize":"","cupPrice":"","categoryIds":["cw-beauty/cw-skin-care"],"locations":{"ALL":{"price":4.97,"discountRate":50,"promo":"","orgPrice":9.95}},"similarProducts":[]},{"id":"cw-50349","name":"Aveeno Active Naturals Daily Moisturising Fragrance Free Lotion 225mL","brand":"Aveeno","imageUrls":["https://static.chemistwarehouse.com.au/ams/media/pi/50349/2DF_800.jpg"],"storeId":"chemist-warehouse","packageSize":"","cupPrice":"","categoryIds":["cw-beauty/cw-skin-care"],"locations":{"ALL":{"price":4.97,"discountRate":50,"promo":"","orgPrice":9.95}},"similarProducts":[]},{"id":"cw-58583","name":"Elizabeth Arden Eight Hour Cream Intensive Moisturizing Hand Treatment 30ml","brand":"Elizabeth Arden","imageUrls":["https://static.chemistwarehouse.com.au/ams/media/pi/58583/F2D_800.jpg"],"storeId":"chemist-warehouse","packageSize":"","cupPrice":"","categoryIds":["cw-beauty/cw-skin-care"],"locations":{"ALL":{"price":9.99,"discountRate":50,"promo":"","orgPrice":19.99}},"similarProducts":[]},{"id":"cw-50365","name":"Aveeno Active Naturals Daily Moisturising Lotion Fragrance Free 354mL","brand":"Aveeno","imageUrls":["https://static.chemistwarehouse.com.au/ams/media/pi/50365/2DF_800.jpg"],"storeId":"chemist-warehouse","packageSize":"","cupPrice":"","categoryIds":["cw-beauty/cw-skin-care"],"locations":{"ALL":{"price":6.47,"discountRate":50,"promo":"","orgPrice":12.95}},"similarProducts":[]},{"id":"cw-78512","name":"Aveeno Active Naturals Daily Moisturising Sheer Hydration Fragrance Free Lotion 350mL","brand":"Aveeno","imageUrls":["https://static.chemistwarehouse.com.au/ams/media/pi/78512/2DF_800.jpg"],"storeId":"chemist-warehouse","packageSize":"","cupPrice":"","categoryIds":["cw-beauty/cw-skin-care"],"locations":{"ALL":{"price":6.49,"discountRate":50,"promo":"","orgPrice":12.99}},"similarProducts":[]},{"id":"cw-101023","name":"Aveeno Skin Relief Moisturising Foot Mask 1 Pair","brand":"Aveeno","imageUrls":["https://static.chemistwarehouse.com.au/ams/media/pi/101023/2DF_800.jpg"],"storeId":"chemist-warehouse","packageSize":"","cupPrice":"","categoryIds":["cw-beauty/cw-skin-care"],"locations":{"ALL":{"price":3.99,"discountRate":50,"promo":"","orgPrice":7.99}},"similarProducts":[]},{"id":"cw-87692","name":"Aveeno Active Naturals Skin Relief Gentle Scent Body Wash Nourishing Coconut 354mL","brand":"Aveeno","imageUrls":["https://static.chemistwarehouse.com.au/ams/media/pi/87692/2DF_800.jpg"],"storeId":"chemist-warehouse","packageSize":"","cupPrice":"","categoryIds":["cw-beauty/cw-skin-care"],"locations":{"ALL":{"price":5.74,"discountRate":50,"promo":"","orgPrice":11.49}},"similarProducts":[]},{"id":"cw-87691","name":"Aveeno Active Naturals Skin Relief Gentle Scent Lotion Nourishing Coconut 354mL","brand":"Aveeno","imageUrls":["https://static.chemistwarehouse.com.au/ams/media/pi/87691/2DF_800.jpg"],"storeId":"chemist-warehouse","packageSize":"","cupPrice":"","categoryIds":["cw-beauty/cw-skin-care"],"locations":{"ALL":{"price":7.49,"discountRate":50,"promo":"","orgPrice":14.99}},"similarProducts":[]},{"id":"cw-50425","name":"Aveeno Skin Relief Body Wash Fragrance Free 354ml","brand":"Aveeno","imageUrls":["https://static.chemistwarehouse.com.au/ams/media/pi/50425/2DF_800.jpg"],"storeId":"chemist-warehouse","packageSize":"","cupPrice":"","categoryIds":["cw-beauty/cw-skin-care"],"locations":{"ALL":{"price":4.99,"discountRate":50,"promo":"","orgPrice":9.95}},"similarProducts":[]},{"id":"cw-101024","name":"Aveeno Skin Relief Moisturising Hand Mask 1 Pair","brand":"Aveeno","imageUrls":["https://static.chemistwarehouse.com.au/ams/media/pi/101024/2DF_800.jpg"],"storeId":"chemist-warehouse","packageSize":"","cupPrice":"","categoryIds":["cw-beauty/cw-skin-care"],"locations":{"ALL":{"price":3.99,"discountRate":50,"promo":"","orgPrice":7.99}},"similarProducts":[]},{"id":"cw-98988","name":"Sukin Sensitive Micellar Conditioner 500ml","brand":"Sukin","imageUrls":["https://static.chemistwarehouse.com.au/ams/media/pi/98988/F2D_800.jpg"],"storeId":"chemist-warehouse","packageSize":"","cupPrice":"","categoryIds":["cw-beauty/cw-skin-care"],"locations":{"ALL":{"price":8.47,"discountRate":50,"promo":"","orgPrice":16.95}},"similarProducts":[]},{"id":"cw-64420","name":"Sukin Facial Moisturiser Cap 125ml","brand":"Sukin","imageUrls":["https://static.chemistwarehouse.com.au/ams/media/pi/64420/F2D_800.jpg"],"storeId":"chemist-warehouse","packageSize":"","cupPrice":"","categoryIds":["cw-beauty/cw-skin-care"],"locations":{"ALL":{"price":5.97,"discountRate":50,"promo":"","orgPrice":11.95}},"similarProducts":[]},{"id":"cw-99515","name":"Sukin Colour Care Conditioner 500ml","brand":"Sukin","imageUrls":["https://static.chemistwarehouse.com.au/ams/media/pi/99515/F2D_800.jpg"],"storeId":"chemist-warehouse","packageSize":"","cupPrice":"","categoryIds":["cw-beauty/cw-skin-care"],"locations":{"ALL":{"price":8.47,"discountRate":50,"promo":"","orgPrice":16.95}},"similarProducts":[]},{"id":"cw-76969","name":"Swisse Manuka Honey Detoxifying Facial Mask 70g","brand":"Swisse","imageUrls":["https://static.chemistwarehouse.com.au/ams/media/pi/76969/3DF_800.jpg"],"storeId":"chemist-warehouse","packageSize":"","cupPrice":"","categoryIds":["cw-beauty/cw-skin-care"],"locations":{"ALL":{"price":8,"discountRate":62,"promo":"","orgPrice":20.99}},"similarProducts":[]},{"id":"cw-93214","name":"Sukin Oil Balancing Shine Control Sheet Mask Sachet","brand":"Sukin","imageUrls":["https://static.chemistwarehouse.com.au/ams/media/pi/93214/F2D_800.jpg"],"storeId":"chemist-warehouse","packageSize":"","cupPrice":"","categoryIds":["cw-beauty/cw-skin-care"],"locations":{"ALL":{"price":4.47,"discountRate":50,"promo":"","orgPrice":8.95}},"similarProducts":[]},{"id":"cw-99516","name":"Sukin Colour Care Shampoo 500ml","brand":"Sukin","imageUrls":["https://static.chemistwarehouse.com.au/ams/media/pi/99516/F2D_800.jpg"],"storeId":"chemist-warehouse","packageSize":"","cupPrice":"","categoryIds":["cw-beauty/cw-skin-care"],"locations":{"ALL":{"price":8.47,"discountRate":50,"promo":"","orgPrice":16.95}},"similarProducts":[]},{"id":"cw-69586","name":"Aveeno Active Naturals Daily Moisturising Wash 532mL","brand":"Aveeno","imageUrls":["https://static.chemistwarehouse.com.au/ams/media/pi/69586/2DF_800.jpg"],"storeId":"chemist-warehouse","packageSize":"","cupPrice":"","categoryIds":["cw-beauty/cw-skin-care"],"locations":{"ALL":{"price":7.49,"discountRate":50,"promo":"","orgPrice":14.99}},"similarProducts":[]},{"id":"cw-82451","name":"Trilogy Rosapene Serum 30ml","brand":"Trilogy","imageUrls":["https://static.chemistwarehouse.com.au/ams/media/pi/82451/F2D_800.jpg"],"storeId":"chemist-warehouse","packageSize":"","cupPrice":"","categoryIds":["cw-beauty/cw-skin-care"],"locations":{"ALL":{"price":20,"discountRate":53,"promo":"","orgPrice":42.95}},"similarProducts":[]},{"id":"cw-88015","name":"Olay Magnemasks Infusion Rejuvenating Sheet Masks 5 Pack","brand":"Olay","imageUrls":["https://static.chemistwarehouse.com.au/ams/media/pi/88015/3DF_800.jpg"],"storeId":"chemist-warehouse","packageSize":"","cupPrice":"","categoryIds":["cw-beauty/cw-skin-care"],"locations":{"ALL":{"price":12,"discountRate":59,"promo":"","orgPrice":28.99}},"similarProducts":[]},{"id":"cw-93211","name":"Sukin SPF 30 Tinted Medium/Dark Sunscreen Lotion 60ml","brand":"Sukin","imageUrls":["https://static.chemistwarehouse.com.au/ams/media/pi/93211/F2D_800.jpg"],"storeId":"chemist-warehouse","packageSize":"","cupPrice":"","categoryIds":["cw-beauty/cw-skin-care"],"locations":{"ALL":{"price":12.47,"discountRate":50,"promo":"","orgPrice":24.95}},"similarProducts":[]},{"id":"cw-66808","name":"Sukin Sunless Bronzing Gel 200ml","brand":"Sukin","imageUrls":["https://static.chemistwarehouse.com.au/ams/media/pi/66808/F2D_800.jpg"],"storeId":"chemist-warehouse","packageSize":"","cupPrice":"","categoryIds":["cw-beauty/cw-skin-care"],"locations":{"ALL":{"price":9.47,"discountRate":50,"promo":"","orgPrice":18.95}},"similarProducts":[]},{"id":"cw-88017","name":"Olay Magnemasks Infusion Hydrating Sheet Masks 5 Pack","brand":"Olay","imageUrls":["https://static.chemistwarehouse.com.au/ams/media/pi/88017/3DF_800.jpg"],"storeId":"chemist-warehouse","packageSize":"","cupPrice":"","categoryIds":["cw-beauty/cw-skin-care"],"locations":{"ALL":{"price":12,"discountRate":59,"promo":"","orgPrice":28.99}},"similarProducts":[]},{"id":"cw-53844","name":"Elizabeth Arden Perpetual Moisture Cream 50ml - Online Only","brand":"Elizabeth Arden","imageUrls":["https://static.chemistwarehouse.com.au/ams/media/pi/53844/F2D_800.jpg"],"storeId":"chemist-warehouse","packageSize":"","cupPrice":"","categoryIds":["cw-beauty/cw-skin-care"],"locations":{"ALL":{"price":22.99,"discountRate":67,"promo":"Online Only","orgPrice":69}},"similarProducts":[]},{"id":"cw-100939","name":"Elizabeth Arden Good Morning Skin Serum 15ml Online Only","brand":"Elizabeth Arden","imageUrls":["https://static.chemistwarehouse.com.au/ams/media/pi/100939/F2D_800.jpg"],"storeId":"chemist-warehouse","packageSize":"","cupPrice":"","categoryIds":["cw-beauty/cw-skin-care"],"locations":{"ALL":{"price":29.99,"discountRate":52,"promo":"Online Only","orgPrice":62}},"similarProducts":[]},{"id":"cw-86346","name":"Milk & Co Body Oil 75ml","brand":"Milk  Co","imageUrls":["https://static.chemistwarehouse.com.au/ams/media/pi/86346/F2D_800.jpg"],"storeId":"chemist-warehouse","packageSize":"","cupPrice":"","categoryIds":["cw-beauty/cw-skin-care"],"locations":{"ALL":{"price":9.99,"discountRate":50,"promo":"","orgPrice":19.95}},"similarProducts":[]},{"id":"cw-78823","name":"La Roche-Posay Effaclar Micellar Water Ultra Oily Skin 200mL","brand":"La Roche Posay","imageUrls":["https://static.chemistwarehouse.com.au/ams/media/pi/78823/2DF_800.jpg"],"storeId":"chemist-warehouse","packageSize":"","cupPrice":"","categoryIds":["cw-beauty/cw-skin-care"],"locations":{"ALL":{"price":14,"discountRate":50,"promo":"","orgPrice":27.95}},"similarProducts":[]},{"id":"cw-86349","name":"Milk & Co Hand Quench 100ml","brand":"Milk  Co","imageUrls":["https://static.chemistwarehouse.com.au/ams/media/pi/86349/F2D_800.jpg"],"storeId":"chemist-warehouse","packageSize":"","cupPrice":"","categoryIds":["cw-beauty/cw-skin-care"],"locations":{"ALL":{"price":6.99,"discountRate":61,"promo":"","orgPrice":17.95}},"similarProducts":[]},{"id":"cw-90579","name":"Olay Magnemasks Anti-Ageing Jar 50g","brand":"Olay","imageUrls":["https://static.chemistwarehouse.com.au/ams/media/pi/90579/3DF_800.jpg"],"storeId":"chemist-warehouse","packageSize":"","cupPrice":"","categoryIds":["cw-beauty/cw-skin-care"],"locations":{"ALL":{"price":22,"discountRate":55,"promo":"","orgPrice":48.99}},"similarProducts":[]},{"id":"cw-93215","name":"Sukin Hydrating Body Lotion Bergamot & Patchouli 500ml","brand":"Sukin","imageUrls":["https://static.chemistwarehouse.com.au/ams/media/pi/93215/F2D_800.jpg"],"storeId":"chemist-warehouse","packageSize":"","cupPrice":"","categoryIds":["cw-beauty/cw-skin-care"],"locations":{"ALL":{"price":7.47,"discountRate":50,"promo":"","orgPrice":14.95}},"similarProducts":[]},{"id":"cw-89032","name":"Nivea MicellAIR Expert Make Up Remover Wipes 20 Pack","brand":"Nivea","imageUrls":["https://static.chemistwarehouse.com.au/ams/media/pi/89032/2DF_800.jpg"],"storeId":"chemist-warehouse","packageSize":"","cupPrice":"","categoryIds":["cw-beauty/cw-skin-care"],"locations":{"ALL":{"price":3,"discountRate":60,"promo":"","orgPrice":7.5}},"similarProducts":[]},{"id":"cw-86994","name":"Olay Regenerist Luminous Micellar Water 237ml","brand":"Olay","imageUrls":["https://static.chemistwarehouse.com.au/ams/media/pi/86994/2DF_800.jpg"],"storeId":"chemist-warehouse","packageSize":"","cupPrice":"","categoryIds":["cw-beauty/cw-skin-care"],"locations":{"ALL":{"price":6,"discountRate":54,"promo":"","orgPrice":12.99}},"similarProducts":[]},{"id":"cw-89031","name":"Nivea MicellAIR Expert Make Up Remover Water 400ml","brand":"Nivea","imageUrls":["https://static.chemistwarehouse.com.au/ams/media/pi/89031/2DF_800.jpg"],"storeId":"chemist-warehouse","packageSize":"","cupPrice":"","categoryIds":["cw-beauty/cw-skin-care"],"locations":{"ALL":{"price":6,"discountRate":57,"promo":"","orgPrice":13.99}},"similarProducts":[]},{"id":"cw-99517","name":"Sukin Colour Care Lustre Masque 200ml","brand":"Sukin","imageUrls":["https://static.chemistwarehouse.com.au/ams/media/pi/99517/F2D_800.jpg"],"storeId":"chemist-warehouse","packageSize":"","cupPrice":"","categoryIds":["cw-beauty/cw-skin-care"],"locations":{"ALL":{"price":9.97,"discountRate":50,"promo":"","orgPrice":19.95}},"similarProducts":[]},{"id":"cw-68805","name":"Elizabeth Arden Good Morning Eye Treatment 10ml - Online Only","brand":"Elizabeth Arden","imageUrls":["https://static.chemistwarehouse.com.au/ams/media/pi/68805/F2D_800.jpg"],"storeId":"chemist-warehouse","packageSize":"","cupPrice":"","categoryIds":["cw-beauty/cw-skin-care"],"locations":{"ALL":{"price":26.99,"discountRate":51,"promo":"Online Only","orgPrice":55}},"similarProducts":[]},{"id":"cw-86527","name":"Nivea Visage Daily Essentials Urban Detox Clay Purify Mask 75ml","brand":"Nivea","imageUrls":["https://static.chemistwarehouse.com.au/ams/media/pi/86527/2DF_800.jpg"],"storeId":"chemist-warehouse","packageSize":"","cupPrice":"","categoryIds":["cw-beauty/cw-skin-care"],"locations":{"ALL":{"price":4,"discountRate":60,"promo":"","orgPrice":9.97}},"similarProducts":[]},{"id":"cw-88188","name":"Nivea Visage Daily Essentials Urban Detox Night Cream 50ml","brand":"Nivea","imageUrls":["https://static.chemistwarehouse.com.au/ams/media/pi/88188/3DF_800.jpg"],"storeId":"chemist-warehouse","packageSize":"","cupPrice":"","categoryIds":["cw-beauty/cw-skin-care"],"locations":{"ALL":{"price":6,"discountRate":54,"promo":"","orgPrice":12.99}},"similarProducts":[]},{"id":"cw-79241","name":"Dream Dots 24 Dots","brand":"Dream Dots","imageUrls":["https://static.chemistwarehouse.com.au/ams/media/pi/79241/F2D_800.jpg"],"storeId":"chemist-warehouse","packageSize":"","cupPrice":"","categoryIds":["cw-beauty/cw-skin-care"],"locations":{"ALL":{"price":10,"discountRate":50,"promo":"","orgPrice":19.99}},"similarProducts":[]},{"id":"cw-86681","name":"Skin Republic Green Tea Hydrogel","brand":"Skin Republic","imageUrls":["https://static.chemistwarehouse.com.au/ams/media/pi/86681/F2D_800.jpg"],"storeId":"chemist-warehouse","packageSize":"","cupPrice":"","categoryIds":["cw-beauty/cw-skin-care"],"locations":{"ALL":{"price":6,"discountRate":54,"promo":"","orgPrice":12.99}},"similarProducts":[]},{"id":"cw-90578","name":"Olay Magnemasks Hydration Jar 50g","brand":"Olay","imageUrls":["https://static.chemistwarehouse.com.au/ams/media/pi/90578/3DF_800.jpg"],"storeId":"chemist-warehouse","packageSize":"","cupPrice":"","categoryIds":["cw-beauty/cw-skin-care"],"locations":{"ALL":{"price":22,"discountRate":55,"promo":"","orgPrice":48.99}},"similarProducts":[]},{"id":"cw-98187","name":"7th Heaven Cucumber Peel Off Masque 10ml","brand":"7th Heaven","imageUrls":[],"storeId":"chemist-warehouse","packageSize":"","cupPrice":"","categoryIds":["cw-beauty/cw-skin-care"],"locations":{"ALL":{"price":2.5,"discountRate":50,"promo":"","orgPrice":4.99}},"similarProducts":[]},{"id":"cw-98185","name":"7th Heaven Hot Spring Sauna Masque 10ml","brand":"7th Heaven","imageUrls":[],"storeId":"chemist-warehouse","packageSize":"","cupPrice":"","categoryIds":["cw-beauty/cw-skin-care"],"locations":{"ALL":{"price":2.5,"discountRate":50,"promo":"","orgPrice":4.99}},"similarProducts":[]},{"id":"cw-80614","name":"Warner Brothers Bandages Batman 20 Pack","brand":"Warner Brothers","imageUrls":["https://static.chemistwarehouse.com.au/ams/media/pi/80614/F2D_800.jpg"],"storeId":"chemist-warehouse","packageSize":"","cupPrice":"","categoryIds":["cw-medicines/cw-first-aid"],"locations":{"ALL":{"price":1,"discountRate":80,"promo":"","orgPrice":4.99}},"similarProducts":[]},{"id":"cw-80615","name":"Warner Brothers Bandages Superman 20 Pack","brand":"Warner Brothers","imageUrls":["https://static.chemistwarehouse.com.au/ams/media/pi/80615/F2D_800.jpg"],"storeId":"chemist-warehouse","packageSize":"","cupPrice":"","categoryIds":["cw-medicines/cw-first-aid"],"locations":{"ALL":{"price":1,"discountRate":80,"promo":"","orgPrice":4.99}},"similarProducts":[]},{"id":"cw-65247","name":"Dulcolax Suppository 10mg Adult 30  (3 x 10)","brand":"Dulcolax","imageUrls":[],"storeId":"chemist-warehouse","packageSize":"","cupPrice":"","categoryIds":["cw-medicines/cw-laxatives"],"locations":{"ALL":{"price":3.87,"discountRate":55,"promo":"","orgPrice":8.69}},"similarProducts":[]},{"id":"cw-75871","name":"Coloxyl and Senna Tablets 90 (REPAT SCRIPT ONLY)","brand":"Coloxyl","imageUrls":[],"storeId":"chemist-warehouse","packageSize":"","cupPrice":"","categoryIds":["cw-medicines/cw-laxatives"],"locations":{"ALL":{"price":0,"discountRate":100,"promo":"","orgPrice":13.3}},"similarProducts":[]},{"id":"cw-6253","name":"Microlax Enemas 5mL 12 ( REPAT prescriptions ONLY )","brand":"Microlax","imageUrls":[],"storeId":"chemist-warehouse","packageSize":"","cupPrice":"","categoryIds":["cw-medicines/cw-laxatives"],"locations":{"ALL":{"price":0,"discountRate":100,"promo":"","orgPrice":21.69}},"similarProducts":[]},{"id":"cw-86441","name":"Bisacodyl Suppositories 36 (3 x 12) Repat Prescription Only","brand":"Bisacodyl","imageUrls":[],"storeId":"chemist-warehouse","packageSize":"","cupPrice":"","categoryIds":["cw-medicines/cw-laxatives"],"locations":{"ALL":{"price":0,"discountRate":100,"promo":"","orgPrice":5.99}},"similarProducts":[]},{"id":"cw-76279","name":"Coloxyl and Senna Tablets 270 (3 x 90) (Prescription Only)","brand":"Coloxyl","imageUrls":[],"storeId":"chemist-warehouse","packageSize":"","cupPrice":"","categoryIds":["cw-medicines/cw-laxatives"],"locations":{"ALL":{"price":0,"discountRate":100,"promo":"","orgPrice":13.3}},"similarProducts":[]},{"id":"cw-73125","name":"Coloxyl & Senna Tablets 180 (2 x 90) (Repat Authority Scripts ONLY)","brand":"Coloxyl","imageUrls":[],"storeId":"chemist-warehouse","packageSize":"","cupPrice":"","categoryIds":["cw-medicines/cw-laxatives"],"locations":{"ALL":{"price":0,"discountRate":100,"promo":"","orgPrice":13.3}},"similarProducts":[]},{"id":"cw-47925","name":"Systane Lubricating Eye Drops 15mL Prescription Only","brand":"Systane","imageUrls":[],"storeId":"chemist-warehouse","packageSize":"","cupPrice":"","categoryIds":["cw-medicines/cw-eye-care-and-treatments"],"locations":{"ALL":{"price":0,"discountRate":100,"promo":"","orgPrice":7.99}},"similarProducts":[]},{"id":"cw-92102","name":"NovaTears Lubricating Eye Drops 3mL (Script Only)","brand":"Nova Tears","imageUrls":[],"storeId":"chemist-warehouse","packageSize":"","cupPrice":"","categoryIds":["cw-medicines/cw-eye-care-and-treatments"],"locations":{"ALL":{"price":0,"discountRate":100,"promo":"","orgPrice":34.99}},"similarProducts":[]},{"id":"cw-93070","name":"Optifresh Eye Gel 10g (Prescription Only)","brand":"Optifresh","imageUrls":[],"storeId":"chemist-warehouse","packageSize":"","cupPrice":"","categoryIds":["cw-medicines/cw-eye-care-and-treatments"],"locations":{"ALL":{"price":0,"discountRate":100,"promo":"","orgPrice":7.39}},"similarProducts":[]},{"id":"cw-82288","name":"Optive Lubricant Eye Drop 15mL (Prescription ONLY)","brand":"Optive","imageUrls":[],"storeId":"chemist-warehouse","packageSize":"","cupPrice":"","categoryIds":["cw-medicines/cw-eye-care-and-treatments"],"locations":{"ALL":{"price":0,"discountRate":100,"promo":"","orgPrice":5.5}},"similarProducts":[]},{"id":"cw-89842","name":"YPL Slim Leggings Upgrade","brand":"YPL","imageUrls":["https://static.chemistwarehouse.com.au/ams/media/pi/89842/F2D_800.jpg"],"storeId":"chemist-warehouse","packageSize":"","cupPrice":"","categoryIds":["cw-medicines/cw-miscellaneous-medicines"],"locations":{"ALL":{"price":19.99,"discountRate":60,"promo":"","orgPrice":50}},"similarProducts":[]},{"id":"cw-33739","name":"Epipen Adrenaline Adult (Prescription Only)","brand":"","imageUrls":[],"storeId":"chemist-warehouse","packageSize":"","cupPrice":"","categoryIds":["cw-medicines/cw-miscellaneous-medicines"],"locations":{"ALL":{"price":40,"discountRate":68,"promo":"","orgPrice":125.69}},"similarProducts":[]},{"id":"cw-88260","name":"YPL Slim Legging Renaissance","brand":"YPL","imageUrls":["https://static.chemistwarehouse.com.au/ams/media/pi/88260/F2D_800.jpg"],"storeId":"chemist-warehouse","packageSize":"","cupPrice":"","categoryIds":["cw-medicines/cw-miscellaneous-medicines"],"locations":{"ALL":{"price":16.99,"discountRate":62,"promo":"","orgPrice":45}},"similarProducts":[]},{"id":"cw-75592","name":"Epipen Adrenaline Adult CSL 2 packs (Authority script)","brand":"","imageUrls":[],"storeId":"chemist-warehouse","packageSize":"","cupPrice":"","categoryIds":["cw-medicines/cw-miscellaneous-medicines"],"locations":{"ALL":{"price":40,"discountRate":68,"promo":"","orgPrice":125.69}},"similarProducts":[]},{"id":"cw-54079","name":"Epipen Adrenaline Junior CSL 2 Packs (Authority Script)","brand":"","imageUrls":[],"storeId":"chemist-warehouse","packageSize":"","cupPrice":"","categoryIds":["cw-medicines/cw-miscellaneous-medicines"],"locations":{"ALL":{"price":40,"discountRate":68,"promo":"","orgPrice":125.69}},"similarProducts":[]},{"id":"cw-4311","name":"Epipen Adrenaline Junior (Prescription Only)","brand":"","imageUrls":[],"storeId":"chemist-warehouse","packageSize":"","cupPrice":"","categoryIds":["cw-medicines/cw-miscellaneous-medicines"],"locations":{"ALL":{"price":40,"discountRate":68,"promo":"","orgPrice":125.69}},"similarProducts":[]},{"id":"cw-41147","name":"Panamax 500mg 100 Tablets","brand":"","imageUrls":["https://static.chemistwarehouse.com.au/ams/media/pi/41147/F2D_800.jpg"],"storeId":"chemist-warehouse","packageSize":"","cupPrice":"","categoryIds":["cw-medicines/cw-analgesics"],"locations":{"ALL":{"price":2.49,"discountRate":50,"promo":"","orgPrice":4.99}},"similarProducts":[]},{"id":"cw-89627","name":"Mendeleev Ibuprofen 48 Tablets","brand":"","imageUrls":["https://static.chemistwarehouse.com.au/ams/media/pi/89627/F2D_800.jpg"],"storeId":"chemist-warehouse","packageSize":"","cupPrice":"","categoryIds":["cw-medicines/cw-analgesics"],"locations":{"ALL":{"price":3.49,"discountRate":61,"promo":"","orgPrice":8.99}},"similarProducts":[]},{"id":"cw-89630","name":"Mendeleev Paracetamol 100 Tablets","brand":"","imageUrls":["https://static.chemistwarehouse.com.au/ams/media/pi/89630/F2D_800.jpg"],"storeId":"chemist-warehouse","packageSize":"","cupPrice":"","categoryIds":["cw-medicines/cw-analgesics"],"locations":{"ALL":{"price":2.99,"discountRate":77,"promo":"","orgPrice":12.99}},"similarProducts":[]},{"id":"cw-89626","name":"Mendeleev Ibuprofen 24 Tablets","brand":"Mendeleev","imageUrls":["https://static.chemistwarehouse.com.au/ams/media/pi/89626/F2D_800.jpg"],"storeId":"chemist-warehouse","packageSize":"","cupPrice":"","categoryIds":["cw-medicines/cw-analgesics"],"locations":{"ALL":{"price":1.99,"discountRate":67,"promo":"","orgPrice":5.99}},"similarProducts":[]},{"id":"cw-89628","name":"Mendeleev Ibuprofen 96 Tablets","brand":"","imageUrls":["https://static.chemistwarehouse.com.au/ams/media/pi/89628/F2D_800.jpg"],"storeId":"chemist-warehouse","packageSize":"","cupPrice":"","categoryIds":["cw-medicines/cw-analgesics"],"locations":{"ALL":{"price":5.99,"discountRate":60,"promo":"","orgPrice":14.99}},"similarProducts":[]},{"id":"cw-100608","name":"Mendeleev Paracetamol Childrens Suspension 5-12 Years 200ml","brand":"","imageUrls":["https://static.chemistwarehouse.com.au/ams/media/pi/100608/F2D_800.jpg"],"storeId":"chemist-warehouse","packageSize":"","cupPrice":"","categoryIds":["cw-medicines/cw-analgesics"],"locations":{"ALL":{"price":7.99,"discountRate":60,"promo":"","orgPrice":19.99}},"similarProducts":[]},{"id":"cw-100607","name":"Mendeleev Paracetamol Childrens Suspension 1-5 Years 200ml","brand":"","imageUrls":["https://static.chemistwarehouse.com.au/ams/media/pi/100607/F2D_800.jpg"],"storeId":"chemist-warehouse","packageSize":"","cupPrice":"","categoryIds":["cw-medicines/cw-analgesics"],"locations":{"ALL":{"price":6.99,"discountRate":53,"promo":"","orgPrice":14.99}},"similarProducts":[]},{"id":"cw-6988","name":"Panamax 500mg 100 Tablets (Prescription Only)","brand":"","imageUrls":["https://static.chemistwarehouse.com.au/ams/media/pi/6988/F2D_800.jpg"],"storeId":"chemist-warehouse","packageSize":"","cupPrice":"","categoryIds":["cw-medicines/cw-analgesics"],"locations":{"ALL":{"price":2.49,"discountRate":50,"promo":"","orgPrice":4.99}},"similarProducts":[]},{"id":"cw-49964","name":"Panamax 500mg 300 Tablets (3 x 100) (Prescription Only)","brand":"","imageUrls":[],"storeId":"chemist-warehouse","packageSize":"","cupPrice":"","categoryIds":["cw-medicines/cw-analgesics"],"locations":{"ALL":{"price":0,"discountRate":100,"promo":"","orgPrice":4.99}},"similarProducts":[]},{"id":"cw-81974","name":"Frequent Flyer Health Boost 15 Tablets","brand":"Frequent Flyer","imageUrls":["https://static.chemistwarehouse.com.au/ams/media/pi/81974/3DF_800.jpg"],"storeId":"chemist-warehouse","packageSize":"","cupPrice":"","categoryIds":["cw-medicines/cw-travel"],"locations":{"ALL":{"price":4.99,"discountRate":55,"promo":"","orgPrice":11.19}},"similarProducts":[]},{"id":"cw-62848","name":"Mayne Aspirin 100mg 112 Tablets (Prescription Only)","brand":"","imageUrls":[],"storeId":"chemist-warehouse","packageSize":"","cupPrice":"","categoryIds":["cw-medicines/cw-low-dose-aspirin"],"locations":{"ALL":{"price":2.49,"discountRate":58,"promo":"","orgPrice":5.99}},"similarProducts":[]},{"id":"cw-78766","name":"Codral Sore Throat Lozenges Antibacterial + Anaesthetic Lime & Lemon 36 Packn 36 Lozenges","brand":"Codral","imageUrls":["https://static.chemistwarehouse.com.au/ams/media/pi/78766/3DF_800.jpg"],"storeId":"chemist-warehouse","packageSize":"","cupPrice":"","categoryIds":["cw-medicines/cw-cold-flu"],"locations":{"ALL":{"price":7,"discountRate":50,"promo":"","orgPrice":13.99}},"similarProducts":[]},{"id":"cw-78764","name":"Codral Sore Throat Lozenges Antibacterial 36 Pack","brand":"Codral","imageUrls":["https://static.chemistwarehouse.com.au/ams/media/pi/78764/3DF_800.jpg"],"storeId":"chemist-warehouse","packageSize":"","cupPrice":"","categoryIds":["cw-medicines/cw-cold-flu"],"locations":{"ALL":{"price":4.75,"discountRate":50,"promo":"","orgPrice":9.49}},"similarProducts":[]},{"id":"cw-88180","name":"Mendeleev Cold & Flu Day/Night 24 Tablets","brand":"","imageUrls":["https://static.chemistwarehouse.com.au/ams/media/pi/88180/F2D_800.jpg"],"storeId":"chemist-warehouse","packageSize":"","cupPrice":"","categoryIds":["cw-medicines/cw-cold-flu"],"locations":{"ALL":{"price":6.99,"discountRate":53,"promo":"","orgPrice":14.99}},"similarProducts":[]},{"id":"cw-78765","name":"Codral Sore Throat Lozenges Antibacterial + Anaesthetic Lime & Lemon 16 Pack","brand":"Codral","imageUrls":["https://static.chemistwarehouse.com.au/ams/media/pi/78765/3DF_800.jpg"],"storeId":"chemist-warehouse","packageSize":"","cupPrice":"","categoryIds":["cw-medicines/cw-cold-flu"],"locations":{"ALL":{"price":3.75,"discountRate":50,"promo":"","orgPrice":7.49}},"similarProducts":[]},{"id":"cw-90757","name":"Codral Plus Sore Throat 16 Lozenges & Cold and Flu + Decongestant 20 Tablets","brand":"Codral","imageUrls":["https://static.chemistwarehouse.com.au/ams/media/pi/90757/3DF_800.jpg"],"storeId":"chemist-warehouse","packageSize":"","cupPrice":"","categoryIds":["cw-medicines/cw-cold-flu"],"locations":{"ALL":{"price":8,"discountRate":50,"promo":"","orgPrice":15.99}},"similarProducts":[]},{"id":"cw-88181","name":"Mendeleev Cold & Flu Day/Night 48 Tablets","brand":"","imageUrls":["https://static.chemistwarehouse.com.au/ams/media/pi/88181/F2D_800.jpg"],"storeId":"chemist-warehouse","packageSize":"","cupPrice":"","categoryIds":["cw-medicines/cw-cold-flu"],"locations":{"ALL":{"price":9.99,"discountRate":50,"promo":"","orgPrice":19.99}},"similarProducts":[]},{"id":"cw-78763","name":"Codral Sore Throat Lozenges Antibacterial 16 Pack","brand":"Codral","imageUrls":["https://static.chemistwarehouse.com.au/ams/media/pi/78763/3DF_800.jpg"],"storeId":"chemist-warehouse","packageSize":"","cupPrice":"","categoryIds":["cw-medicines/cw-cold-flu"],"locations":{"ALL":{"price":3,"discountRate":50,"promo":"","orgPrice":5.99}},"similarProducts":[]},{"id":"cw-78767","name":"Codral Sore Throat Lozenges Antibacterial Menthol 16 Pack","brand":"Codral","imageUrls":["https://static.chemistwarehouse.com.au/ams/media/pi/78767/3DF_800.jpg"],"storeId":"chemist-warehouse","packageSize":"","cupPrice":"","categoryIds":["cw-medicines/cw-cold-flu"],"locations":{"ALL":{"price":3,"discountRate":50,"promo":"","orgPrice":5.99}},"similarProducts":[]},{"id":"cw-75869","name":"Betadine Antiseptic Topical Solution 100ml (REPAT SCRIPT ONLY)","brand":"Betadine","imageUrls":[],"storeId":"chemist-warehouse","packageSize":"","cupPrice":"","categoryIds":["cw-medicines/cw-cold-flu"],"locations":{"ALL":{"price":0,"discountRate":100,"promo":"","orgPrice":18.69}},"similarProducts":[]},{"id":"cw-91062","name":"Difflam First Sign Defence Probiotic 30 Lozenges","brand":"Difflam","imageUrls":["https://static.chemistwarehouse.com.au/ams/media/pi/91062/F2D_800.jpg"],"storeId":"chemist-warehouse","packageSize":"","cupPrice":"","categoryIds":["cw-medicines/cw-coughs"],"locations":{"ALL":{"price":14.99,"discountRate":50,"promo":"","orgPrice":29.99}},"similarProducts":[]},{"id":"cw-91063","name":"Difflam First Sign Defence Probiotic 10 Lozenges","brand":"Difflam","imageUrls":["https://static.chemistwarehouse.com.au/ams/media/pi/91063/F2D_800.jpg"],"storeId":"chemist-warehouse","packageSize":"","cupPrice":"","categoryIds":["cw-medicines/cw-coughs"],"locations":{"ALL":{"price":6.99,"discountRate":50,"promo":"","orgPrice":13.99}},"similarProducts":[]},{"id":"cw-86482","name":"Oil Garden Breathe Easier Chest Rub Balm 75g Tube","brand":"Oil Garden","imageUrls":["https://static.chemistwarehouse.com.au/ams/media/pi/86482/F2D_800.jpg"],"storeId":"chemist-warehouse","packageSize":"","cupPrice":"","categoryIds":["cw-medicines/cw-essential-oils"],"locations":{"ALL":{"price":7,"discountRate":50,"promo":"","orgPrice":13.99}},"similarProducts":[]},{"id":"cw-82098","name":"Ecostore Baby Body Wash 200ml","brand":"Ecostore","imageUrls":["https://static.chemistwarehouse.com.au/ams/media/pi/82098/F2D_800.jpg"],"storeId":"chemist-warehouse","packageSize":"","cupPrice":"","categoryIds":["cw-personal-care/cw-baby-care"],"locations":{"ALL":{"price":4.49,"discountRate":50,"promo":"","orgPrice":8.99}},"similarProducts":[]},{"id":"cw-82099","name":"Ecostore Baby Moisturiser 200ml","brand":"Ecostore","imageUrls":["https://static.chemistwarehouse.com.au/ams/media/pi/82099/F2D_800.jpg"],"storeId":"chemist-warehouse","packageSize":"","cupPrice":"","categoryIds":["cw-personal-care/cw-baby-care"],"locations":{"ALL":{"price":4.99,"discountRate":50,"promo":"","orgPrice":9.99}},"similarProducts":[]},{"id":"cw-92099","name":"Bubs Organic Tiddly Bar Plum & Goji 12 Months+ 14g","brand":"Bubs Organic","imageUrls":["https://static.chemistwarehouse.com.au/ams/media/pi/92099/2DF_800.jpg"],"storeId":"chemist-warehouse","packageSize":"","cupPrice":"","categoryIds":["cw-personal-care/cw-baby-care"],"locations":{"ALL":{"price":0.99,"discountRate":51,"promo":"","orgPrice":2}},"similarProducts":[]},{"id":"cw-78635","name":"Playgro Wiggling Bug Neutral","brand":"Playgro","imageUrls":["https://static.chemistwarehouse.com.au/ams/media/pi/78635/F2D_800.jpg"],"storeId":"chemist-warehouse","packageSize":"","cupPrice":"","categoryIds":["cw-personal-care/cw-baby-care"],"locations":{"ALL":{"price":5.99,"discountRate":54,"promo":"","orgPrice":12.99}},"similarProducts":[]},{"id":"cw-78628","name":"Playgro Sports Soccer Ball","brand":"Playgro","imageUrls":["https://static.chemistwarehouse.com.au/ams/media/pi/78628/F2D_800.jpg"],"storeId":"chemist-warehouse","packageSize":"","cupPrice":"","categoryIds":["cw-personal-care/cw-baby-care"],"locations":{"ALL":{"price":5.99,"discountRate":54,"promo":"","orgPrice":12.99}},"similarProducts":[]},{"id":"cw-92098","name":"Bubs Organic Tiddly Bar Chickpea & Zucchini 12 Months+ 14g","brand":"Bubs Organic","imageUrls":["https://static.chemistwarehouse.com.au/ams/media/pi/92098/2DF_800.jpg"],"storeId":"chemist-warehouse","packageSize":"","cupPrice":"","categoryIds":["cw-personal-care/cw-baby-care"],"locations":{"ALL":{"price":0.99,"discountRate":51,"promo":"","orgPrice":2}},"similarProducts":[]},{"id":"cw-78627","name":"Playgro Sports Footy Ball","brand":"Playgro","imageUrls":["https://static.chemistwarehouse.com.au/ams/media/pi/78627/F2D_800.jpg"],"storeId":"chemist-warehouse","packageSize":"","cupPrice":"","categoryIds":["cw-personal-care/cw-baby-care"],"locations":{"ALL":{"price":5.99,"discountRate":54,"promo":"","orgPrice":12.99}},"similarProducts":[]},{"id":"cw-87968","name":"Skinfood Little Head Shampoo 150ml Online Only","brand":"Skinfood","imageUrls":["https://static.chemistwarehouse.com.au/ams/media/pi/87968/F2D_800.jpg"],"storeId":"chemist-warehouse","packageSize":"","cupPrice":"","categoryIds":["cw-personal-care/cw-baby-care"],"locations":{"ALL":{"price":7,"discountRate":61,"promo":"Online Only","orgPrice":17.99}},"similarProducts":[]},{"id":"cw-92091","name":"Bubs Organic Little Fingers Tomato 12 Months+ 30g","brand":"Bubs Organic","imageUrls":["https://static.chemistwarehouse.com.au/ams/media/pi/92091/2DF_800.jpg"],"storeId":"chemist-warehouse","packageSize":"","cupPrice":"","categoryIds":["cw-personal-care/cw-baby-care"],"locations":{"ALL":{"price":0.99,"discountRate":51,"promo":"","orgPrice":2}},"similarProducts":[]},{"id":"cw-87963","name":"Skinfood Little Body Lotion 150ml Online Only","brand":"Skinfood","imageUrls":["https://static.chemistwarehouse.com.au/ams/media/pi/87963/F2D_800.jpg"],"storeId":"chemist-warehouse","packageSize":"","cupPrice":"","categoryIds":["cw-personal-care/cw-baby-care"],"locations":{"ALL":{"price":7,"discountRate":61,"promo":"Online Only","orgPrice":17.99}},"similarProducts":[]},{"id":"cw-92090","name":"Bubs Organic Little Fingers Broccoli & Pumpkin 12 Months+ 30g","brand":"Bubs Organic","imageUrls":["https://static.chemistwarehouse.com.au/ams/media/pi/92090/2DF_800.jpg"],"storeId":"chemist-warehouse","packageSize":"","cupPrice":"","categoryIds":["cw-personal-care/cw-baby-care"],"locations":{"ALL":{"price":0.99,"discountRate":51,"promo":"","orgPrice":2}},"similarProducts":[]},{"id":"cw-87287","name":"Playgro Junyju Rattle & Roll Car","brand":"","imageUrls":["https://static.chemistwarehouse.com.au/ams/media/pi/87287/F2D_800.jpg"],"storeId":"chemist-warehouse","packageSize":"","cupPrice":"","categoryIds":["cw-personal-care/cw-baby-care"],"locations":{"ALL":{"price":6.99,"discountRate":59,"promo":"","orgPrice":16.99}},"similarProducts":[]},{"id":"cw-87966","name":"Skinfood Little Body Wash 150ml Online Only","brand":"Skinfood","imageUrls":["https://static.chemistwarehouse.com.au/ams/media/pi/87966/F2D_800.jpg"],"storeId":"chemist-warehouse","packageSize":"","cupPrice":"","categoryIds":["cw-personal-care/cw-baby-care"],"locations":{"ALL":{"price":9,"discountRate":62,"promo":"Online Only","orgPrice":23.99}},"similarProducts":[]},{"id":"cw-85560","name":"Sensuous Smooth Silicone Lubricant 100ml Online Only","brand":"Sensuous","imageUrls":["https://static.chemistwarehouse.com.au/ams/media/pi/85560/F2D_800.jpg"],"storeId":"chemist-warehouse","packageSize":"","cupPrice":"","categoryIds":["cw-personal-care/cw-sexual-health"],"locations":{"ALL":{"price":12.99,"discountRate":57,"promo":"","orgPrice":29.99}},"similarProducts":[]},{"id":"cw-83491","name":"Online Only - Jelly Rancher Couples Kit Multicolor","brand":"Jelly Belly","imageUrls":["https://static.chemistwarehouse.com.au/App_Themes/AMS-CWH/Images/adult_150.jpg"],"storeId":"chemist-warehouse","packageSize":"","cupPrice":"","categoryIds":["cw-personal-care/cw-sexual-health"],"locations":{"ALL":{"price":14.99,"discountRate":74,"promo":"Online Only","orgPrice":56.95}},"similarProducts":[]},{"id":"cw-31497","name":"Libra Pads Ultra Thins with Wings Regular 14","brand":"Libra","imageUrls":["https://static.chemistwarehouse.com.au/ams/media/pi/31497/3DF_800.jpg"],"storeId":"chemist-warehouse","packageSize":"","cupPrice":"","categoryIds":["cw-personal-care/cw-feminine-hygiene"],"locations":{"ALL":{"price":2.71,"discountRate":50,"promo":"","orgPrice":5.42}},"similarProducts":[]},{"id":"cw-31186","name":"Libra Tampons Regular 16","brand":"Libra","imageUrls":["https://static.chemistwarehouse.com.au/ams/media/pi/31186/3DF_800.jpg"],"storeId":"chemist-warehouse","packageSize":"","cupPrice":"","categoryIds":["cw-personal-care/cw-feminine-hygiene"],"locations":{"ALL":{"price":2.27,"discountRate":50,"promo":"","orgPrice":4.54}},"similarProducts":[]},{"id":"cw-83471","name":"Scholl Light Legs Pantyhose 20 Denier Skin Medium","brand":"Scholl","imageUrls":["https://static.chemistwarehouse.com.au/ams/media/pi/83471/3DF_800.jpg"],"storeId":"chemist-warehouse","packageSize":"","cupPrice":"","categoryIds":["cw-personal-care/cw-foot-care"],"locations":{"ALL":{"price":10,"discountRate":60,"promo":"","orgPrice":24.99}},"similarProducts":[]},{"id":"cw-82715","name":"Scholl Light Legs Pantyhose 20 Denier Black Small","brand":"Scholl","imageUrls":["https://static.chemistwarehouse.com.au/ams/media/pi/82715/3DF_800.jpg"],"storeId":"chemist-warehouse","packageSize":"","cupPrice":"","categoryIds":["cw-personal-care/cw-foot-care"],"locations":{"ALL":{"price":10,"discountRate":60,"promo":"","orgPrice":24.99}},"similarProducts":[]},{"id":"cw-83472","name":"Scholl Light Legs Pantyhose 20 Denier Skin Small","brand":"Scholl","imageUrls":["https://static.chemistwarehouse.com.au/ams/media/pi/83472/3DF_800.jpg"],"storeId":"chemist-warehouse","packageSize":"","cupPrice":"","categoryIds":["cw-personal-care/cw-foot-care"],"locations":{"ALL":{"price":10,"discountRate":60,"promo":"","orgPrice":24.99}},"similarProducts":[]},{"id":"cw-84905","name":"Remescar Crows Feet 8ml","brand":"Remescar","imageUrls":["https://static.chemistwarehouse.com.au/ams/media/pi/84905/F2D_800.jpg"],"storeId":"chemist-warehouse","packageSize":"","cupPrice":"","categoryIds":["cw-personal-care/cw-foot-care"],"locations":{"ALL":{"price":20,"discountRate":53,"promo":"","orgPrice":42.99}},"similarProducts":[]},{"id":"cw-81591","name":"TrimFeet Raspberry Smoother","brand":"TrimFeet","imageUrls":["https://static.chemistwarehouse.com.au/ams/media/pi/81591/F2D_800.jpg"],"storeId":"chemist-warehouse","packageSize":"","cupPrice":"","categoryIds":["cw-personal-care/cw-foot-care"],"locations":{"ALL":{"price":1.99,"discountRate":80,"promo":"","orgPrice":9.99}},"similarProducts":[]},{"id":"cw-51111","name":"TRESemme Professional Shampoo Moisture Rich 900ml","brand":"Tresemme","imageUrls":["https://static.chemistwarehouse.com.au/ams/media/pi/51111/2DF_800.jpg"],"storeId":"chemist-warehouse","packageSize":"","cupPrice":"","categoryIds":["cw-personal-care/cw-hair-care"],"locations":{"ALL":{"price":5.49,"discountRate":52,"promo":"","orgPrice":11.47}},"similarProducts":[]},{"id":"cw-51106","name":"TRESemme Professional Conditioner Moisture Rich 900ml","brand":"Tresemme","imageUrls":["https://static.chemistwarehouse.com.au/ams/media/pi/51106/2DF_800.jpg"],"storeId":"chemist-warehouse","packageSize":"","cupPrice":"","categoryIds":["cw-personal-care/cw-hair-care"],"locations":{"ALL":{"price":5.49,"discountRate":52,"promo":"","orgPrice":11.47}},"similarProducts":[]},{"id":"cw-51110","name":"TRESemme Professional Shampoo Deep Cleansing 900ml","brand":"Tresemme","imageUrls":["https://static.chemistwarehouse.com.au/ams/media/pi/51110/2DF_800.jpg"],"storeId":"chemist-warehouse","packageSize":"","cupPrice":"","categoryIds":["cw-personal-care/cw-hair-care"],"locations":{"ALL":{"price":5.49,"discountRate":52,"promo":"","orgPrice":11.47}},"similarProducts":[]},{"id":"cw-51105","name":"TRESemme Professional Conditioner Remoisturise 900ml","brand":"Tresemme","imageUrls":["https://static.chemistwarehouse.com.au/ams/media/pi/51105/2DF_800.jpg"],"storeId":"chemist-warehouse","packageSize":"","cupPrice":"","categoryIds":["cw-personal-care/cw-hair-care"],"locations":{"ALL":{"price":5.49,"discountRate":52,"promo":"","orgPrice":11.47}},"similarProducts":[]},{"id":"cw-87045","name":"Tresemme Repair & Protect 7 Mask 300ml","brand":"Tresemme","imageUrls":["https://static.chemistwarehouse.com.au/ams/media/pi/87045/2DF_800.jpg"],"storeId":"chemist-warehouse","packageSize":"","cupPrice":"","categoryIds":["cw-personal-care/cw-hair-care"],"locations":{"ALL":{"price":3.99,"discountRate":50,"promo":"","orgPrice":7.99}},"similarProducts":[]},{"id":"cw-74903","name":"TRESemme Professional Conditioner Volume 900ml","brand":"Tresemme","imageUrls":["https://static.chemistwarehouse.com.au/ams/media/pi/74903/2DF_800.jpg"],"storeId":"chemist-warehouse","packageSize":"","cupPrice":"","categoryIds":["cw-personal-care/cw-hair-care"],"locations":{"ALL":{"price":5.49,"discountRate":50,"promo":"","orgPrice":10.99}},"similarProducts":[]},{"id":"cw-75907","name":"Pantene Daily Moisture Renewal Shampoo 900ml","brand":"Pantene","imageUrls":["https://static.chemistwarehouse.com.au/ams/media/pi/75907/2DF_800.jpg"],"storeId":"chemist-warehouse","packageSize":"","cupPrice":"","categoryIds":["cw-personal-care/cw-hair-care"],"locations":{"ALL":{"price":7.84,"discountRate":50,"promo":"","orgPrice":15.69}},"similarProducts":[]},{"id":"cw-74904","name":"TRESemme Professional Shampoo Volume 900ml","brand":"Tresemme","imageUrls":["https://static.chemistwarehouse.com.au/ams/media/pi/74904/2DF_800.jpg"],"storeId":"chemist-warehouse","packageSize":"","cupPrice":"","categoryIds":["cw-personal-care/cw-hair-care"],"locations":{"ALL":{"price":5.49,"discountRate":50,"promo":"","orgPrice":10.99}},"similarProducts":[]},{"id":"cw-49358","name":"TRESemme Professional Shampoo Colour Revitalise 900ml","brand":"Tresemme","imageUrls":["https://static.chemistwarehouse.com.au/ams/media/pi/49358/2DF_800.jpg"],"storeId":"chemist-warehouse","packageSize":"","cupPrice":"","categoryIds":["cw-personal-care/cw-hair-care"],"locations":{"ALL":{"price":5.49,"discountRate":52,"promo":"","orgPrice":11.47}},"similarProducts":[]},{"id":"cw-49359","name":"TRESemme Professional Conditioner Colour Revitalise 900ml","brand":"Tresemme","imageUrls":["https://static.chemistwarehouse.com.au/ams/media/pi/49359/2DF_800.jpg"],"storeId":"chemist-warehouse","packageSize":"","cupPrice":"","categoryIds":["cw-personal-care/cw-hair-care"],"locations":{"ALL":{"price":5.49,"discountRate":52,"promo":"","orgPrice":11.47}},"similarProducts":[]},{"id":"cw-87047","name":"Tresemme Repair & Protect 7 Treatment Spray 300ml","brand":"Tresemme","imageUrls":["https://static.chemistwarehouse.com.au/ams/media/pi/87047/2DF_800.jpg"],"storeId":"chemist-warehouse","packageSize":"","cupPrice":"","categoryIds":["cw-personal-care/cw-hair-care"],"locations":{"ALL":{"price":3.99,"discountRate":50,"promo":"","orgPrice":7.99}},"similarProducts":[]},{"id":"cw-75906","name":"Pantene Daily Moisture Renewal Conditioner 900ml","brand":"Pantene","imageUrls":["https://static.chemistwarehouse.com.au/ams/media/pi/75906/2DF_800.jpg"],"storeId":"chemist-warehouse","packageSize":"","cupPrice":"","categoryIds":["cw-personal-care/cw-hair-care"],"locations":{"ALL":{"price":7.84,"discountRate":50,"promo":"","orgPrice":15.69}},"similarProducts":[]},{"id":"cw-92801","name":"Tresemme Keratin Smooth Conditioner 675ml","brand":"Tresemme","imageUrls":["https://static.chemistwarehouse.com.au/ams/media/pi/92801/2DF_800.jpg"],"storeId":"chemist-warehouse","packageSize":"","cupPrice":"","categoryIds":["cw-personal-care/cw-hair-care"],"locations":{"ALL":{"price":6.49,"discountRate":50,"promo":"","orgPrice":12.99}},"similarProducts":[]},{"id":"cw-79300","name":"Pantene 3 Minute Miracle Repair & Protect Conditioner 180ml","brand":"Pantene","imageUrls":["https://static.chemistwarehouse.com.au/ams/media/pi/79300/2DF_800.jpg"],"storeId":"chemist-warehouse","packageSize":"","cupPrice":"","categoryIds":["cw-personal-care/cw-hair-care"],"locations":{"ALL":{"price":3.49,"discountRate":50,"promo":"","orgPrice":6.99}},"similarProducts":[]},{"id":"cw-92802","name":"Tresemme Keratin Smooth Shampoo 675ml","brand":"Tresemme","imageUrls":["https://static.chemistwarehouse.com.au/ams/media/pi/92802/2DF_800.jpg"],"storeId":"chemist-warehouse","packageSize":"","cupPrice":"","categoryIds":["cw-personal-care/cw-hair-care"],"locations":{"ALL":{"price":6.49,"discountRate":50,"promo":"","orgPrice":12.99}},"similarProducts":[{"productId":"w-822764-9300830051144","storeId":"woolworths"}]},{"id":"cw-52717","name":"Tresemme Hair Spray Extra Hold 360g","brand":"Tresemme","imageUrls":["https://static.chemistwarehouse.com.au/ams/media/pi/52717/2DF_800.jpg"],"storeId":"chemist-warehouse","packageSize":"","cupPrice":"","categoryIds":["cw-personal-care/cw-hair-care"],"locations":{"ALL":{"price":3.99,"discountRate":50,"promo":"","orgPrice":7.99}},"similarProducts":[]},{"id":"cw-56973","name":"TRESemme Hair Hairspray Salon Finish 360g","brand":"Tresemme","imageUrls":["https://static.chemistwarehouse.com.au/ams/media/pi/56973/2DF_800.jpg"],"storeId":"chemist-warehouse","packageSize":"","cupPrice":"","categoryIds":["cw-personal-care/cw-hair-care"],"locations":{"ALL":{"price":3.99,"discountRate":50,"promo":"","orgPrice":7.99}},"similarProducts":[]},{"id":"cw-65569","name":"OGX Hydrating Macadamia Oil Conditioner 385mL","brand":"OGX","imageUrls":["https://static.chemistwarehouse.com.au/ams/media/pi/65569/2DF_800.jpg"],"storeId":"chemist-warehouse","packageSize":"","cupPrice":"","categoryIds":["cw-personal-care/cw-hair-care"],"locations":{"ALL":{"price":10,"discountRate":50,"promo":"","orgPrice":19.99}},"similarProducts":[]},{"id":"cw-92799","name":"Tresemme Botanique Restore & Shine Conditioner 675ml","brand":"Tresemme","imageUrls":["https://static.chemistwarehouse.com.au/ams/media/pi/92799/2DF_800.jpg"],"storeId":"chemist-warehouse","packageSize":"","cupPrice":"","categoryIds":["cw-personal-care/cw-hair-care"],"locations":{"ALL":{"price":6.49,"discountRate":50,"promo":"","orgPrice":12.99}},"similarProducts":[{"productId":"w-852172-9300830051069","storeId":"woolworths"}]},{"id":"cw-72128","name":"OGX Coconut Water Conditioner 385ml","brand":"OGX","imageUrls":["https://static.chemistwarehouse.com.au/ams/media/pi/72128/2DF_800.jpg"],"storeId":"chemist-warehouse","packageSize":"","cupPrice":"","categoryIds":["cw-personal-care/cw-hair-care"],"locations":{"ALL":{"price":10,"discountRate":50,"promo":"","orgPrice":19.99}},"similarProducts":[]},{"id":"cw-75905","name":"Pantene Colour Therapy Shampoo 900ml","brand":"Pantene","imageUrls":["https://static.chemistwarehouse.com.au/ams/media/pi/75905/2DF_800.jpg"],"storeId":"chemist-warehouse","packageSize":"","cupPrice":"","categoryIds":["cw-personal-care/cw-hair-care"],"locations":{"ALL":{"price":7.84,"discountRate":50,"promo":"","orgPrice":15.69}},"similarProducts":[]},{"id":"cw-75911","name":"Pantene Ultimate 10 Shampoo 900ml","brand":"Pantene","imageUrls":["https://static.chemistwarehouse.com.au/ams/media/pi/75911/2DF_800.jpg"],"storeId":"chemist-warehouse","packageSize":"","cupPrice":"","categoryIds":["cw-personal-care/cw-hair-care"],"locations":{"ALL":{"price":7.84,"discountRate":50,"promo":"","orgPrice":15.69}},"similarProducts":[]},{"id":"cw-75904","name":"Pantene Colour Therapy Conditioner 900ml","brand":"Pantene","imageUrls":["https://static.chemistwarehouse.com.au/ams/media/pi/75904/2DF_800.jpg"],"storeId":"chemist-warehouse","packageSize":"","cupPrice":"","categoryIds":["cw-personal-care/cw-hair-care"],"locations":{"ALL":{"price":7.84,"discountRate":50,"promo":"","orgPrice":15.69}},"similarProducts":[]},{"id":"cw-63046","name":"TRESemme Hairspray Extra Hold 75g","brand":"Tresemme","imageUrls":["https://static.chemistwarehouse.com.au/ams/media/pi/63046/3DF_800.jpg"],"storeId":"chemist-warehouse","packageSize":"","cupPrice":"","categoryIds":["cw-personal-care/cw-hair-care"],"locations":{"ALL":{"price":1.99,"discountRate":50,"promo":"","orgPrice":3.99}},"similarProducts":[]},{"id":"cw-75901","name":"Pantene Smooth & Sleek Shampoo 900ml","brand":"Pantene","imageUrls":["https://static.chemistwarehouse.com.au/ams/media/pi/75901/2DF_800.jpg"],"storeId":"chemist-warehouse","packageSize":"","cupPrice":"","categoryIds":["cw-personal-care/cw-hair-care"],"locations":{"ALL":{"price":7.84,"discountRate":50,"promo":"","orgPrice":15.69}},"similarProducts":[]},{"id":"cw-75900","name":"Pantene Smooth & Sleek Conditioner 900ml","brand":"Pantene","imageUrls":["https://static.chemistwarehouse.com.au/ams/media/pi/75900/2DF_800.jpg"],"storeId":"chemist-warehouse","packageSize":"","cupPrice":"","categoryIds":["cw-personal-care/cw-hair-care"],"locations":{"ALL":{"price":7.84,"discountRate":50,"promo":"","orgPrice":15.69}},"similarProducts":[]},{"id":"cw-75910","name":"Pantene Ultimate 10 Conditioner 900ml","brand":"Pantene","imageUrls":["https://static.chemistwarehouse.com.au/ams/media/pi/75910/2DF_800.jpg"],"storeId":"chemist-warehouse","packageSize":"","cupPrice":"","categoryIds":["cw-personal-care/cw-hair-care"],"locations":{"ALL":{"price":7.84,"discountRate":50,"promo":"","orgPrice":15.69}},"similarProducts":[]},{"id":"cw-92800","name":"Tresemme Botanique Restore & Shine Shampoo 675ml","brand":"Tresemme","imageUrls":["https://static.chemistwarehouse.com.au/ams/media/pi/92800/2DF_800.jpg"],"storeId":"chemist-warehouse","packageSize":"","cupPrice":"","categoryIds":["cw-personal-care/cw-hair-care"],"locations":{"ALL":{"price":6.49,"discountRate":50,"promo":"","orgPrice":12.99}},"similarProducts":[]},{"id":"cw-79299","name":"Pantene 3 Minute Miracle Daily Moisture Renewal Conditioner 180ml","brand":"Pantene","imageUrls":["https://static.chemistwarehouse.com.au/ams/media/pi/79299/2DF_800.jpg"],"storeId":"chemist-warehouse","packageSize":"","cupPrice":"","categoryIds":["cw-personal-care/cw-hair-care"],"locations":{"ALL":{"price":3.49,"discountRate":50,"promo":"","orgPrice":6.99}},"similarProducts":[]},{"id":"cw-99464","name":"Schwarzkopf Extra Care Bio-Tech Restore Oil 80ml","brand":"Schwarzkopf","imageUrls":["https://static.chemistwarehouse.com.au/ams/media/pi/99464/F2D_800.jpg"],"storeId":"chemist-warehouse","packageSize":"","cupPrice":"","categoryIds":["cw-personal-care/cw-hair-care"],"locations":{"ALL":{"price":9.99,"discountRate":50,"promo":"","orgPrice":19.99}},"similarProducts":[]},{"id":"cw-65590","name":"OGX Hydrating Macadamia Oil Shampoo 385mL","brand":"OGX","imageUrls":["https://static.chemistwarehouse.com.au/ams/media/pi/65590/2DF_800.jpg"],"storeId":"chemist-warehouse","packageSize":"","cupPrice":"","categoryIds":["cw-personal-care/cw-hair-care"],"locations":{"ALL":{"price":10,"discountRate":50,"promo":"","orgPrice":19.99}},"similarProducts":[]},{"id":"cw-78973","name":"Pantene Pro-V Daily Moisture Renewal Intensive Hair Masque Treatment 300mL","brand":"Pantene","imageUrls":["https://static.chemistwarehouse.com.au/ams/media/pi/78973/3DF_800.jpg"],"storeId":"chemist-warehouse","packageSize":"","cupPrice":"","categoryIds":["cw-personal-care/cw-hair-care"],"locations":{"ALL":{"price":4.99,"discountRate":50,"promo":"","orgPrice":9.99}},"similarProducts":[]},{"id":"cw-80055","name":"Pantene Sheer Volume Shampoo 900ml","brand":"Pantene","imageUrls":["https://static.chemistwarehouse.com.au/ams/media/pi/80055/2DF_800.jpg"],"storeId":"chemist-warehouse","packageSize":"","cupPrice":"","categoryIds":["cw-personal-care/cw-hair-care"],"locations":{"ALL":{"price":7.84,"discountRate":50,"promo":"","orgPrice":15.69}},"similarProducts":[]},{"id":"cw-75171","name":"L'Oreal Paris Excellence Age Perfect Permananent Hair Colour - 9.13 Light Creme Blonde (Natural Blended Colour)","brand":"Loreal","imageUrls":["https://static.chemistwarehouse.com.au/ams/media/pi/75171/3DF_800.jpg"],"storeId":"chemist-warehouse","packageSize":"","cupPrice":"","categoryIds":["cw-personal-care/cw-hair-care"],"locations":{"ALL":{"price":9.97,"discountRate":50,"promo":"","orgPrice":19.95}},"similarProducts":[]},{"id":"cw-63047","name":"TRESemme Hair Hairspray Salon Finish 75g","brand":"Tresemme","imageUrls":["https://static.chemistwarehouse.com.au/ams/media/pi/63047/3DF_800.jpg"],"storeId":"chemist-warehouse","packageSize":"","cupPrice":"","categoryIds":["cw-personal-care/cw-hair-care"],"locations":{"ALL":{"price":1.99,"discountRate":50,"promo":"","orgPrice":3.99}},"similarProducts":[]},{"id":"cw-92576","name":"Tresemme Repair & Protect 7 Shampoo 350ml","brand":"Tresemme","imageUrls":["https://static.chemistwarehouse.com.au/ams/media/pi/92576/2DF_800.jpg"],"storeId":"chemist-warehouse","packageSize":"","cupPrice":"","categoryIds":["cw-personal-care/cw-hair-care"],"locations":{"ALL":{"price":4.49,"discountRate":50,"promo":"","orgPrice":8.99}},"similarProducts":[]},{"id":"cw-80056","name":"Pantene Sheer Volume Conditioner 900ml","brand":"Pantene","imageUrls":["https://static.chemistwarehouse.com.au/ams/media/pi/80056/2DF_800.jpg"],"storeId":"chemist-warehouse","packageSize":"","cupPrice":"","categoryIds":["cw-personal-care/cw-hair-care"],"locations":{"ALL":{"price":7.84,"discountRate":50,"promo":"","orgPrice":15.69}},"similarProducts":[]},{"id":"cw-76974","name":"TRESemme Professional Shampoo Moisture Rich 100ml","brand":"Tresemme","imageUrls":["https://static.chemistwarehouse.com.au/ams/media/pi/76974/2DF_800.jpg"],"storeId":"chemist-warehouse","packageSize":"","cupPrice":"","categoryIds":["cw-personal-care/cw-hair-care"],"locations":{"ALL":{"price":1.74,"discountRate":50,"promo":"","orgPrice":3.49}},"similarProducts":[]},{"id":"cw-76973","name":"TRESemme Professional Conditioner Moisture Rich 100ml","brand":"Tresemme","imageUrls":["https://static.chemistwarehouse.com.au/ams/media/pi/76973/2DF_800.jpg"],"storeId":"chemist-warehouse","packageSize":"","cupPrice":"","categoryIds":["cw-personal-care/cw-hair-care"],"locations":{"ALL":{"price":1.74,"discountRate":50,"promo":"","orgPrice":3.49}},"similarProducts":[]},{"id":"cw-91574","name":"Herbal Essences Bio Renew Blue Ginger & Micellar Shampoo 400ml","brand":"Herbal Essences","imageUrls":["https://static.chemistwarehouse.com.au/ams/media/pi/91574/2DF_800.jpg"],"storeId":"chemist-warehouse","packageSize":"","cupPrice":"","categoryIds":["cw-personal-care/cw-hair-care"],"locations":{"ALL":{"price":6,"discountRate":50,"promo":"","orgPrice":11.99}},"similarProducts":[]},{"id":"cw-75170","name":"L'Oreal Paris Excellence Age Perfect Permananent Hair Colour - 9.31 Light Sand Blonde (Natural Blended Colour)","brand":"Loreal","imageUrls":["https://static.chemistwarehouse.com.au/ams/media/pi/75170/3DF_800.jpg"],"storeId":"chemist-warehouse","packageSize":"","cupPrice":"","categoryIds":["cw-personal-care/cw-hair-care"],"locations":{"ALL":{"price":9.97,"discountRate":50,"promo":"","orgPrice":19.95}},"similarProducts":[]},{"id":"cw-101079","name":"Pantene Intense Rescue Shots Ampoules 3x15ml","brand":"Pantene","imageUrls":["https://static.chemistwarehouse.com.au/ams/media/pi/101079/F2D_800.jpg"],"storeId":"chemist-warehouse","packageSize":"","cupPrice":"","categoryIds":["cw-personal-care/cw-hair-care"],"locations":{"ALL":{"price":4.49,"discountRate":50,"promo":"","orgPrice":8.99}},"similarProducts":[]},{"id":"cw-91764","name":"Schwarzkopf LIVE Colour Colour Boost Shampoo Purple 150ml","brand":"Schwarzkopf","imageUrls":["https://static.chemistwarehouse.com.au/ams/media/pi/91764/2DF_800.jpg"],"storeId":"chemist-warehouse","packageSize":"","cupPrice":"","categoryIds":["cw-personal-care/cw-hair-care"],"locations":{"ALL":{"price":7.49,"discountRate":50,"promo":"","orgPrice":14.99}},"similarProducts":[]},{"id":"cw-75169","name":"L'Oreal Paris Excellence Age Perfect Permananent Hair Colour - 8.32 Natural Rose Blonde (Natural Blended Colour)","brand":"Loreal","imageUrls":["https://static.chemistwarehouse.com.au/ams/media/pi/75169/3DF_800.jpg"],"storeId":"chemist-warehouse","packageSize":"","cupPrice":"","categoryIds":["cw-personal-care/cw-hair-care"],"locations":{"ALL":{"price":9.97,"discountRate":50,"promo":"","orgPrice":19.95}},"similarProducts":[]},{"id":"cw-99465","name":"Schwarzkopf Extra Care Bio-Tech Colour Conditioner 500ml","brand":"Schwarzkopf","imageUrls":["https://static.chemistwarehouse.com.au/ams/media/pi/99465/F2D_800.jpg"],"storeId":"chemist-warehouse","packageSize":"","cupPrice":"","categoryIds":["cw-personal-care/cw-hair-care"],"locations":{"ALL":{"price":8.49,"discountRate":50,"promo":"","orgPrice":16.99}},"similarProducts":[{"productId":"w-83260-9310714223895","storeId":"woolworths"}]},{"id":"cw-86905","name":"L'Oreal Botanicals Soothing Lavender Mask 200ml","brand":"Loreal","imageUrls":["https://static.chemistwarehouse.com.au/ams/media/pi/86905/2DF_800.jpg"],"storeId":"chemist-warehouse","packageSize":"","cupPrice":"","categoryIds":["cw-personal-care/cw-hair-care"],"locations":{"ALL":{"price":9,"discountRate":50,"promo":"","orgPrice":17.95}},"similarProducts":[]},{"id":"cw-83609","name":"Schwarzkopf Colour Specialist 5-65 Chocolate Brown","brand":"Schwarzkopf","imageUrls":["https://static.chemistwarehouse.com.au/ams/media/pi/83609/3DF_800.jpg"],"storeId":"chemist-warehouse","packageSize":"","cupPrice":"","categoryIds":["cw-personal-care/cw-hair-care"],"locations":{"ALL":{"price":9.49,"discountRate":50,"promo":"","orgPrice":18.99}},"similarProducts":[{"productId":"w-601359-9310714220870","storeId":"woolworths"}]},{"id":"cw-98570","name":"Tresemme Violet Blonde Shampoo 350mL","brand":"Tresemme","imageUrls":["https://static.chemistwarehouse.com.au/ams/media/pi/98570/F2D_800.jpg"],"storeId":"chemist-warehouse","packageSize":"","cupPrice":"","categoryIds":["cw-personal-care/cw-hair-care"],"locations":{"ALL":{"price":4.49,"discountRate":50,"promo":"","orgPrice":8.99}},"similarProducts":[]},{"id":"cw-92577","name":"Tresemme Repair & Protect 7 Conditioner 350ml","brand":"Tresemme","imageUrls":["https://static.chemistwarehouse.com.au/ams/media/pi/92577/2DF_800.jpg"],"storeId":"chemist-warehouse","packageSize":"","cupPrice":"","categoryIds":["cw-personal-care/cw-hair-care"],"locations":{"ALL":{"price":4.49,"discountRate":50,"promo":"","orgPrice":8.99}},"similarProducts":[]},{"id":"cw-91573","name":"Herbal Essences Bio Renew Blue Ginger & Micellar Conditioner 400ml","brand":"Herbal Essences","imageUrls":["https://static.chemistwarehouse.com.au/ams/media/pi/91573/2DF_800.jpg"],"storeId":"chemist-warehouse","packageSize":"","cupPrice":"","categoryIds":["cw-personal-care/cw-hair-care"],"locations":{"ALL":{"price":6,"discountRate":50,"promo":"","orgPrice":11.99}},"similarProducts":[]},{"id":"cw-79256","name":"L'Oreal Paris Excellence Age Perfect Permananent Hair Colour - 5.03 Warm Golden Brown (Natural Blended Colour)","brand":"Loreal","imageUrls":["https://static.chemistwarehouse.com.au/ams/media/pi/79256/3DF_800.jpg"],"storeId":"chemist-warehouse","packageSize":"","cupPrice":"","categoryIds":["cw-personal-care/cw-hair-care"],"locations":{"ALL":{"price":9.97,"discountRate":50,"promo":"","orgPrice":19.95}},"similarProducts":[]},{"id":"cw-99466","name":"Schwarzkopf Extra Care Bio-Tech Colour Shampoo 500ml","brand":"Schwarzkopf","imageUrls":["https://static.chemistwarehouse.com.au/ams/media/pi/99466/F2D_800.jpg"],"storeId":"chemist-warehouse","packageSize":"","cupPrice":"","categoryIds":["cw-personal-care/cw-hair-care"],"locations":{"ALL":{"price":8.49,"discountRate":50,"promo":"","orgPrice":16.99}},"similarProducts":[{"productId":"w-83248-9310714223888","storeId":"woolworths"}]},{"id":"cw-86928","name":"L'Oreal Botanicals Soothing Lavender Shampoo 400ml","brand":"Loreal","imageUrls":["https://static.chemistwarehouse.com.au/ams/media/pi/86928/2DF_800.jpg"],"storeId":"chemist-warehouse","packageSize":"","cupPrice":"","categoryIds":["cw-personal-care/cw-hair-care"],"locations":{"ALL":{"price":9,"discountRate":50,"promo":"","orgPrice":17.95}},"similarProducts":[]},{"id":"cw-91763","name":"Schwarzkopf LIVE Colour Colour Boost Shampoo Pink 150ml","brand":"Schwarzkopf","imageUrls":["https://static.chemistwarehouse.com.au/ams/media/pi/91763/2DF_800.jpg"],"storeId":"chemist-warehouse","packageSize":"","cupPrice":"","categoryIds":["cw-personal-care/cw-hair-care"],"locations":{"ALL":{"price":7.49,"discountRate":50,"promo":"","orgPrice":14.99}},"similarProducts":[]},{"id":"cw-87040","name":"OGX Pomegranate & Ginger Shampoo 385ml","brand":"OGX","imageUrls":["https://static.chemistwarehouse.com.au/ams/media/pi/87040/2DF_800.jpg"],"storeId":"chemist-warehouse","packageSize":"","cupPrice":"","categoryIds":["cw-personal-care/cw-hair-care"],"locations":{"ALL":{"price":10,"discountRate":50,"promo":"","orgPrice":19.99}},"similarProducts":[]},{"id":"cw-92572","name":"Tresemme Keratin Smooth Shampoo 350ml","brand":"Tresemme","imageUrls":["https://static.chemistwarehouse.com.au/ams/media/pi/92572/2DF_800.jpg"],"storeId":"chemist-warehouse","packageSize":"","cupPrice":"","categoryIds":["cw-personal-care/cw-hair-care"],"locations":{"ALL":{"price":4.49,"discountRate":50,"promo":"","orgPrice":8.99}},"similarProducts":[{"productId":"w-822764-9300830051144","storeId":"woolworths"}]},{"id":"cw-99470","name":"Schwarzkopf Extra Care Bio-Tech Repair Shampoo 500ml","brand":"Schwarzkopf","imageUrls":["https://static.chemistwarehouse.com.au/ams/media/pi/99470/F2D_800.jpg"],"storeId":"chemist-warehouse","packageSize":"","cupPrice":"","categoryIds":["cw-personal-care/cw-hair-care"],"locations":{"ALL":{"price":8.49,"discountRate":50,"promo":"","orgPrice":16.99}},"similarProducts":[]},{"id":"cw-86370","name":"L'Oreal Elvive Extraordinary Clay Conditioner 325ml","brand":"Loreal","imageUrls":["https://static.chemistwarehouse.com.au/ams/media/pi/86370/2DF_800.jpg"],"storeId":"chemist-warehouse","packageSize":"","cupPrice":"","categoryIds":["cw-personal-care/cw-hair-care"],"locations":{"ALL":{"price":4,"discountRate":50,"promo":"","orgPrice":7.99}},"similarProducts":[]},{"id":"cw-99469","name":"Schwarzkopf Extra Care Bio-Tech Repair Conditioner 500ml","brand":"Schwarzkopf","imageUrls":["https://static.chemistwarehouse.com.au/ams/media/pi/99469/F2D_800.jpg"],"storeId":"chemist-warehouse","packageSize":"","cupPrice":"","categoryIds":["cw-personal-care/cw-hair-care"],"locations":{"ALL":{"price":8.49,"discountRate":50,"promo":"","orgPrice":16.99}},"similarProducts":[{"productId":"w-83542-9310714223857","storeId":"woolworths"}]},{"id":"cw-84053","name":"L'Oreal Elvive Extraordinary Clay Detox Pre Shampoo Mask 150ml","brand":"Loreal","imageUrls":["https://static.chemistwarehouse.com.au/ams/media/pi/84053/2DF_800.jpg"],"storeId":"chemist-warehouse","packageSize":"","cupPrice":"","categoryIds":["cw-personal-care/cw-hair-care"],"locations":{"ALL":{"price":5,"discountRate":50,"promo":"","orgPrice":9.95}},"similarProducts":[]},{"id":"cw-92571","name":"Tresemme Botanique Restore & Shine Conditioner 350ml","brand":"Tresemme","imageUrls":["https://static.chemistwarehouse.com.au/ams/media/pi/92571/2DF_800.jpg"],"storeId":"chemist-warehouse","packageSize":"","cupPrice":"","categoryIds":["cw-personal-care/cw-hair-care"],"locations":{"ALL":{"price":4.49,"discountRate":50,"promo":"","orgPrice":8.99}},"similarProducts":[{"productId":"w-852172-9300830051069","storeId":"woolworths"}]},{"id":"cw-91762","name":"Schwarzkopf LIVE Colour Colour Boost Shampoo Blue 150ml","brand":"Schwarzkopf","imageUrls":["https://static.chemistwarehouse.com.au/ams/media/pi/91762/F2D_800.jpg"],"storeId":"chemist-warehouse","packageSize":"","cupPrice":"","categoryIds":["cw-personal-care/cw-hair-care"],"locations":{"ALL":{"price":7.49,"discountRate":50,"promo":"","orgPrice":14.99}},"similarProducts":[]},{"id":"cw-83606","name":"Schwarzkopf Colour Specialist 3-0 Imperial Brown","brand":"Schwarzkopf","imageUrls":["https://static.chemistwarehouse.com.au/ams/media/pi/83606/3DF_800.jpg"],"storeId":"chemist-warehouse","packageSize":"","cupPrice":"","categoryIds":["cw-personal-care/cw-hair-care"],"locations":{"ALL":{"price":9.49,"discountRate":50,"promo":"","orgPrice":18.99}},"similarProducts":[]},{"id":"cw-86804","name":"John Frieda Luxurious Volume Core Restore Volumiser  60ml","brand":"John Frieda","imageUrls":["https://static.chemistwarehouse.com.au/ams/media/pi/86804/F2D_800.jpg"],"storeId":"chemist-warehouse","packageSize":"","cupPrice":"","categoryIds":["cw-personal-care/cw-hair-care"],"locations":{"ALL":{"price":9,"discountRate":50,"promo":"","orgPrice":17.99}},"similarProducts":[]},{"id":"cw-81680","name":"Schwarzkopf Extra Care Sun Repair Conditioner 400ml","brand":"Schwarzkopf","imageUrls":["https://static.chemistwarehouse.com.au/ams/media/pi/81680/2DF_800.jpg"],"storeId":"chemist-warehouse","packageSize":"","cupPrice":"","categoryIds":["cw-personal-care/cw-hair-care"],"locations":{"ALL":{"price":2,"discountRate":71,"promo":"","orgPrice":6.99}},"similarProducts":[]},{"id":"cw-83377","name":"L'Oreal Botanicals Geranium Radiance Remedy Mask 200ml","brand":"Loreal","imageUrls":["https://static.chemistwarehouse.com.au/ams/media/pi/83377/2DF_800.jpg"],"storeId":"chemist-warehouse","packageSize":"","cupPrice":"","categoryIds":["cw-personal-care/cw-hair-care"],"locations":{"ALL":{"price":9,"discountRate":50,"promo":"","orgPrice":17.95}},"similarProducts":[]},{"id":"cw-92186","name":"Maui Moisture Volcanic Ash Shampoo 385ml","brand":"Maui Moisture","imageUrls":["https://static.chemistwarehouse.com.au/ams/media/pi/92186/2DF_800.jpg"],"storeId":"chemist-warehouse","packageSize":"","cupPrice":"","categoryIds":["cw-personal-care/cw-hair-care"],"locations":{"ALL":{"price":10,"discountRate":55,"promo":"","orgPrice":21.99}},"similarProducts":[]},{"id":"cw-92185","name":"Maui Moisture Volcanic Ash Conditioner 385ml","brand":"Maui Moisture","imageUrls":["https://static.chemistwarehouse.com.au/ams/media/pi/92185/2DF_800.jpg"],"storeId":"chemist-warehouse","packageSize":"","cupPrice":"","categoryIds":["cw-personal-care/cw-hair-care"],"locations":{"ALL":{"price":10,"discountRate":55,"promo":"","orgPrice":21.99}},"similarProducts":[]},{"id":"cw-83373","name":"L'Oreal Botanicals Coriander Strength Cure Mask 200ml","brand":"Loreal","imageUrls":["https://static.chemistwarehouse.com.au/ams/media/pi/83373/2DF_800.jpg"],"storeId":"chemist-warehouse","packageSize":"","cupPrice":"","categoryIds":["cw-personal-care/cw-hair-care"],"locations":{"ALL":{"price":9,"discountRate":50,"promo":"","orgPrice":17.95}},"similarProducts":[]},{"id":"cw-79399","name":"Toni & Guy Nourish Conditioner For Dry Hair 250ml","brand":"Toni  Guy","imageUrls":["https://static.chemistwarehouse.com.au/ams/media/pi/79399/2DF_800.jpg"],"storeId":"chemist-warehouse","packageSize":"","cupPrice":"","categoryIds":["cw-personal-care/cw-hair-care"],"locations":{"ALL":{"price":8,"discountRate":50,"promo":"","orgPrice":15.99}},"similarProducts":[]},{"id":"cw-83375","name":"L'Oreal Botanicals Coriander Strength Cure Shampoo 400ml","brand":"Loreal","imageUrls":["https://static.chemistwarehouse.com.au/ams/media/pi/83375/2DF_800.jpg"],"storeId":"chemist-warehouse","packageSize":"","cupPrice":"","categoryIds":["cw-personal-care/cw-hair-care"],"locations":{"ALL":{"price":9,"discountRate":50,"promo":"","orgPrice":17.95}},"similarProducts":[]},{"id":"cw-92573","name":"Tresemme Keratin Smooth Conditioner 350ml","brand":"Tresemme","imageUrls":["https://static.chemistwarehouse.com.au/ams/media/pi/92573/2DF_800.jpg"],"storeId":"chemist-warehouse","packageSize":"","cupPrice":"","categoryIds":["cw-personal-care/cw-hair-care"],"locations":{"ALL":{"price":4.49,"discountRate":50,"promo":"","orgPrice":8.99}},"similarProducts":[]},{"id":"cw-79401","name":"Toni & Guy Cleanse Shampoo For Dry Hair 250ml","brand":"Toni  Guy","imageUrls":["https://static.chemistwarehouse.com.au/ams/media/pi/79401/2DF_800.jpg"],"storeId":"chemist-warehouse","packageSize":"","cupPrice":"","categoryIds":["cw-personal-care/cw-hair-care"],"locations":{"ALL":{"price":8,"discountRate":50,"promo":"","orgPrice":15.99}},"similarProducts":[]},{"id":"cw-87038","name":"OGX Marula Oil Shampoo 385ml","brand":"OGX","imageUrls":["https://static.chemistwarehouse.com.au/ams/media/pi/87038/2DF_800.jpg"],"storeId":"chemist-warehouse","packageSize":"","cupPrice":"","categoryIds":["cw-personal-care/cw-hair-care"],"locations":{"ALL":{"price":10,"discountRate":50,"promo":"","orgPrice":19.99}},"similarProducts":[]},{"id":"cw-86925","name":"Herbal Essences Bio Renew Passion Flower & Rice Milk Shampoo 400ml","brand":"Herbal Essences","imageUrls":["https://static.chemistwarehouse.com.au/ams/media/pi/86925/F2D_800.jpg"],"storeId":"chemist-warehouse","packageSize":"","cupPrice":"","categoryIds":["cw-personal-care/cw-hair-care"],"locations":{"ALL":{"price":6,"discountRate":50,"promo":"","orgPrice":11.99}},"similarProducts":[]},{"id":"cw-83381","name":"L'Oreal Botanicals Safflower Rich Infusion Mask 200ml","brand":"Loreal","imageUrls":["https://static.chemistwarehouse.com.au/ams/media/pi/83381/2DF_800.jpg"],"storeId":"chemist-warehouse","packageSize":"","cupPrice":"","categoryIds":["cw-personal-care/cw-hair-care"],"locations":{"ALL":{"price":9,"discountRate":50,"promo":"","orgPrice":17.95}},"similarProducts":[]},{"id":"cw-83611","name":"Schwarzkopf Colour Specialist 6-86 Fiery Dark Blonde","brand":"Schwarzkopf","imageUrls":["https://static.chemistwarehouse.com.au/ams/media/pi/83611/3DF_800.jpg"],"storeId":"chemist-warehouse","packageSize":"","cupPrice":"","categoryIds":["cw-personal-care/cw-hair-care"],"locations":{"ALL":{"price":9.49,"discountRate":50,"promo":"","orgPrice":18.99}},"similarProducts":[]},{"id":"cw-99468","name":"Schwarzkopf Extra Care Bio-Tech Pro-Balance Shampoo 500ml","brand":"Schwarzkopf","imageUrls":["https://static.chemistwarehouse.com.au/ams/media/pi/99468/F2D_800.jpg"],"storeId":"chemist-warehouse","packageSize":"","cupPrice":"","categoryIds":["cw-personal-care/cw-hair-care"],"locations":{"ALL":{"price":8.49,"discountRate":50,"promo":"","orgPrice":16.99}},"similarProducts":[{"productId":"w-83439-9310714223864","storeId":"woolworths"}]},{"id":"cw-83605","name":"Schwarzkopf Colour Specialist 10-1 Cool Ultra Blonde","brand":"Schwarzkopf","imageUrls":["https://static.chemistwarehouse.com.au/ams/media/pi/83605/3DF_800.jpg"],"storeId":"chemist-warehouse","packageSize":"","cupPrice":"","categoryIds":["cw-personal-care/cw-hair-care"],"locations":{"ALL":{"price":9.49,"discountRate":50,"promo":"","orgPrice":18.99}},"similarProducts":[{"productId":"w-601565-9310714220917","storeId":"woolworths"}]},{"id":"cw-73321","name":"Toni & Guy Cleanse Shampoo For Normal Hair 250ml","brand":"Toni  Guy","imageUrls":["https://static.chemistwarehouse.com.au/ams/media/pi/73321/2DF_800.jpg"],"storeId":"chemist-warehouse","packageSize":"","cupPrice":"","categoryIds":["cw-personal-care/cw-hair-care"],"locations":{"ALL":{"price":8,"discountRate":50,"promo":"","orgPrice":15.99}},"similarProducts":[]},{"id":"cw-99467","name":"Schwarzkopf Extra Care Bio-Tech Pro-Balance Conditioner 500ml","brand":"Schwarzkopf","imageUrls":["https://static.chemistwarehouse.com.au/ams/media/pi/99467/F2D_800.jpg"],"storeId":"chemist-warehouse","packageSize":"","cupPrice":"","categoryIds":["cw-personal-care/cw-hair-care"],"locations":{"ALL":{"price":8.49,"discountRate":50,"promo":"","orgPrice":16.99}},"similarProducts":[]},{"id":"cw-83374","name":"L'Oreal Botanicals Coriander Strength Cure Potion 125ml","brand":"Loreal","imageUrls":["https://static.chemistwarehouse.com.au/ams/media/pi/83374/2DF_800.jpg"],"storeId":"chemist-warehouse","packageSize":"","cupPrice":"","categoryIds":["cw-personal-care/cw-hair-care"],"locations":{"ALL":{"price":9,"discountRate":50,"promo":"","orgPrice":17.95}},"similarProducts":[]},{"id":"cw-83607","name":"Schwarzkopf Colour Specialist 4-54 Medium Hazelnutl Brown","brand":"Schwarzkopf","imageUrls":["https://static.chemistwarehouse.com.au/ams/media/pi/83607/3DF_800.jpg"],"storeId":"chemist-warehouse","packageSize":"","cupPrice":"","categoryIds":["cw-personal-care/cw-hair-care"],"locations":{"ALL":{"price":9.49,"discountRate":50,"promo":"","orgPrice":18.99}},"similarProducts":[]},{"id":"cw-83370","name":"L'Oreal Botanicals Camelina Smooth Ritual Mask 200ml","brand":"Loreal","imageUrls":["https://static.chemistwarehouse.com.au/ams/media/pi/83370/2DF_800.jpg"],"storeId":"chemist-warehouse","packageSize":"","cupPrice":"","categoryIds":["cw-personal-care/cw-hair-care"],"locations":{"ALL":{"price":9,"discountRate":50,"promo":"","orgPrice":17.95}},"similarProducts":[]},{"id":"cw-83612","name":"Schwarzkopf Colour Specialist 7-00 Medium Natural Blonde","brand":"Schwarzkopf","imageUrls":["https://static.chemistwarehouse.com.au/ams/media/pi/83612/3DF_800.jpg"],"storeId":"chemist-warehouse","packageSize":"","cupPrice":"","categoryIds":["cw-personal-care/cw-hair-care"],"locations":{"ALL":{"price":9.49,"discountRate":50,"promo":"","orgPrice":18.99}},"similarProducts":[]},{"id":"cw-91755","name":"Schwarzkopf Extra Care Repairing Serum In Mask 200ml","brand":"Schwarzkopf","imageUrls":["https://static.chemistwarehouse.com.au/ams/media/pi/91755/2DF_800.jpg"],"storeId":"chemist-warehouse","packageSize":"","cupPrice":"","categoryIds":["cw-personal-care/cw-hair-care"],"locations":{"ALL":{"price":10,"discountRate":50,"promo":"","orgPrice":19.99}},"similarProducts":[]},{"id":"cw-83376","name":"L'Oreal Botanicals Geranium Radiance Remedy Detangling Balm 200ml","brand":"Loreal","imageUrls":["https://static.chemistwarehouse.com.au/ams/media/pi/83376/2DF_800.jpg"],"storeId":"chemist-warehouse","packageSize":"","cupPrice":"","categoryIds":["cw-personal-care/cw-hair-care"],"locations":{"ALL":{"price":9,"discountRate":50,"promo":"","orgPrice":17.95}},"similarProducts":[]},{"id":"cw-91765","name":"Schwarzkopf LIVE Colour Colour Boost Shampoo Silver 150ml","brand":"Schwarzkopf","imageUrls":["https://static.chemistwarehouse.com.au/ams/media/pi/91765/2DF_800.jpg"],"storeId":"chemist-warehouse","packageSize":"","cupPrice":"","categoryIds":["cw-personal-care/cw-hair-care"],"locations":{"ALL":{"price":7.49,"discountRate":50,"promo":"","orgPrice":14.99}},"similarProducts":[]},{"id":"cw-75167","name":"L'Oreal Paris Excellence Age Perfect Permananent Hair Colour - 7.32 Dark Gold Rose Blonde (Natural Blended Colour)","brand":"Loreal","imageUrls":["https://static.chemistwarehouse.com.au/ams/media/pi/75167/3DF_800.jpg"],"storeId":"chemist-warehouse","packageSize":"","cupPrice":"","categoryIds":["cw-personal-care/cw-hair-care"],"locations":{"ALL":{"price":9.97,"discountRate":50,"promo":"","orgPrice":19.95}},"similarProducts":[]},{"id":"cw-83613","name":"Schwarzkopf Colour Specialist 8-1 Cool Light Blonde","brand":"Schwarzkopf","imageUrls":["https://static.chemistwarehouse.com.au/ams/media/pi/83613/3DF_800.jpg"],"storeId":"chemist-warehouse","packageSize":"","cupPrice":"","categoryIds":["cw-personal-care/cw-hair-care"],"locations":{"ALL":{"price":9.49,"discountRate":50,"promo":"","orgPrice":18.99}},"similarProducts":[{"productId":"w-601359-9310714220870","storeId":"woolworths"},{"productId":"w-601565-9310714220917","storeId":"woolworths"}]},{"id":"cw-86802","name":"John Frieda Luxurious Volume Core Restore Conditioner 250ml","brand":"John Frieda","imageUrls":["https://static.chemistwarehouse.com.au/ams/media/pi/86802/F2D_800.jpg"],"storeId":"chemist-warehouse","packageSize":"","cupPrice":"","categoryIds":["cw-personal-care/cw-hair-care"],"locations":{"ALL":{"price":9,"discountRate":50,"promo":"","orgPrice":17.99}},"similarProducts":[{"productId":"w-680781-717226237430","storeId":"woolworths"}]},{"id":"cw-86924","name":"Herbal Essences Bio Renew Passion Flower & Rice Milk Conditioner 400ml","brand":"Herbal Essences","imageUrls":["https://static.chemistwarehouse.com.au/ams/media/pi/86924/F2D_800.jpg"],"storeId":"chemist-warehouse","packageSize":"","cupPrice":"","categoryIds":["cw-personal-care/cw-hair-care"],"locations":{"ALL":{"price":6,"discountRate":50,"promo":"","orgPrice":11.99}},"similarProducts":[]},{"id":"cw-83378","name":"L'Oreal Botanicals Geranium Radiance Remedy Shampoo 400ml","brand":"Loreal","imageUrls":["https://static.chemistwarehouse.com.au/ams/media/pi/83378/2DF_800.jpg"],"storeId":"chemist-warehouse","packageSize":"","cupPrice":"","categoryIds":["cw-personal-care/cw-hair-care"],"locations":{"ALL":{"price":9,"discountRate":50,"promo":"","orgPrice":17.95}},"similarProducts":[]},{"id":"cw-77542","name":"Schwarzkopf Extra Care Oil Nutritive Split Ends Solution 50ml","brand":"Schwarzkopf","imageUrls":["https://static.chemistwarehouse.com.au/ams/media/pi/77542/2DF_800.jpg"],"storeId":"chemist-warehouse","packageSize":"","cupPrice":"","categoryIds":["cw-personal-care/cw-hair-care"],"locations":{"ALL":{"price":5,"discountRate":50,"promo":"","orgPrice":9.99}},"similarProducts":[]},{"id":"cw-73324","name":"Toni & Guy Nourish Conditioner For Normal Hair 250ml","brand":"Toni  Guy","imageUrls":["https://static.chemistwarehouse.com.au/ams/media/pi/73324/2DF_800.jpg"],"storeId":"chemist-warehouse","packageSize":"","cupPrice":"","categoryIds":["cw-personal-care/cw-hair-care"],"locations":{"ALL":{"price":8,"discountRate":50,"promo":"","orgPrice":15.99}},"similarProducts":[]},{"id":"cw-87039","name":"OGX Pomegranate & Ginger Conditioner 385ml","brand":"OGX","imageUrls":["https://static.chemistwarehouse.com.au/ams/media/pi/87039/2DF_800.jpg"],"storeId":"chemist-warehouse","packageSize":"","cupPrice":"","categoryIds":["cw-personal-care/cw-hair-care"],"locations":{"ALL":{"price":10,"discountRate":50,"promo":"","orgPrice":19.99}},"similarProducts":[]},{"id":"cw-83608","name":"Schwarzkopf Colour Specialist 5-0 Cool Light Brown","brand":"Schwarzkopf","imageUrls":["https://static.chemistwarehouse.com.au/ams/media/pi/83608/3DF_800.jpg"],"storeId":"chemist-warehouse","packageSize":"","cupPrice":"","categoryIds":["cw-personal-care/cw-hair-care"],"locations":{"ALL":{"price":9.49,"discountRate":50,"promo":"","orgPrice":18.99}},"similarProducts":[{"productId":"w-601359-9310714220870","storeId":"woolworths"},{"productId":"w-601565-9310714220917","storeId":"woolworths"}]},{"id":"cw-87037","name":"OGX Marula Oil Conditioner 385ml","brand":"OGX","imageUrls":["https://static.chemistwarehouse.com.au/ams/media/pi/87037/2DF_800.jpg"],"storeId":"chemist-warehouse","packageSize":"","cupPrice":"","categoryIds":["cw-personal-care/cw-hair-care"],"locations":{"ALL":{"price":10,"discountRate":50,"promo":"","orgPrice":19.99}},"similarProducts":[]},{"id":"cw-83610","name":"Schwarzkopf Colour Specialist 6-0 Luminous Dark Blonde","brand":"Schwarzkopf","imageUrls":["https://static.chemistwarehouse.com.au/ams/media/pi/83610/3DF_800.jpg"],"storeId":"chemist-warehouse","packageSize":"","cupPrice":"","categoryIds":["cw-personal-care/cw-hair-care"],"locations":{"ALL":{"price":9.49,"discountRate":50,"promo":"","orgPrice":18.99}},"similarProducts":[]},{"id":"cw-92570","name":"Tresemme Botanique Restore & Shine Shampoo 350ml","brand":"Tresemme","imageUrls":["https://static.chemistwarehouse.com.au/ams/media/pi/92570/2DF_800.jpg"],"storeId":"chemist-warehouse","packageSize":"","cupPrice":"","categoryIds":["cw-personal-care/cw-hair-care"],"locations":{"ALL":{"price":4.49,"discountRate":50,"promo":"","orgPrice":8.99}},"similarProducts":[]},{"id":"cw-87145","name":"Essano Coconut Hydrating Shampoo 300ml","brand":"Essano","imageUrls":["https://static.chemistwarehouse.com.au/ams/media/pi/87145/F2D_800.jpg"],"storeId":"chemist-warehouse","packageSize":"","cupPrice":"","categoryIds":["cw-personal-care/cw-hair-care"],"locations":{"ALL":{"price":8,"discountRate":50,"promo":"","orgPrice":15.99}},"similarProducts":[]},{"id":"cw-83383","name":"L'Oreal Botanicals Safflower Rich Infusion Shampoo 400ml","brand":"Loreal","imageUrls":["https://static.chemistwarehouse.com.au/ams/media/pi/83383/2DF_800.jpg"],"storeId":"chemist-warehouse","packageSize":"","cupPrice":"","categoryIds":["cw-personal-care/cw-hair-care"],"locations":{"ALL":{"price":9,"discountRate":50,"promo":"","orgPrice":17.95}},"similarProducts":[]},{"id":"cw-91742","name":"Schwarzkopf Colour Specialist 1-0 Opulent Black","brand":"Schwarzkopf","imageUrls":["https://static.chemistwarehouse.com.au/ams/media/pi/91742/3DF_800.jpg"],"storeId":"chemist-warehouse","packageSize":"","cupPrice":"","categoryIds":["cw-personal-care/cw-hair-care"],"locations":{"ALL":{"price":9.49,"discountRate":50,"promo":"","orgPrice":18.99}},"similarProducts":[{"productId":"w-683756-9310714221303","storeId":"woolworths"}]},{"id":"cw-91752","name":"Schwarzkopf Extra Care Moisturising Serum In Mask 200ml","brand":"Schwarzkopf","imageUrls":["https://static.chemistwarehouse.com.au/ams/media/pi/91752/2DF_800.jpg"],"storeId":"chemist-warehouse","packageSize":"","cupPrice":"","categoryIds":["cw-personal-care/cw-hair-care"],"locations":{"ALL":{"price":10,"discountRate":50,"promo":"","orgPrice":19.99}},"similarProducts":[]},{"id":"cw-83379","name":"L'Oreal Botanicals Geranium Radiance Remedy Spray 150ml","brand":"Loreal","imageUrls":["https://static.chemistwarehouse.com.au/ams/media/pi/83379/2DF_800.jpg"],"storeId":"chemist-warehouse","packageSize":"","cupPrice":"","categoryIds":["cw-personal-care/cw-hair-care"],"locations":{"ALL":{"price":9,"discountRate":50,"promo":"","orgPrice":17.95}},"similarProducts":[]},{"id":"cw-87080","name":"Pantene Sheer Volume Foam Conditioner 170g","brand":"Pantene","imageUrls":["https://static.chemistwarehouse.com.au/ams/media/pi/87080/F2D_800.jpg"],"storeId":"chemist-warehouse","packageSize":"","cupPrice":"","categoryIds":["cw-personal-care/cw-hair-care"],"locations":{"ALL":{"price":5,"discountRate":50,"promo":"","orgPrice":9.99}},"similarProducts":[]},{"id":"cw-84119","name":"Tresemme Touchable Hold Glamourous Shine Hair Spray 250ml","brand":"Tresemme","imageUrls":["https://static.chemistwarehouse.com.au/ams/media/pi/84119/F2D_800.jpg"],"storeId":"chemist-warehouse","packageSize":"","cupPrice":"","categoryIds":["cw-personal-care/cw-hair-care"],"locations":{"ALL":{"price":1.99,"discountRate":50,"promo":"","orgPrice":3.99}},"similarProducts":[]},{"id":"cw-87146","name":"Essano Coconut Hydrating Conditioner 300ml","brand":"Essano","imageUrls":["https://static.chemistwarehouse.com.au/ams/media/pi/87146/F2D_800.jpg"],"storeId":"chemist-warehouse","packageSize":"","cupPrice":"","categoryIds":["cw-personal-care/cw-hair-care"],"locations":{"ALL":{"price":8,"discountRate":50,"promo":"","orgPrice":15.99}},"similarProducts":[]},{"id":"cw-91743","name":"Schwarzkopf Colour Specialist 4-9 Subtle Amethyst","brand":"Schwarzkopf","imageUrls":["https://static.chemistwarehouse.com.au/ams/media/pi/91743/3DF_800.jpg"],"storeId":"chemist-warehouse","packageSize":"","cupPrice":"","categoryIds":["cw-personal-care/cw-hair-care"],"locations":{"ALL":{"price":9.49,"discountRate":50,"promo":"","orgPrice":18.99}},"similarProducts":[]},{"id":"cw-92672","name":"L'Oreal Botanicals Safflower Dry Hair Nourishing Potion 125ml","brand":"Garnier","imageUrls":["https://static.chemistwarehouse.com.au/ams/media/pi/92672/2DF_800.jpg"],"storeId":"chemist-warehouse","packageSize":"","cupPrice":"","categoryIds":["cw-personal-care/cw-hair-care"],"locations":{"ALL":{"price":9,"discountRate":50,"promo":"","orgPrice":17.95}},"similarProducts":[]},{"id":"cw-87081","name":"Pantene Smooth & Sleek Foam Conditioner 170g","brand":"Pantene","imageUrls":["https://static.chemistwarehouse.com.au/ams/media/pi/87081/F2D_800.jpg"],"storeId":"chemist-warehouse","packageSize":"","cupPrice":"","categoryIds":["cw-personal-care/cw-hair-care"],"locations":{"ALL":{"price":5,"discountRate":50,"promo":"","orgPrice":9.99}},"similarProducts":[]},{"id":"cw-87078","name":"Pantene Repair & Protect Foam Conditioner 170g","brand":"Pantene","imageUrls":["https://static.chemistwarehouse.com.au/ams/media/pi/87078/F2D_800.jpg"],"storeId":"chemist-warehouse","packageSize":"","cupPrice":"","categoryIds":["cw-personal-care/cw-hair-care"],"locations":{"ALL":{"price":5,"discountRate":50,"promo":"","orgPrice":9.99}},"similarProducts":[]},{"id":"cw-87077","name":"Pantene Colour Protect Foam Conditioner 170g","brand":"Pantene","imageUrls":["https://static.chemistwarehouse.com.au/ams/media/pi/87077/F2D_800.jpg"],"storeId":"chemist-warehouse","packageSize":"","cupPrice":"","categoryIds":["cw-personal-care/cw-hair-care"],"locations":{"ALL":{"price":5,"discountRate":50,"promo":"","orgPrice":9.99}},"similarProducts":[]},{"id":"cw-69092","name":"Blue Stratos Shave Foam 200ml + 25%","brand":"Blue Stratos","imageUrls":["https://static.chemistwarehouse.com.au/ams/media/pi/69092/F2D_800.jpg"],"storeId":"chemist-warehouse","packageSize":"","cupPrice":"","categoryIds":["cw-personal-care/cw-men's-toiletries"],"locations":{"ALL":{"price":3.99,"discountRate":60,"promo":"","orgPrice":9.99}},"similarProducts":[]},{"id":"cw-90780","name":"Oral B Junior Toothpaste 6+ Years Star Wars 95g","brand":"Oral B","imageUrls":["https://static.chemistwarehouse.com.au/ams/media/pi/90780/2DF_800.jpg"],"storeId":"chemist-warehouse","packageSize":"","cupPrice":"","categoryIds":["cw-personal-care/cw-oral-hygiene-and-dental-care"],"locations":{"ALL":{"price":1.69,"discountRate":52,"promo":"","orgPrice":3.49}},"similarProducts":[]},{"id":"cw-60584","name":"Colgate Sensitive ProRelief Whitening Sensitive Teeth Pain fluoride Toothpaste 110g","brand":"Colgate","imageUrls":["https://static.chemistwarehouse.com.au/ams/media/pi/60584/3DF_800.jpg"],"storeId":"chemist-warehouse","packageSize":"","cupPrice":"","categoryIds":["cw-personal-care/cw-oral-hygiene-and-dental-care"],"locations":{"ALL":{"price":4.99,"discountRate":50,"promo":"","orgPrice":9.99}},"similarProducts":[]},{"id":"cw-64972","name":"Colgate Sensitive ProRelief Multi Protection Sensitive Teeth Pain fluoride Toothpaste 110g","brand":"Colgate","imageUrls":["https://static.chemistwarehouse.com.au/ams/media/pi/64972/3DF_800.jpg"],"storeId":"chemist-warehouse","packageSize":"","cupPrice":"","categoryIds":["cw-personal-care/cw-oral-hygiene-and-dental-care"],"locations":{"ALL":{"price":4.99,"discountRate":50,"promo":"","orgPrice":9.99}},"similarProducts":[]},{"id":"cw-82497","name":"Colgate Sensitive ProRelief Repair & Prevent Sensitive Teeth Pain fluoride Toothpaste 110g","brand":"Colgate","imageUrls":["https://static.chemistwarehouse.com.au/ams/media/pi/82497/3DF_800.jpg"],"storeId":"chemist-warehouse","packageSize":"","cupPrice":"","categoryIds":["cw-personal-care/cw-oral-hygiene-and-dental-care"],"locations":{"ALL":{"price":4.99,"discountRate":50,"promo":"","orgPrice":9.99}},"similarProducts":[]},{"id":"cw-90779","name":"Oral B Kids Toothpaste 3+ Years Frozen 92g","brand":"Oral B","imageUrls":["https://static.chemistwarehouse.com.au/ams/media/pi/90779/F2D_800.jpg"],"storeId":"chemist-warehouse","packageSize":"","cupPrice":"","categoryIds":["cw-personal-care/cw-oral-hygiene-and-dental-care"],"locations":{"ALL":{"price":1.69,"discountRate":52,"promo":"","orgPrice":3.49}},"similarProducts":[]},{"id":"cw-86321","name":"Oral B Vitality Kids Frozen Power Refills 2 Pack","brand":"Oral B","imageUrls":["https://static.chemistwarehouse.com.au/ams/media/pi/86321/2DF_800.jpg"],"storeId":"chemist-warehouse","packageSize":"","cupPrice":"","categoryIds":["cw-personal-care/cw-oral-hygiene-and-dental-care"],"locations":{"ALL":{"price":6.99,"discountRate":50,"promo":"","orgPrice":13.99}},"similarProducts":[]},{"id":"cw-65794","name":"Colgate Sensitive ProRelief Enamel Repair Sensitive Teeth Pain fluoride Toothpaste 110g","brand":"Colgate","imageUrls":["https://static.chemistwarehouse.com.au/ams/media/pi/65794/3DF_800.jpg"],"storeId":"chemist-warehouse","packageSize":"","cupPrice":"","categoryIds":["cw-personal-care/cw-oral-hygiene-and-dental-care"],"locations":{"ALL":{"price":4.99,"discountRate":50,"promo":"","orgPrice":9.99}},"similarProducts":[]},{"id":"cw-98768","name":"Colgate Optic White Renewal Vibrant Clean teeth Whitening Toothpaste 85g","brand":"Colgate","imageUrls":["https://static.chemistwarehouse.com.au/ams/media/pi/98768/3DF_800.jpg"],"storeId":"chemist-warehouse","packageSize":"","cupPrice":"","categoryIds":["cw-personal-care/cw-oral-hygiene-and-dental-care"],"locations":{"ALL":{"price":7.49,"discountRate":50,"promo":"","orgPrice":14.99}},"similarProducts":[]},{"id":"cw-86323","name":"Oral B Vitality Kids Star Wars Power Refills 2 Pack","brand":"Oral B","imageUrls":["https://static.chemistwarehouse.com.au/ams/media/pi/86323/3DF_800.jpg"],"storeId":"chemist-warehouse","packageSize":"","cupPrice":"","categoryIds":["cw-personal-care/cw-oral-hygiene-and-dental-care"],"locations":{"ALL":{"price":6.99,"discountRate":50,"promo":"","orgPrice":13.99}},"similarProducts":[]},{"id":"cw-98767","name":"Colgate Optic White Renewal Lasting Fresh teeth Whitening toothpaste 85g","brand":"Colgate","imageUrls":["https://static.chemistwarehouse.com.au/ams/media/pi/98767/3DF_800.jpg"],"storeId":"chemist-warehouse","packageSize":"","cupPrice":"","categoryIds":["cw-personal-care/cw-oral-hygiene-and-dental-care"],"locations":{"ALL":{"price":7.49,"discountRate":50,"promo":"","orgPrice":14.99}},"similarProducts":[]},{"id":"cw-54002","name":"Oral B Toothpaste Kids Stages 92g","brand":"Oral B","imageUrls":["https://static.chemistwarehouse.com.au/ams/media/pi/54002/2DF_800.jpg"],"storeId":"chemist-warehouse","packageSize":"","cupPrice":"","categoryIds":["cw-personal-care/cw-oral-hygiene-and-dental-care"],"locations":{"ALL":{"price":1.99,"discountRate":50,"promo":"","orgPrice":3.99}},"similarProducts":[]},{"id":"cw-86320","name":"Oral B Vitality Power Toothbrush Kids Frozen","brand":"Oral B","imageUrls":["https://static.chemistwarehouse.com.au/ams/media/pi/86320/3DF_800.jpg"],"storeId":"chemist-warehouse","packageSize":"","cupPrice":"","categoryIds":["cw-personal-care/cw-oral-hygiene-and-dental-care"],"locations":{"ALL":{"price":24.99,"discountRate":50,"promo":"","orgPrice":49.99}},"similarProducts":[]},{"id":"cw-86322","name":"Oral B Vitality Power Toothbrush Kids Star Wars","brand":"Oral B","imageUrls":["https://static.chemistwarehouse.com.au/ams/media/pi/86322/2DF_800.jpg"],"storeId":"chemist-warehouse","packageSize":"","cupPrice":"","categoryIds":["cw-personal-care/cw-oral-hygiene-and-dental-care"],"locations":{"ALL":{"price":24.99,"discountRate":50,"promo":"","orgPrice":49.99}},"similarProducts":[]},{"id":"cw-44505","name":"Oral B Toothbrush Stages 2 2-4 years","brand":"Oral B","imageUrls":["https://static.chemistwarehouse.com.au/ams/media/pi/44505/2DF_800.jpg"],"storeId":"chemist-warehouse","packageSize":"","cupPrice":"","categoryIds":["cw-personal-care/cw-oral-hygiene-and-dental-care"],"locations":{"ALL":{"price":1.99,"discountRate":50,"promo":"","orgPrice":3.99}},"similarProducts":[]},{"id":"cw-82496","name":"Colgate Sensitive ProRelief Extra Protect Sensitive Teeth Painfluoride Toothpaste 110g","brand":"Colgate","imageUrls":["https://static.chemistwarehouse.com.au/ams/media/pi/82496/3DF_800.jpg"],"storeId":"chemist-warehouse","packageSize":"","cupPrice":"","categoryIds":["cw-personal-care/cw-oral-hygiene-and-dental-care"],"locations":{"ALL":{"price":5.99,"discountRate":50,"promo":"","orgPrice":11.99}},"similarProducts":[]},{"id":"cw-90696","name":"Colgate ProClinical 250R Charcoal Rechargeable Electric Toothbrush with 2 Brush heads","brand":"Colgate","imageUrls":["https://static.chemistwarehouse.com.au/ams/media/pi/90696/3DF_800.jpg"],"storeId":"chemist-warehouse","packageSize":"","cupPrice":"","categoryIds":["cw-personal-care/cw-oral-hygiene-and-dental-care"],"locations":{"ALL":{"price":24.99,"discountRate":50,"promo":"","orgPrice":49.99}},"similarProducts":[]},{"id":"cw-44506","name":"Oral B Toothbrush Stages 3 5-7 years","brand":"Oral B","imageUrls":["https://static.chemistwarehouse.com.au/ams/media/pi/44506/2DF_800.jpg"],"storeId":"chemist-warehouse","packageSize":"","cupPrice":"","categoryIds":["cw-personal-care/cw-oral-hygiene-and-dental-care"],"locations":{"ALL":{"price":1.99,"discountRate":50,"promo":"","orgPrice":3.99}},"similarProducts":[]},{"id":"cw-63414","name":"Colgate 360 Optic White Power toothbrush Medium with vibrating & polishing bristles","brand":"Colgate","imageUrls":["https://static.chemistwarehouse.com.au/ams/media/pi/63414/2DF_800.jpg"],"storeId":"chemist-warehouse","packageSize":"","cupPrice":"","categoryIds":["cw-personal-care/cw-oral-hygiene-and-dental-care"],"locations":{"ALL":{"price":3.99,"discountRate":50,"promo":"","orgPrice":7.99}},"similarProducts":[]},{"id":"cw-82498","name":"Colgate Sensitive ProRelief Smart White Sensitive Teeth Pain fluoride Toothpaste 110g","brand":"Colgate","imageUrls":["https://static.chemistwarehouse.com.au/ams/media/pi/82498/3DF_800.jpg"],"storeId":"chemist-warehouse","packageSize":"","cupPrice":"","categoryIds":["cw-personal-care/cw-oral-hygiene-and-dental-care"],"locations":{"ALL":{"price":5.99,"discountRate":50,"promo":"","orgPrice":11.99}},"similarProducts":[]},{"id":"cw-78429","name":"Colgate 360 Optic White Platinum with 2 whitening actions Toothbrush Soft Value 2-Pack","brand":"Colgate","imageUrls":["https://static.chemistwarehouse.com.au/ams/media/pi/78429/2DF_800.jpg"],"storeId":"chemist-warehouse","packageSize":"","cupPrice":"","categoryIds":["cw-personal-care/cw-oral-hygiene-and-dental-care"],"locations":{"ALL":{"price":4.99,"discountRate":50,"promo":"","orgPrice":9.99}},"similarProducts":[]},{"id":"cw-98783","name":"Colgate Plax Ice Fusion alcohol free Antibacterial Mouthwash Wintermint 500mL","brand":"Colgate","imageUrls":["https://static.chemistwarehouse.com.au/ams/media/pi/98783/2DF_800.jpg"],"storeId":"chemist-warehouse","packageSize":"","cupPrice":"","categoryIds":["cw-personal-care/cw-oral-hygiene-and-dental-care"],"locations":{"ALL":{"price":3.49,"discountRate":50,"promo":"","orgPrice":6.99}},"similarProducts":[]},{"id":"cw-90697","name":"Colgate ProClinical 250R Deep Clean Rechargeable Electric Toothbrush with 2 Brush Heads","brand":"Colgate","imageUrls":["https://static.chemistwarehouse.com.au/ams/media/pi/90697/3DF_800.jpg"],"storeId":"chemist-warehouse","packageSize":"","cupPrice":"","categoryIds":["cw-personal-care/cw-oral-hygiene-and-dental-care"],"locations":{"ALL":{"price":24.99,"discountRate":50,"promo":"","orgPrice":49.99}},"similarProducts":[]},{"id":"cw-93906","name":"Colgate Optic White Mouth Rinse 500ml","brand":"Colgate","imageUrls":["https://static.chemistwarehouse.com.au/ams/media/pi/93906/2DF_800.jpg"],"storeId":"chemist-warehouse","packageSize":"","cupPrice":"","categoryIds":["cw-personal-care/cw-oral-hygiene-and-dental-care"],"locations":{"ALL":{"price":3.49,"discountRate":50,"promo":"","orgPrice":6.99}},"similarProducts":[]},{"id":"cw-63413","name":"Colgate 360 Optic White Powered Toothbrush Soft with vibrating & polishing bristles","brand":"Colgate","imageUrls":["https://static.chemistwarehouse.com.au/ams/media/pi/63413/2DF_800.jpg"],"storeId":"chemist-warehouse","packageSize":"","cupPrice":"","categoryIds":["cw-personal-care/cw-oral-hygiene-and-dental-care"],"locations":{"ALL":{"price":3.99,"discountRate":50,"promo":"","orgPrice":7.99}},"similarProducts":[]},{"id":"cw-67672","name":"Colgate Plax Mouthwash Freshmint 250ml","brand":"Colgate","imageUrls":["https://static.chemistwarehouse.com.au/ams/media/pi/67672/2DF_800.jpg"],"storeId":"chemist-warehouse","packageSize":"","cupPrice":"","categoryIds":["cw-personal-care/cw-oral-hygiene-and-dental-care"],"locations":{"ALL":{"price":1.99,"discountRate":50,"promo":"","orgPrice":3.99}},"similarProducts":[]},{"id":"cw-44504","name":"Oral B Toothbrush Stages 1 4-24months","brand":"Oral B","imageUrls":["https://static.chemistwarehouse.com.au/ams/media/pi/44504/2DF_800.jpg"],"storeId":"chemist-warehouse","packageSize":"","cupPrice":"","categoryIds":["cw-personal-care/cw-oral-hygiene-and-dental-care"],"locations":{"ALL":{"price":1.99,"discountRate":50,"promo":"","orgPrice":3.99}},"similarProducts":[]},{"id":"cw-98784","name":"Colgate Plax Ice Fusion alcohol free Antibacterial Mouthwash Cold Mint 500mL","brand":"Colgate","imageUrls":["https://static.chemistwarehouse.com.au/ams/media/pi/98784/2DF_800.jpg"],"storeId":"chemist-warehouse","packageSize":"","cupPrice":"","categoryIds":["cw-personal-care/cw-oral-hygiene-and-dental-care"],"locations":{"ALL":{"price":3.49,"discountRate":50,"promo":"","orgPrice":6.99}},"similarProducts":[]},{"id":"cw-78430","name":"Colgate 360 Optic White Platinum with 2 whitening actions Toothbrush Medium Value 2-Pack","brand":"Colgate","imageUrls":["https://static.chemistwarehouse.com.au/ams/media/pi/78430/2DF_800.jpg"],"storeId":"chemist-warehouse","packageSize":"","cupPrice":"","categoryIds":["cw-personal-care/cw-oral-hygiene-and-dental-care"],"locations":{"ALL":{"price":4.99,"discountRate":50,"promo":"","orgPrice":9.99}},"similarProducts":[]},{"id":"cw-44507","name":"Oral B Toothbrush Stages 4 8+ years","brand":"Oral B","imageUrls":["https://static.chemistwarehouse.com.au/ams/media/pi/44507/2DF_800.jpg"],"storeId":"chemist-warehouse","packageSize":"","cupPrice":"","categoryIds":["cw-personal-care/cw-oral-hygiene-and-dental-care"],"locations":{"ALL":{"price":1.99,"discountRate":50,"promo":"","orgPrice":3.99}},"similarProducts":[]},{"id":"cw-98777","name":"Colgate ProClinical 500R Whitening Electric Rechargeable Toothbrush","brand":"Colgate","imageUrls":["https://static.chemistwarehouse.com.au/ams/media/pi/98777/3DF_800.jpg"],"storeId":"chemist-warehouse","packageSize":"","cupPrice":"","categoryIds":["cw-personal-care/cw-oral-hygiene-and-dental-care"],"locations":{"ALL":{"price":34.99,"discountRate":50,"promo":"","orgPrice":69.99}},"similarProducts":[]},{"id":"cw-91928","name":"Colgate Toothbrush Twister Fresh Soft","brand":"Colgate","imageUrls":["https://static.chemistwarehouse.com.au/ams/media/pi/91928/2DF_800.jpg"],"storeId":"chemist-warehouse","packageSize":"","cupPrice":"","categoryIds":["cw-personal-care/cw-oral-hygiene-and-dental-care"],"locations":{"ALL":{"price":1.99,"discountRate":50,"promo":"","orgPrice":3.99}},"similarProducts":[]},{"id":"cw-82489","name":"Colgate 360 Advanced active plaque removal Toothbrush Medium","brand":"Colgate","imageUrls":["https://static.chemistwarehouse.com.au/ams/media/pi/82489/2DF_800.jpg"],"storeId":"chemist-warehouse","packageSize":"","cupPrice":"","categoryIds":["cw-personal-care/cw-oral-hygiene-and-dental-care"],"locations":{"ALL":{"price":2.99,"discountRate":50,"promo":"","orgPrice":5.99}},"similarProducts":[]},{"id":"cw-86406","name":"Colgate Pro Clinical 150 Battery Power Sonic Toothbrush with Soft bristles 1 Pack","brand":"Colgate","imageUrls":["https://static.chemistwarehouse.com.au/ams/media/pi/86406/3DF_800.jpg"],"storeId":"chemist-warehouse","packageSize":"","cupPrice":"","categoryIds":["cw-personal-care/cw-oral-hygiene-and-dental-care"],"locations":{"ALL":{"price":14.99,"discountRate":50,"promo":"","orgPrice":29.99}},"similarProducts":[]},{"id":"cw-82490","name":"Colgate 360 Advanced active plaque removal Toothbrush Soft","brand":"Colgate","imageUrls":["https://static.chemistwarehouse.com.au/ams/media/pi/82490/2DF_800.jpg"],"storeId":"chemist-warehouse","packageSize":"","cupPrice":"","categoryIds":["cw-personal-care/cw-oral-hygiene-and-dental-care"],"locations":{"ALL":{"price":2.99,"discountRate":50,"promo":"","orgPrice":5.99}},"similarProducts":[]},{"id":"cw-98778","name":"Colgate ProClinical 500R Sensitive Electric Rechargeable Toothbrush","brand":"Colgate","imageUrls":["https://static.chemistwarehouse.com.au/ams/media/pi/98778/3DF_800.jpg"],"storeId":"chemist-warehouse","packageSize":"","cupPrice":"","categoryIds":["cw-personal-care/cw-oral-hygiene-and-dental-care"],"locations":{"ALL":{"price":34.99,"discountRate":50,"promo":"","orgPrice":69.99}},"similarProducts":[]},{"id":"cw-81664","name":"ModelCo Tan Airbrush in a Can 90g","brand":"ModelCo","imageUrls":["https://static.chemistwarehouse.com.au/ams/media/pi/81664/F2D_800.jpg"],"storeId":"chemist-warehouse","packageSize":"","cupPrice":"","categoryIds":["cw-personal-care/cw-sun-care"],"locations":{"ALL":{"price":6.99,"discountRate":53,"promo":"","orgPrice":15}},"similarProducts":[]},{"id":"cw-84915","name":"Le Tan Uber Dark Oil No SPF 120ml","brand":"Le Tan","imageUrls":["https://static.chemistwarehouse.com.au/ams/media/pi/84915/F2D_800.jpg"],"storeId":"chemist-warehouse","packageSize":"","cupPrice":"","categoryIds":["cw-personal-care/cw-sun-care"],"locations":{"ALL":{"price":3,"discountRate":75,"promo":"","orgPrice":11.99}},"similarProducts":[]},{"id":"cw-84867","name":"Le Tan Cool It Aloe Vera After Sun Face Mask","brand":"Le Tan","imageUrls":["https://static.chemistwarehouse.com.au/ams/media/pi/84867/F2D_800.jpg"],"storeId":"chemist-warehouse","packageSize":"","cupPrice":"","categoryIds":["cw-personal-care/cw-sun-care"],"locations":{"ALL":{"price":4,"discountRate":50,"promo":"","orgPrice":7.99}},"similarProducts":[]},{"id":"cw-89167","name":"2XP Re+Fresh Sunscreen Remover Wipes 80","brand":"2XP","imageUrls":["https://static.chemistwarehouse.com.au/ams/media/pi/89167/F2D_800.jpg"],"storeId":"chemist-warehouse","packageSize":"","cupPrice":"","categoryIds":["cw-personal-care/cw-sun-care"],"locations":{"ALL":{"price":2.49,"discountRate":50,"promo":"","orgPrice":4.99}},"similarProducts":[]},{"id":"cw-80244","name":"Cancer Council SPF 50+ Classic Skin Tone Zinc Stick 12g","brand":"Cancer Council","imageUrls":["https://static.chemistwarehouse.com.au/ams/media/pi/80244/F2D_800.jpg"],"storeId":"chemist-warehouse","packageSize":"","cupPrice":"","categoryIds":["cw-personal-care/cw-sun-care"],"locations":{"ALL":{"price":5,"discountRate":54,"promo":"","orgPrice":10.95}},"similarProducts":[]},{"id":"cw-80245","name":"Cancer Council SPF 50+ Classic White Zinc Stick 12g","brand":"Cancer Council","imageUrls":["https://static.chemistwarehouse.com.au/ams/media/pi/80245/F2D_800.jpg"],"storeId":"chemist-warehouse","packageSize":"","cupPrice":"","categoryIds":["cw-personal-care/cw-sun-care"],"locations":{"ALL":{"price":5,"discountRate":54,"promo":"","orgPrice":10.95}},"similarProducts":[]},{"id":"cw-85003","name":"Elyptol Antimicrobial Hand Sanitiser Rub 60ml","brand":"Elyptol","imageUrls":["https://static.chemistwarehouse.com.au/ams/media/pi/85003/F2D_800.jpg"],"storeId":"chemist-warehouse","packageSize":"","cupPrice":"","categoryIds":["cw-personal-care/cw-hand-and-body"],"locations":{"ALL":{"price":3.99,"discountRate":53,"promo":"","orgPrice":8.49}},"similarProducts":[]},{"id":"cw-91078","name":"Love Beauty Planet Argan Oil & Lavendar Body Lotion 400ml","brand":"Love Beauty Planet","imageUrls":["https://static.chemistwarehouse.com.au/ams/media/pi/91078/2DF_800.jpg"],"storeId":"chemist-warehouse","packageSize":"","cupPrice":"","categoryIds":["cw-personal-care/cw-hand-and-body"],"locations":{"ALL":{"price":6,"discountRate":57,"promo":"","orgPrice":13.99}},"similarProducts":[]},{"id":"cw-91080","name":"Love Beauty Planet Coconut Water & Mimosa Flower Body Lotion 400ml","brand":"Love Beauty Planet","imageUrls":["https://static.chemistwarehouse.com.au/ams/media/pi/91080/2DF_800.jpg"],"storeId":"chemist-warehouse","packageSize":"","cupPrice":"","categoryIds":["cw-personal-care/cw-hand-and-body"],"locations":{"ALL":{"price":6.5,"discountRate":54,"promo":"","orgPrice":13.99}},"similarProducts":[]},{"id":"cw-91082","name":"Love Beauty Planet Murumuru Butter & Rose Body Lotion 400ml","brand":"Love Beauty Planet","imageUrls":["https://static.chemistwarehouse.com.au/ams/media/pi/91082/2DF_800.jpg"],"storeId":"chemist-warehouse","packageSize":"","cupPrice":"","categoryIds":["cw-personal-care/cw-hand-and-body"],"locations":{"ALL":{"price":6.5,"discountRate":54,"promo":"","orgPrice":13.99}},"similarProducts":[]},{"id":"cw-51562","name":"Palmolive Naturals Revitalising Soap free Body Wash Peach & Rose 500mL","brand":"Palmolive","imageUrls":["https://static.chemistwarehouse.com.au/ams/media/pi/51562/2DF_800.jpg"],"storeId":"chemist-warehouse","packageSize":"","cupPrice":"","categoryIds":["cw-personal-care/cw-hand-and-body"],"locations":{"ALL":{"price":2.5,"discountRate":58,"promo":"","orgPrice":5.99}},"similarProducts":[]},{"id":"cw-70247","name":"Cussons Imperial Leather Soap Twin Pack","brand":"","imageUrls":[],"storeId":"chemist-warehouse","packageSize":"","cupPrice":"","categoryIds":["cw-personal-care/cw-hand-and-body"],"locations":{"ALL":{"price":1,"discountRate":50,"promo":"","orgPrice":1.99}},"similarProducts":[]},{"id":"cw-89463","name":"Cold Power Sensitive Liquid 1 Litre","brand":"Cold Power","imageUrls":["https://static.chemistwarehouse.com.au/ams/media/pi/89463/2DF_800.jpg"],"storeId":"chemist-warehouse","packageSize":"","cupPrice":"","categoryIds":["cw-personal-care/cw-household"],"locations":{"ALL":{"price":5,"discountRate":50,"promo":"","orgPrice":9.99}},"similarProducts":[]},{"id":"cw-89462","name":"Cold Power Sensitive Powder 1kg","brand":"Cold Power","imageUrls":["https://static.chemistwarehouse.com.au/ams/media/pi/89462/3DF_800.jpg"],"storeId":"chemist-warehouse","packageSize":"","cupPrice":"","categoryIds":["cw-personal-care/cw-household"],"locations":{"ALL":{"price":5,"discountRate":50,"promo":"","orgPrice":9.99}},"similarProducts":[]},{"id":"cw-87587","name":"Radiant Laundry Powder Brilliant Whites Sharper Colours 1.25kg","brand":"Radiant","imageUrls":["https://static.chemistwarehouse.com.au/ams/media/pi/87587/F2D_800.jpg"],"storeId":"chemist-warehouse","packageSize":"","cupPrice":"","categoryIds":["cw-personal-care/cw-household"],"locations":{"ALL":{"price":6,"discountRate":50,"promo":"","orgPrice":11.99}},"similarProducts":[]},{"id":"cw-94769","name":"Rexona for Men Antiperspirant Advanced Sport 220ml","brand":"Rexona","imageUrls":["https://static.chemistwarehouse.com.au/ams/media/pi/94769/F2D_800.jpg"],"storeId":"chemist-warehouse","packageSize":"","cupPrice":"","categoryIds":["cw-personal-care/cw-deodorants"],"locations":{"ALL":{"price":3.74,"discountRate":50,"promo":"","orgPrice":7.5}},"similarProducts":[]},{"id":"cw-64545","name":"REXONA Women Antiperspirant Roll On Deodorant Sexy Bouquet 50ml","brand":"Rexona","imageUrls":["https://static.chemistwarehouse.com.au/ams/media/pi/64545/2DF_800.jpg"],"storeId":"chemist-warehouse","packageSize":"","cupPrice":"","categoryIds":["cw-personal-care/cw-deodorants"],"locations":{"ALL":{"price":2.09,"discountRate":50,"promo":"","orgPrice":4.2}},"similarProducts":[]},{"id":"cw-80162","name":"REXONA Men Antiperspirant Aerosol Deodorant Sport 150ml","brand":"Rexona","imageUrls":["https://static.chemistwarehouse.com.au/ams/media/pi/80162/2DF_800.jpg"],"storeId":"chemist-warehouse","packageSize":"","cupPrice":"","categoryIds":["cw-personal-care/cw-deodorants"],"locations":{"ALL":{"price":2.49,"discountRate":50,"promo":"","orgPrice":4.99}},"similarProducts":[]},{"id":"cw-94775","name":"Rexona for Women Antiperspirant Advanced Invisible Fresh 220ml","brand":"Rexona","imageUrls":["https://static.chemistwarehouse.com.au/ams/media/pi/94775/F2D_800.jpg"],"storeId":"chemist-warehouse","packageSize":"","cupPrice":"","categoryIds":["cw-personal-care/cw-deodorants"],"locations":{"ALL":{"price":3.74,"discountRate":50,"promo":"","orgPrice":7.5}},"similarProducts":[]},{"id":"cw-94776","name":"Rexona for Women Antiperspirant Advanced Shower Fresh 220ml","brand":"Rexona","imageUrls":["https://static.chemistwarehouse.com.au/ams/media/pi/94776/F2D_800.jpg"],"storeId":"chemist-warehouse","packageSize":"","cupPrice":"","categoryIds":["cw-personal-care/cw-deodorants"],"locations":{"ALL":{"price":3.74,"discountRate":50,"promo":"","orgPrice":7.5}},"similarProducts":[]},{"id":"cw-78235","name":"Rexona for Women Antiperspirant Deodorant Stick Shower Fresh 42ml","brand":"Rexona","imageUrls":["https://static.chemistwarehouse.com.au/ams/media/pi/78235/2DF_800.jpg"],"storeId":"chemist-warehouse","packageSize":"","cupPrice":"","categoryIds":["cw-personal-care/cw-deodorants"],"locations":{"ALL":{"price":2.24,"discountRate":50,"promo":"","orgPrice":4.49}},"similarProducts":[]},{"id":"cw-94771","name":"Rexona for Men Antiperspirant Advanced Invisible Black + White 220ml","brand":"Rexona","imageUrls":["https://static.chemistwarehouse.com.au/ams/media/pi/94771/F2D_800.jpg"],"storeId":"chemist-warehouse","packageSize":"","cupPrice":"","categoryIds":["cw-personal-care/cw-deodorants"],"locations":{"ALL":{"price":3.74,"discountRate":50,"promo":"","orgPrice":7.5}},"similarProducts":[]},{"id":"cw-94772","name":"Rexona for Men Antiperspirant Advanced Workout 220ml","brand":"Rexona","imageUrls":["https://static.chemistwarehouse.com.au/ams/media/pi/94772/F2D_800.jpg"],"storeId":"chemist-warehouse","packageSize":"","cupPrice":"","categoryIds":["cw-personal-care/cw-deodorants"],"locations":{"ALL":{"price":3.74,"discountRate":50,"promo":"","orgPrice":7.5}},"similarProducts":[]},{"id":"cw-95011","name":"Sukin Natural Deodorant Fresh Cotton 125ml","brand":"Sukin","imageUrls":["https://static.chemistwarehouse.com.au/ams/media/pi/95011/F2D_800.jpg"],"storeId":"chemist-warehouse","packageSize":"","cupPrice":"","categoryIds":["cw-personal-care/cw-deodorants"],"locations":{"ALL":{"price":3.47,"discountRate":50,"promo":"","orgPrice":6.95}},"similarProducts":[]},{"id":"cw-7447","name":"REXONA Men Antiperspirant Roll On Deodorant Sport 50ml","brand":"Rexona","imageUrls":["https://static.chemistwarehouse.com.au/ams/media/pi/7447/2DF_800.jpg"],"storeId":"chemist-warehouse","packageSize":"","cupPrice":"","categoryIds":["cw-personal-care/cw-deodorants"],"locations":{"ALL":{"price":2.09,"discountRate":50,"promo":"","orgPrice":4.2}},"similarProducts":[]},{"id":"cw-7443","name":"REXONA Women Antiperspirant Roll On Deodorant Classic 50ml","brand":"Rexona","imageUrls":["https://static.chemistwarehouse.com.au/ams/media/pi/7443/2DF_800.jpg"],"storeId":"chemist-warehouse","packageSize":"","cupPrice":"","categoryIds":["cw-personal-care/cw-deodorants"],"locations":{"ALL":{"price":2.09,"discountRate":50,"promo":"","orgPrice":4.2}},"similarProducts":[]},{"id":"cw-94773","name":"Rexona for Men Antiperspirant Advanced Xtra Cool 220ml","brand":"Rexona","imageUrls":["https://static.chemistwarehouse.com.au/ams/media/pi/94773/F2D_800.jpg"],"storeId":"chemist-warehouse","packageSize":"","cupPrice":"","categoryIds":["cw-personal-care/cw-deodorants"],"locations":{"ALL":{"price":3.74,"discountRate":50,"promo":"","orgPrice":7.5}},"similarProducts":[]},{"id":"cw-79629","name":"REXONA Men Antiperspirant Deodorant Stick Sport 42g","brand":"Rexona","imageUrls":["https://static.chemistwarehouse.com.au/ams/media/pi/79629/2DF_800.jpg"],"storeId":"chemist-warehouse","packageSize":"","cupPrice":"","categoryIds":["cw-personal-care/cw-deodorants"],"locations":{"ALL":{"price":2.49,"discountRate":50,"promo":"","orgPrice":4.99}},"similarProducts":[]},{"id":"cw-44351","name":"REXONA Women Antiperspirant Roll On Deodorant Shower Fresh 50ml","brand":"Rexona","imageUrls":["https://static.chemistwarehouse.com.au/ams/media/pi/44351/2DF_800.jpg"],"storeId":"chemist-warehouse","packageSize":"","cupPrice":"","categoryIds":["cw-personal-care/cw-deodorants"],"locations":{"ALL":{"price":2.09,"discountRate":50,"promo":"","orgPrice":4.2}},"similarProducts":[]},{"id":"cw-85618","name":"Rexona For Women Stick Invisible Dry 42mL","brand":"Rexona","imageUrls":["https://static.chemistwarehouse.com.au/ams/media/pi/85618/2DF_800.jpg"],"storeId":"chemist-warehouse","packageSize":"","cupPrice":"","categoryIds":["cw-personal-care/cw-deodorants"],"locations":{"ALL":{"price":2.24,"discountRate":50,"promo":"","orgPrice":4.49}},"similarProducts":[]},{"id":"cw-80163","name":"REXONA Men Antiperspirant Aerosol Deodorant Original 150ml","brand":"Rexona","imageUrls":["https://static.chemistwarehouse.com.au/ams/media/pi/80163/2DF_800.jpg"],"storeId":"chemist-warehouse","packageSize":"","cupPrice":"","categoryIds":["cw-personal-care/cw-deodorants"],"locations":{"ALL":{"price":2.49,"discountRate":50,"promo":"","orgPrice":4.99}},"similarProducts":[]},{"id":"cw-94780","name":"Rexona for Men Antiperspirant Advanced Quantum Dry 220ml","brand":"Rexona","imageUrls":["https://static.chemistwarehouse.com.au/ams/media/pi/94780/F2D_800.jpg"],"storeId":"chemist-warehouse","packageSize":"","cupPrice":"","categoryIds":["cw-personal-care/cw-deodorants"],"locations":{"ALL":{"price":3.74,"discountRate":50,"promo":"","orgPrice":7.5}},"similarProducts":[]},{"id":"cw-7446","name":"REXONA Men Antiperspirant Roll On Deodorant Original 50ml","brand":"Rexona","imageUrls":["https://static.chemistwarehouse.com.au/ams/media/pi/7446/2DF_800.jpg"],"storeId":"chemist-warehouse","packageSize":"","cupPrice":"","categoryIds":["cw-personal-care/cw-deodorants"],"locations":{"ALL":{"price":2.09,"discountRate":50,"promo":"","orgPrice":4.2}},"similarProducts":[]},{"id":"cw-75954","name":"REXONA Women Antiperspirant Roll On Deodorant Invisible Dry Black+White 50ml","brand":"Rexona","imageUrls":["https://static.chemistwarehouse.com.au/ams/media/pi/75954/2DF_800.jpg"],"storeId":"chemist-warehouse","packageSize":"","cupPrice":"","categoryIds":["cw-personal-care/cw-deodorants"],"locations":{"ALL":{"price":2.09,"discountRate":50,"promo":"","orgPrice":4.2}},"similarProducts":[]},{"id":"cw-94781","name":"Rexona for Men Antiperspirant Advanced Invisible Ice Fresh 220ml","brand":"Rexona","imageUrls":["https://static.chemistwarehouse.com.au/ams/media/pi/94781/F2D_800.jpg"],"storeId":"chemist-warehouse","packageSize":"","cupPrice":"","categoryIds":["cw-personal-care/cw-deodorants"],"locations":{"ALL":{"price":3.74,"discountRate":50,"promo":"","orgPrice":7.5}},"similarProducts":[]},{"id":"cw-85617","name":"Rexona For Men Stick Invisible Dry 52mL","brand":"Rexona","imageUrls":["https://static.chemistwarehouse.com.au/ams/media/pi/85617/2DF_800.jpg"],"storeId":"chemist-warehouse","packageSize":"","cupPrice":"","categoryIds":["cw-personal-care/cw-deodorants"],"locations":{"ALL":{"price":2.49,"discountRate":50,"promo":"","orgPrice":4.99}},"similarProducts":[]},{"id":"cw-94778","name":"Rexona for Women Antiperspirant Advanced Sport 220ml","brand":"Rexona","imageUrls":["https://static.chemistwarehouse.com.au/ams/media/pi/94778/F2D_800.jpg"],"storeId":"chemist-warehouse","packageSize":"","cupPrice":"","categoryIds":["cw-personal-care/cw-deodorants"],"locations":{"ALL":{"price":3.74,"discountRate":50,"promo":"","orgPrice":7.5}},"similarProducts":[]},{"id":"cw-94779","name":"Rexona for Women Antiperspirant Advanced Invisible Pure 220ml","brand":"Rexona","imageUrls":["https://static.chemistwarehouse.com.au/ams/media/pi/94779/F2D_800.jpg"],"storeId":"chemist-warehouse","packageSize":"","cupPrice":"","categoryIds":["cw-personal-care/cw-deodorants"],"locations":{"ALL":{"price":3.74,"discountRate":50,"promo":"","orgPrice":7.5}},"similarProducts":[]},{"id":"cw-94770","name":"Rexona for Women Antiperspirant Advanced Active 220ml","brand":"Rexona","imageUrls":["https://static.chemistwarehouse.com.au/ams/media/pi/94770/F2D_800.jpg"],"storeId":"chemist-warehouse","packageSize":"","cupPrice":"","categoryIds":["cw-personal-care/cw-deodorants"],"locations":{"ALL":{"price":3.74,"discountRate":50,"promo":"","orgPrice":7.5}},"similarProducts":[]},{"id":"cw-82767","name":"Rexona for Women Antiperspirant Spray Sexy Bouquet 50ml","brand":"Rexona","imageUrls":["https://static.chemistwarehouse.com.au/ams/media/pi/82767/2DF_800.jpg"],"storeId":"chemist-warehouse","packageSize":"","cupPrice":"","categoryIds":["cw-personal-care/cw-deodorants"],"locations":{"ALL":{"price":1.91,"discountRate":50,"promo":"","orgPrice":3.84}},"similarProducts":[]},{"id":"cw-79628","name":"Rexona for Men Antiperspirant Antibacterial Defence Roll On 50ml","brand":"Rexona","imageUrls":["https://static.chemistwarehouse.com.au/ams/media/pi/79628/2DF_800.jpg"],"storeId":"chemist-warehouse","packageSize":"","cupPrice":"","categoryIds":["cw-personal-care/cw-deodorants"],"locations":{"ALL":{"price":2.09,"discountRate":50,"promo":"","orgPrice":4.2}},"similarProducts":[]},{"id":"cw-86471","name":"Rexona For Women Deodorant Roll On Invisible Dry Fresh 50ml","brand":"Rexona","imageUrls":["https://static.chemistwarehouse.com.au/ams/media/pi/86471/2DF_800.jpg"],"storeId":"chemist-warehouse","packageSize":"","cupPrice":"","categoryIds":["cw-personal-care/cw-deodorants"],"locations":{"ALL":{"price":2.09,"discountRate":50,"promo":"","orgPrice":4.2}},"similarProducts":[]},{"id":"cw-86473","name":"Rexona For Men Antiperspirant Deodorant Roll On Invisible Dry Ice Fresh 50ml","brand":"Rexona","imageUrls":["https://static.chemistwarehouse.com.au/ams/media/pi/86473/2DF_800.jpg"],"storeId":"chemist-warehouse","packageSize":"","cupPrice":"","categoryIds":["cw-personal-care/cw-deodorants"],"locations":{"ALL":{"price":2.09,"discountRate":50,"promo":"","orgPrice":4.2}},"similarProducts":[]},{"id":"cw-94774","name":"Rexona for Women Antiperspirant Advanced Bright Bouquet 220ml","brand":"Rexona","imageUrls":["https://static.chemistwarehouse.com.au/ams/media/pi/94774/F2D_800.jpg"],"storeId":"chemist-warehouse","packageSize":"","cupPrice":"","categoryIds":["cw-personal-care/cw-deodorants"],"locations":{"ALL":{"price":3.74,"discountRate":50,"promo":"","orgPrice":7.5}},"similarProducts":[]},{"id":"cw-72736","name":"Tabac Deodorant Spray","brand":"Tabac","imageUrls":["https://static.chemistwarehouse.com.au/ams/media/pi/72736/F2D_800.jpg"],"storeId":"chemist-warehouse","packageSize":"","cupPrice":"","categoryIds":["cw-personal-care/cw-deodorants"],"locations":{"ALL":{"price":4.99,"discountRate":74,"promo":"","orgPrice":19}},"similarProducts":[]},{"id":"cw-65839","name":"Rexona for Men Antiperspirant Spray 50ml","brand":"Rexona","imageUrls":["https://static.chemistwarehouse.com.au/ams/media/pi/65839/2DF_800.jpg"],"storeId":"chemist-warehouse","packageSize":"","cupPrice":"","categoryIds":["cw-personal-care/cw-deodorants"],"locations":{"ALL":{"price":1.91,"discountRate":50,"promo":"","orgPrice":3.84}},"similarProducts":[]},{"id":"cw-94777","name":"Rexona for Men Antiperspirant Advanced Sport Fresh 220ml","brand":"Rexona","imageUrls":["https://static.chemistwarehouse.com.au/ams/media/pi/94777/F2D_800.jpg"],"storeId":"chemist-warehouse","packageSize":"","cupPrice":"","categoryIds":["cw-personal-care/cw-deodorants"],"locations":{"ALL":{"price":3.74,"discountRate":50,"promo":"","orgPrice":7.5}},"similarProducts":[]},{"id":"cw-67417","name":"Adidas Body Spray Ice Dive 150ml","brand":"Adidas","imageUrls":["https://static.chemistwarehouse.com.au/ams/media/pi/67417/F2D_800.jpg"],"storeId":"chemist-warehouse","packageSize":"","cupPrice":"","categoryIds":["cw-personal-care/cw-deodorants"],"locations":{"ALL":{"price":4.99,"discountRate":50,"promo":"","orgPrice":9.99}},"similarProducts":[]},{"id":"cw-67421","name":"Adidas Body Spray Pure Game 150ml","brand":"Adidas","imageUrls":["https://static.chemistwarehouse.com.au/ams/media/pi/67421/F2D_800.jpg"],"storeId":"chemist-warehouse","packageSize":"","cupPrice":"","categoryIds":["cw-personal-care/cw-deodorants"],"locations":{"ALL":{"price":4.99,"discountRate":50,"promo":"","orgPrice":9.99}},"similarProducts":[]},{"id":"cw-68967","name":"Surgipack TraxIt Wearable Underarm Thermometer 4 Pack","brand":"","imageUrls":["https://static.chemistwarehouse.com.au/ams/media/pi/68967/F2D_800.jpg"],"storeId":"chemist-warehouse","packageSize":"","cupPrice":"","categoryIds":["cw-medical-aids/cw-thermometers"],"locations":{"ALL":{"price":4,"discountRate":58,"promo":"","orgPrice":9.5}},"similarProducts":[]}],"categories":[{"id":"cw-health","name":"Health","subCategories":[{"id":"cw-vitamins","name":"Vitamins"},{"id":"cw-weight-loss","name":"Weight Loss"},{"id":"cw-sports-nutrition","name":"Sports Nutrition"},{"id":"cw-miscellaneous","name":"Miscellaneous"}]},{"id":"cw-beauty","name":"Beauty","subCategories":[{"id":"cw-skin-care","name":"Skin Care"},{"id":"cw-fragrances","name":"Fragrances"},{"id":"cw-cosmetics","name":"Cosmetics"}]},{"id":"cw-personal-care","name":"Personal Care","subCategories":[{"id":"cw-hand-and-body","name":"Hand and Body"},{"id":"cw-baby-care","name":"Baby Care"},{"id":"cw-sexual-health","name":"Sexual Health"},{"id":"cw-feminine-hygiene","name":"Feminine Hygiene"},{"id":"cw-foot-care","name":"Foot Care"},{"id":"cw-hair-care","name":"Hair Care"},{"id":"cw-men's-toiletries","name":"Men's Toiletries"},{"id":"cw-oral-hygiene-and-dental-care","name":"Oral Hygiene and Dental Care"},{"id":"cw-sun-care","name":"Sun Care"},{"id":"cw-household","name":"Household"},{"id":"cw-deodorants","name":"Deodorants"}]},{"id":"cw-medicines","name":"Medicines","subCategories":[{"id":"cw-first-aid","name":"First Aid"},{"id":"cw-laxatives","name":"Laxatives"},{"id":"cw-eye-care-and-treatments","name":"Eye Care and Treatments"},{"id":"cw-miscellaneous-medicines","name":"Miscellaneous Medicines"},{"id":"cw-analgesics","name":"Analgesics"},{"id":"cw-travel","name":"Travel"},{"id":"cw-low-dose-aspirin","name":"Low Dose Aspirin"},{"id":"cw-cold-flu","name":"Cold & Flu"},{"id":"cw-coughs","name":"Coughs"},{"id":"cw-essential-oils","name":"Essential Oils"}]},{"id":"cw-medical-aids","name":"Medical Aids","subCategories":[{"id":"cw-thermometers","name":"Thermometers"}]}]}}}