{
  "version": {
    "upload-date": "20/07/2020",
    "from-date": "15/07/2020",
    "to-date": "21/07/2020"
  },
  "products": [
    {
      "id": "w-767532-9343079000139",
      "name": "Sunfresh Moroccan Couscous",
      "brand": "Sunfresh",
      "imageUrls": "https://cdn0.woolworths.media/content/wowproductimages/large/767532.jpg",
      "storeId": "woolworths",
      "packageSize": "300g",
      "cupPrice": "$1.33 / 100G",
      "locations": {
        "ALL": { "price": 4, "discountRate": 20, "promo": "", "orgPrice": 5 }
      },
      "categoryIds": [
        "w-fruit-veg",
        "w-meat-seafood-deli",
        "w-dairy-eggs-fridge"
      ],
      "similarProducts": []
    },
    {
      "id": "w-843231-0271208000004",
      "name": "Bertocchi Meaty Hock Smoked",
      "brand": "Bertocchi",
      "imageUrls": "https://cdn0.woolworths.media/content/wowproductimages/large/843231.jpg",
      "storeId": "woolworths",
      "packageSize": "800g - 1.3kg",
      "cupPrice": "$10.00 / 1KG",
      "locations": {
        "ALL": {
          "price": 13,
          "discountRate": 9,
          "promo": "",
          "orgPrice": 14.3
        }
      },
      "categoryIds": ["w-meat-seafood-deli"],
      "similarProducts": []
    },
    {
      "id": "w-353745-0271480000006",
      "name": "Bertocchi Shortcut Bacon Rashers From The Deli",
      "brand": "Bertocchi",
      "imageUrls": "https://cdn0.woolworths.media/content/wowproductimages/large/353745.jpg",
      "storeId": "woolworths",
      "packageSize": "5kg carton",
      "cupPrice": "$14.00 / 1KG",
      "locations": {
        "ALL": {
          "price": 70,
          "discountRate": 18,
          "promo": "",
          "orgPrice": 85
        }
      },
      "categoryIds": ["w-meat-seafood-deli"],
      "similarProducts": []
    },
    {
      "id": "w-346624-0271485000001",
      "name": "Bertocchi Shortcut Bacon Rashers From The Deli",
      "brand": "Bertocchi",
      "imageUrls": "https://cdn0.woolworths.media/content/wowproductimages/large/346624.jpg",
      "storeId": "woolworths",
      "packageSize": "per kg",
      "cupPrice": "$14.00 / 1KG",
      "locations": {
        "ALL": {
          "price": 14,
          "discountRate": 18,
          "promo": "",
          "orgPrice": 17
        }
      },
      "categoryIds": ["w-meat-seafood-deli"],
      "similarProducts": []
    },
    {
      "id": "w-964777-5711953036439",
      "name": "Castello Black Mellow Black",
      "brand": "Castello",
      "imageUrls": "https://cdn0.woolworths.media/content/wowproductimages/large/964777.jpg",
      "storeId": "woolworths",
      "packageSize": "150g",
      "cupPrice": "$36.67 / 1KG",
      "locations": {
        "ALL": { "price": 5.5, "discountRate": 8, "promo": "", "orgPrice": 6 }
      },
      "categoryIds": ["w-meat-seafood-deli", "w-dairy-eggs-fridge"],
      "similarProducts": []
    },
    {
      "id": "w-48824-5740200001012",
      "name": "Castello Blue Cheese Creamy",
      "brand": "Castello",
      "imageUrls": "https://cdn0.woolworths.media/content/wowproductimages/large/048824.jpg",
      "storeId": "woolworths",
      "packageSize": "150g",
      "cupPrice": "$36.67 / 1KG",
      "locations": {
        "ALL": { "price": 5.5, "discountRate": 8, "promo": "", "orgPrice": 6 }
      },
      "categoryIds": ["w-meat-seafood-deli", "w-dairy-eggs-fridge"],
      "similarProducts": []
    },
    {
      "id": "w-48920-5740200017013",
      "name": "Castello Brie Double Cream",
      "brand": "Castello",
      "imageUrls": "https://cdn0.woolworths.media/content/wowproductimages/large/048920.jpg",
      "storeId": "woolworths",
      "packageSize": "150g",
      "cupPrice": "$36.67 / 1KG",
      "locations": {
        "ALL": { "price": 5.5, "discountRate": 8, "promo": "", "orgPrice": 6 }
      },
      "categoryIds": ["w-meat-seafood-deli", "w-dairy-eggs-fridge"],
      "similarProducts": []
    },
    {
      "id": "w-706780-5711953070716",
      "name": "Castello Double Cream Chilli",
      "brand": "Castello",
      "imageUrls": "https://cdn0.woolworths.media/content/wowproductimages/large/706780.jpg",
      "storeId": "woolworths",
      "packageSize": "150g",
      "cupPrice": "$36.67 / 1KG",
      "locations": {
        "ALL": { "price": 5.5, "discountRate": 8, "promo": "", "orgPrice": 6 }
      },
      "categoryIds": ["w-meat-seafood-deli", "w-dairy-eggs-fridge"],
      "similarProducts": []
    },
    {
      "id": "w-331692-9310560016337",
      "name": "Chrystal Fresh Cheese Board Selection",
      "brand": "Chrystal Fresh",
      "imageUrls": "https://cdn0.woolworths.media/content/wowproductimages/large/331692.jpg",
      "storeId": "woolworths",
      "packageSize": "275g",
      "cupPrice": "$32.73 / 1KG",
      "locations": {
        "ALL": {
          "price": 9,
          "discountRate": 14,
          "promo": "",
          "orgPrice": 10.5
        }
      },
      "categoryIds": ["w-meat-seafood-deli", "w-dairy-eggs-fridge"],
      "similarProducts": []
    },
    {
      "id": "w-830166-9343005007034",
      "name": "Clearly Premium Smoked Salmon",
      "brand": "Clearly Premium",
      "imageUrls": "https://cdn0.woolworths.media/content/wowproductimages/large/830166.jpg",
      "storeId": "woolworths",
      "packageSize": "100g",
      "cupPrice": "$65.00 / 1KG",
      "locations": {
        "ALL": { "price": 6.5, "discountRate": 7, "promo": "", "orgPrice": 7 }
      },
      "categoryIds": ["w-meat-seafood-deli"],
      "similarProducts": []
    },
    {
      "id": "w-682911-9311482012162",
      "name": "Cracker Barrel Infused Cracked Pepper",
      "brand": "Cracker Barrel",
      "imageUrls": "https://cdn0.woolworths.media/content/wowproductimages/large/682911.jpg",
      "storeId": "woolworths",
      "packageSize": "130g",
      "cupPrice": "$30.77 / 1KG",
      "locations": {
        "ALL": {
          "price": 4,
          "discountRate": 22,
          "promo": "",
          "orgPrice": 5.15
        }
      },
      "categoryIds": ["w-meat-seafood-deli", "w-dairy-eggs-fridge"],
      "similarProducts": []
    },
    {
      "id": "w-682810-9311482012186",
      "name": "Cracker Barrel Infused Maple",
      "brand": "Cracker Barrel",
      "imageUrls": "https://cdn0.woolworths.media/content/wowproductimages/large/682810.jpg",
      "storeId": "woolworths",
      "packageSize": "130g",
      "cupPrice": "$30.77 / 1KG",
      "locations": {
        "ALL": {
          "price": 4,
          "discountRate": 22,
          "promo": "",
          "orgPrice": 5.15
        }
      },
      "categoryIds": ["w-meat-seafood-deli", "w-dairy-eggs-fridge"],
      "similarProducts": []
    },
    {
      "id": "w-682921-9311482012193",
      "name": "Cracker Barrel Infused Smoked",
      "brand": "Cracker Barrel",
      "imageUrls": "https://cdn0.woolworths.media/content/wowproductimages/large/682921.jpg",
      "storeId": "woolworths",
      "packageSize": "130g",
      "cupPrice": "$30.77 / 1KG",
      "locations": {
        "ALL": {
          "price": 4,
          "discountRate": 22,
          "promo": "",
          "orgPrice": 5.15
        }
      },
      "categoryIds": ["w-meat-seafood-deli", "w-dairy-eggs-fridge"],
      "similarProducts": []
    },
    {
      "id": "w-25425-9311482013206",
      "name": "Cracker Barrel Infused Cheddar Cheese With Jalapeno And Honeycomb",
      "brand": "Cracker Barrel",
      "imageUrls": "https://cdn0.woolworths.media/content/wowproductimages/large/025425.jpg",
      "storeId": "woolworths",
      "packageSize": "130g",
      "cupPrice": "$30.77 / 1KG",
      "locations": {
        "ALL": {
          "price": 4,
          "discountRate": 22,
          "promo": "",
          "orgPrice": 5.15
        }
      },
      "categoryIds": ["w-meat-seafood-deli", "w-dairy-eggs-fridge"],
      "similarProducts": []
    },
    {
      "id": "w-102083-9338441000985",
      "name": "Crystal Bay Australian Tiger Prawns",
      "brand": "Crystal Bay",
      "imageUrls": "https://cdn0.woolworths.media/content/wowproductimages/large/102083.jpg",
      "storeId": "woolworths",
      "packageSize": "1kg",
      "cupPrice": "$28.00 / 1KG",
      "locations": {
        "ALL": { "price": 28, "discountRate": 7, "promo": "", "orgPrice": 30 }
      },
      "categoryIds": ["w-meat-seafood-deli"],
      "similarProducts": []
    },
    {
      "id": "w-434117-9300767093903",
      "name": "D'orsogna 100% Natural Double Smoked Sliced Ham",
      "brand": "D'orsogna",
      "imageUrls": "https://cdn0.woolworths.media/content/wowproductimages/large/434117.jpg",
      "storeId": "woolworths",
      "packageSize": "200g",
      "cupPrice": "$27.50 / 1KG",
      "locations": {
        "ALL": {
          "price": 5.5,
          "discountRate": 15,
          "promo": "",
          "orgPrice": 6.5
        }
      },
      "categoryIds": ["w-meat-seafood-deli", "w-lunch-box"],
      "similarProducts": []
    },
    {
      "id": "w-434114-9300767093880",
      "name": "D'orsogna 100% Natural Premium Unsmoked Sliced Ham",
      "brand": "D'orsogna",
      "imageUrls": "https://cdn0.woolworths.media/content/wowproductimages/large/434114.jpg",
      "storeId": "woolworths",
      "packageSize": "200g",
      "cupPrice": "$27.50 / 1KG",
      "locations": {
        "ALL": {
          "price": 5.5,
          "discountRate": 15,
          "promo": "",
          "orgPrice": 6.5
        }
      },
      "categoryIds": ["w-meat-seafood-deli", "w-lunch-box"],
      "similarProducts": []
    },
    {
      "id": "w-67736-9300767081030",
      "name": "D'orsogna Flame Roasted Carolina Style Honey Mustard Shortcut Bacon",
      "brand": "D'orsogna",
      "imageUrls": "https://cdn0.woolworths.media/content/wowproductimages/large/067736.jpg",
      "storeId": "woolworths",
      "packageSize": "200g",
      "cupPrice": "$22.50 / 1KG",
      "locations": {
        "ALL": {
          "price": 4.5,
          "discountRate": 25,
          "promo": "",
          "orgPrice": 6
        }
      },
      "categoryIds": ["w-meat-seafood-deli"],
      "similarProducts": []
    },
    {
      "id": "w-67719-9300767081061",
      "name": "D'orsogna Flame Roasted Carolina Sweet Honey Mustard Ham",
      "brand": "D'orsogna",
      "imageUrls": "https://cdn0.woolworths.media/content/wowproductimages/large/067719.jpg",
      "storeId": "woolworths",
      "packageSize": "125g",
      "cupPrice": "$28.00 / 1KG",
      "locations": {
        "ALL": {
          "price": 3.5,
          "discountRate": 30,
          "promo": "",
          "orgPrice": 5
        }
      },
      "categoryIds": ["w-meat-seafood-deli"],
      "similarProducts": []
    },
    {
      "id": "w-67737-9300767081047",
      "name": "D'orsogna Flame Roasted Kansas Style Smokey Caramel Streaky Bacon",
      "brand": "D'orsogna",
      "imageUrls": "https://cdn0.woolworths.media/content/wowproductimages/large/067737.jpg",
      "storeId": "woolworths",
      "packageSize": "200g",
      "cupPrice": "$2.25 / 100G",
      "locations": {
        "ALL": {
          "price": 4.5,
          "discountRate": 25,
          "promo": "",
          "orgPrice": 6
        }
      },
      "categoryIds": ["w-meat-seafood-deli"],
      "similarProducts": []
    },
    {
      "id": "w-67733-9300767081054",
      "name": "D'orsogna Flame Roasted Pittmaster Style Traditional Smoked Ham",
      "brand": "D'orsogna",
      "imageUrls": "https://cdn0.woolworths.media/content/wowproductimages/large/067733.jpg",
      "storeId": "woolworths",
      "packageSize": "125g",
      "cupPrice": "$2.80 / 100G",
      "locations": {
        "ALL": {
          "price": 3.5,
          "discountRate": 30,
          "promo": "",
          "orgPrice": 5
        }
      },
      "categoryIds": ["w-meat-seafood-deli"],
      "similarProducts": []
    },
    {
      "id": "w-68054-9300767081078",
      "name": "D'orsogna Flame Roasted Tennesee Style Double Oak Smoked Ham",
      "brand": "D'orsogna",
      "imageUrls": "https://cdn0.woolworths.media/content/wowproductimages/large/068054.jpg",
      "storeId": "woolworths",
      "packageSize": "125g",
      "cupPrice": "$28.00 / 1KG",
      "locations": {
        "ALL": {
          "price": 3.5,
          "discountRate": 30,
          "promo": "",
          "orgPrice": 5
        }
      },
      "categoryIds": ["w-meat-seafood-deli"],
      "similarProducts": []
    },
    {
      "id": "w-620121-0278041000000",
      "name": "D'orsogna Jarrah Honey Ham Off The Bone Freshly Sliced From The Deli",
      "brand": "D'orsogna",
      "imageUrls": "https://cdn0.woolworths.media/content/wowproductimages/large/620121.jpg",
      "storeId": "woolworths",
      "packageSize": "per kg",
      "cupPrice": "$23.00 / 1KG",
      "locations": {
        "ALL": {
          "price": 23,
          "discountRate": 12,
          "promo": "",
          "orgPrice": 26
        }
      },
      "categoryIds": ["w-meat-seafood-deli", "w-lunch-box"],
      "similarProducts": []
    },
    {
      "id": "w-935656-0279129000004",
      "name": "D'orsogna Premium Ham Off The Bone Sliced From The Deli",
      "brand": "D'orsogna",
      "imageUrls": "https://cdn0.woolworths.media/content/wowproductimages/large/935656.jpg",
      "storeId": "woolworths",
      "packageSize": "per kg",
      "cupPrice": "$24.00 / 1KG",
      "locations": {
        "ALL": {
          "price": 24,
          "discountRate": 20,
          "promo": "",
          "orgPrice": 30
        }
      },
      "categoryIds": ["w-meat-seafood-deli", "w-lunch-box"],
      "similarProducts": []
    },
    {
      "id": "w-175734-0278697000003",
      "name": "D'orsogna Triple Smoked Leg Ham 97% Fat Free Shaved From The Deli",
      "brand": "D'orsogna",
      "imageUrls": "https://cdn0.woolworths.media/content/wowproductimages/large/175734.jpg",
      "storeId": "woolworths",
      "packageSize": "per kg",
      "cupPrice": "$19.00 / 1KG",
      "locations": {
        "ALL": {
          "price": 19,
          "discountRate": 14,
          "promo": "",
          "orgPrice": 22
        }
      },
      "categoryIds": ["w-meat-seafood-deli", "w-lunch-box"],
      "similarProducts": []
    },
    {
      "id": "w-162725-0277997000003",
      "name": "D'orsogna Triple Smoked Leg Ham 97% Fat Free Sliced From The Deli",
      "brand": "D'orsogna",
      "imageUrls": "https://cdn0.woolworths.media/content/wowproductimages/large/162725.jpg",
      "storeId": "woolworths",
      "packageSize": "per kg",
      "cupPrice": "$19.00 / 1KG",
      "locations": {
        "ALL": {
          "price": 19,
          "discountRate": 14,
          "promo": "",
          "orgPrice": 22
        }
      },
      "categoryIds": ["w-meat-seafood-deli", "w-lunch-box"],
      "similarProducts": []
    },
    {
      "id": "w-589727-9319232024113",
      "name": "De Costi Prawns Lemon & Garlic Butter",
      "brand": "De Costi",
      "imageUrls": "https://cdn0.woolworths.media/content/wowproductimages/large/589727.jpg",
      "storeId": "woolworths",
      "packageSize": "280g",
      "cupPrice": "$41.07 / 1KG",
      "locations": {
        "ALL": {
          "price": 11.5,
          "discountRate": 8,
          "promo": "",
          "orgPrice": 12.5
        }
      },
      "categoryIds": ["w-meat-seafood-deli"],
      "similarProducts": []
    },
    {
      "id": "w-627367-5201168915013",
      "name": "Dodoni Cypriot Halloumi",
      "brand": "Dodoni",
      "imageUrls": "https://cdn0.woolworths.media/content/wowproductimages/large/627367.jpg",
      "storeId": "woolworths",
      "packageSize": "225g",
      "cupPrice": "$26.67 / 1KG",
      "locations": {
        "ALL": { "price": 6, "discountRate": 14, "promo": "", "orgPrice": 7 }
      },
      "categoryIds": ["w-meat-seafood-deli", "w-dairy-eggs-fridge"],
      "similarProducts": []
    },
    {
      "id": "w-84639-5201168215298",
      "name": "Dodoni Fetta Cheese",
      "brand": "Dodoni",
      "imageUrls": "https://cdn0.woolworths.media/content/wowproductimages/large/084639.jpg",
      "storeId": "woolworths",
      "packageSize": "200g",
      "cupPrice": "$25.00 / 1KG",
      "locations": {
        "ALL": { "price": 5, "discountRate": 17, "promo": "", "orgPrice": 6 }
      },
      "categoryIds": ["w-meat-seafood-deli", "w-dairy-eggs-fridge"],
      "similarProducts": []
    },
    {
      "id": "w-360586-5201168815047",
      "name": "Dodoni Fetta Goats Cheese",
      "brand": "Dodoni",
      "imageUrls": "https://cdn0.woolworths.media/content/wowproductimages/large/360586.jpg",
      "storeId": "woolworths",
      "packageSize": "200g",
      "cupPrice": "$25.00 / 1KG",
      "locations": {
        "ALL": { "price": 5, "discountRate": 17, "promo": "", "orgPrice": 6 }
      },
      "categoryIds": ["w-meat-seafood-deli", "w-dairy-eggs-fridge"],
      "similarProducts": []
    },
    {
      "id": "w-789962-9326451792587",
      "name": "Don Footy Frankfurts Skinless",
      "brand": "Don",
      "imageUrls": "https://cdn0.woolworths.media/content/wowproductimages/large/789962.jpg",
      "storeId": "woolworths",
      "packageSize": "600g",
      "cupPrice": "$10.33 / 1KG",
      "locations": {
        "ALL": {
          "price": 6.2,
          "discountRate": 14,
          "promo": "",
          "orgPrice": 7.2
        }
      },
      "categoryIds": ["w-meat-seafood-deli"],
      "similarProducts": []
    },
    {
      "id": "w-658479-9326451825070",
      "name": "Don Premium Butcher's Style Rindless Bacon",
      "brand": "Don",
      "imageUrls": "https://cdn0.woolworths.media/content/wowproductimages/large/658479.jpg",
      "storeId": "woolworths",
      "packageSize": "200g",
      "cupPrice": "$26.50 / 1KG",
      "locations": {
        "ALL": {
          "price": 5.3,
          "discountRate": 16,
          "promo": "",
          "orgPrice": 6.3
        }
      },
      "categoryIds": ["w-meat-seafood-deli"],
      "similarProducts": []
    },
    {
      "id": "w-658539-9326451824400",
      "name": "Don Premium Double Smoked Pan Size Bacon",
      "brand": "Don",
      "imageUrls": "https://cdn0.woolworths.media/content/wowproductimages/large/658539.jpg",
      "storeId": "woolworths",
      "packageSize": "200g",
      "cupPrice": "$26.50 / 1KG",
      "locations": {
        "ALL": {
          "price": 5.3,
          "discountRate": 16,
          "promo": "",
          "orgPrice": 6.3
        }
      },
      "categoryIds": ["w-meat-seafood-deli"],
      "similarProducts": []
    },
    {
      "id": "w-97588-9326451091802",
      "name": "Don Strasburg Roll",
      "brand": "Don",
      "imageUrls": "https://cdn0.woolworths.media/content/wowproductimages/large/097588.jpg",
      "storeId": "woolworths",
      "packageSize": "500g",
      "cupPrice": "$12.00 / 1KG",
      "locations": {
        "ALL": {
          "price": 6,
          "discountRate": 13,
          "promo": "",
          "orgPrice": 6.9
        }
      },
      "categoryIds": ["w-meat-seafood-deli"],
      "similarProducts": []
    },
    {
      "id": "w-369960-0271582000003",
      "name": "Frico Maasdam Shaved Cheese",
      "brand": "Frico",
      "imageUrls": "https://cdn0.woolworths.media/content/wowproductimages/large/369960.jpg",
      "storeId": "woolworths",
      "packageSize": "per kg",
      "cupPrice": "$16.00 / 1KG",
      "locations": {
        "ALL": {
          "price": 16,
          "discountRate": 27,
          "promo": "",
          "orgPrice": 22
        }
      },
      "categoryIds": ["w-meat-seafood-deli", "w-dairy-eggs-fridge"],
      "similarProducts": []
    },
    {
      "id": "w-733806-3307905229084",
      "name": "Fromager D'affinois Petit D Affinois",
      "brand": "Fromager D'affinois",
      "imageUrls": "https://cdn0.woolworths.media/content/wowproductimages/large/733806.jpg",
      "storeId": "woolworths",
      "packageSize": "150g",
      "cupPrice": "$60.00 / 1KG",
      "locations": {
        "ALL": { "price": 9, "discountRate": 25, "promo": "", "orgPrice": 12 }
      },
      "categoryIds": ["w-meat-seafood-deli", "w-dairy-eggs-fridge"],
      "similarProducts": []
    },
    {
      "id": "w-15397-9315896000012",
      "name": "Huon Tasmanian Smoked Salmon Cold Smoked",
      "brand": "Huon",
      "imageUrls": "https://cdn0.woolworths.media/content/wowproductimages/large/015397.jpg",
      "storeId": "woolworths",
      "packageSize": "100g",
      "cupPrice": "$75.00 / 1KG",
      "locations": {
        "ALL": {
          "price": 7.5,
          "discountRate": 12,
          "promo": "",
          "orgPrice": 8.5
        }
      },
      "categoryIds": ["w-meat-seafood-deli"],
      "similarProducts": []
    },
    {
      "id": "w-731187-9310037148202",
      "name": "Ingham's Chicken Breast Stuffed Crumbed With Creamy Garlic",
      "brand": "Ingham's",
      "imageUrls": "https://cdn0.woolworths.media/content/wowproductimages/large/731187.jpg",
      "storeId": "woolworths",
      "packageSize": "700g",
      "cupPrice": "$12.14 / 1KG",
      "locations": {
        "ALL": {
          "price": 8.5,
          "discountRate": 11,
          "promo": "",
          "orgPrice": 9.5
        }
      },
      "categoryIds": ["w-meat-seafood-deli"],
      "similarProducts": []
    },
    {
      "id": "w-27316-0272234000006",
      "name": "Ingham's Oven Roasted Turkey Breast Shaved From The Deli",
      "brand": "Ingham's",
      "imageUrls": "https://cdn0.woolworths.media/content/wowproductimages/large/027316.jpg",
      "storeId": "woolworths",
      "packageSize": "per kg",
      "cupPrice": "$26.00 / 1KG",
      "locations": {
        "ALL": { "price": 26, "discountRate": 7, "promo": "", "orgPrice": 28 }
      },
      "categoryIds": ["w-meat-seafood-deli"],
      "similarProducts": []
    },
    {
      "id": "w-200392-9310037148158",
      "name": "Ingham's Quick Cook Crumbed Chicken & Cheese Schnitzel",
      "brand": "Ingham's",
      "imageUrls": "https://cdn0.woolworths.media/content/wowproductimages/large/200392.jpg",
      "storeId": "woolworths",
      "packageSize": "1.5kg",
      "cupPrice": "$7.00 / 1KG",
      "locations": {
        "ALL": {
          "price": 10.5,
          "discountRate": 32,
          "promo": "",
          "orgPrice": 15.5
        }
      },
      "categoryIds": ["w-meat-seafood-deli"],
      "similarProducts": []
    },
    {
      "id": "w-699322-9310037148455",
      "name": "Ingham's Stuffed Chicken Breast Pizza",
      "brand": "Ingham's",
      "imageUrls": "https://cdn0.woolworths.media/content/wowproductimages/large/699322.jpg",
      "storeId": "woolworths",
      "packageSize": "700g",
      "cupPrice": "$12.14 / 1KG",
      "locations": {
        "ALL": {
          "price": 8.5,
          "discountRate": 11,
          "promo": "",
          "orgPrice": 9.5
        }
      },
      "categoryIds": ["w-meat-seafood-deli"],
      "similarProducts": []
    },
    {
      "id": "w-67739-9310037148943",
      "name": "Ingham's Turkey Breast Steaks",
      "brand": "Ingham's",
      "imageUrls": "https://cdn0.woolworths.media/content/wowproductimages/large/067739.jpg",
      "storeId": "woolworths",
      "packageSize": "400g",
      "cupPrice": "$20.00 / 1KG",
      "locations": {
        "ALL": { "price": 8, "discountRate": 6, "promo": "", "orgPrice": 8.5 }
      },
      "categoryIds": ["w-meat-seafood-deli"],
      "similarProducts": []
    },
    {
      "id": "w-62457-9315822016520",
      "name": "Just Caught Crumbed Blue Grenadier",
      "brand": "Just Caught",
      "imageUrls": "https://cdn0.woolworths.media/content/wowproductimages/large/062457.jpg",
      "storeId": "woolworths",
      "packageSize": "880g",
      "cupPrice": "$17.05 / 1KG",
      "locations": {
        "ALL": { "price": 15, "discountRate": 6, "promo": "", "orgPrice": 16 }
      },
      "categoryIds": ["w-meat-seafood-deli"],
      "similarProducts": []
    },
    {
      "id": "w-19341-9315822015448",
      "name": "Just Caught Crumbed Pollock Fillets",
      "brand": "Just Caught",
      "imageUrls": "https://cdn0.woolworths.media/content/wowproductimages/large/019341.jpg",
      "storeId": "woolworths",
      "packageSize": "1kg",
      "cupPrice": "$10.00 / 1KG",
      "locations": {
        "ALL": {
          "price": 10,
          "discountRate": 17,
          "promo": "",
          "orgPrice": 12
        }
      },
      "categoryIds": ["w-meat-seafood-deli", "w-freezer"],
      "similarProducts": []
    },
    {
      "id": "w-803034-9315822013918",
      "name": "Just Caught Raw Prawn Cutlets",
      "brand": "Just Caught",
      "imageUrls": "https://cdn0.woolworths.media/content/wowproductimages/large/803034.jpg",
      "storeId": "woolworths",
      "packageSize": "850g",
      "cupPrice": "$31.76 / 1KG",
      "locations": {
        "ALL": {
          "price": 27,
          "discountRate": 10,
          "promo": "",
          "orgPrice": 30
        }
      },
      "categoryIds": ["w-meat-seafood-deli", "w-freezer"],
      "similarProducts": []
    },
    {
      "id": "w-62050-9315822016377",
      "name": "Just Caught Raw Prawn Meat",
      "brand": "Just Caught",
      "imageUrls": "https://cdn0.woolworths.media/content/wowproductimages/large/062050.jpg",
      "storeId": "woolworths",
      "packageSize": "300g",
      "cupPrice": "$28.33 / 1KG",
      "locations": {
        "ALL": {
          "price": 8.5,
          "discountRate": 29,
          "promo": "",
          "orgPrice": 12
        }
      },
      "categoryIds": ["w-meat-seafood-deli"],
      "similarProducts": []
    },
    {
      "id": "w-66804-8004673600330",
      "name": "Lateria Soresina Gran Parmigiano Reggiano",
      "brand": "Lateria Soresina",
      "imageUrls": "https://cdn0.woolworths.media/content/wowproductimages/large/066804.jpg",
      "storeId": "woolworths",
      "packageSize": "250g",
      "cupPrice": "$32.00 / 1KG",
      "locations": {
        "ALL": { "price": 8, "discountRate": 20, "promo": "", "orgPrice": 10 }
      },
      "categoryIds": ["w-meat-seafood-deli", "w-dairy-eggs-fridge"],
      "similarProducts": []
    },
    {
      "id": "w-730180-9316389009901",
      "name": "Lemnos Haloumi Cheese",
      "brand": "Lemnos",
      "imageUrls": "https://cdn0.woolworths.media/content/wowproductimages/large/730180.jpg",
      "storeId": "woolworths",
      "packageSize": "600g",
      "cupPrice": "$20.83 / 1KG",
      "locations": {
        "ALL": {
          "price": 12.5,
          "discountRate": 26,
          "promo": "",
          "orgPrice": 17
        }
      },
      "categoryIds": ["w-meat-seafood-deli", "w-dairy-eggs-fridge"],
      "similarProducts": []
    },
    {
      "id": "w-185281-9316389000441",
      "name": "Lemnos Paneer Cheese",
      "brand": "Lemnos",
      "imageUrls": "https://cdn0.woolworths.media/content/wowproductimages/large/185281.jpg",
      "storeId": "woolworths",
      "packageSize": "200g",
      "cupPrice": "$27.50 / 1KG",
      "locations": {
        "ALL": {
          "price": 5.5,
          "discountRate": 20,
          "promo": "",
          "orgPrice": 6.9
        }
      },
      "categoryIds": ["w-meat-seafood-deli", "w-dairy-eggs-fridge"],
      "similarProducts": []
    },
    {
      "id": "w-805730-9330471017926",
      "name": "Luv-a-duck Fresh Duck Breast Fillets",
      "brand": "Luv-a-duck",
      "imageUrls": "https://cdn0.woolworths.media/content/wowproductimages/large/805730.jpg",
      "storeId": "woolworths",
      "packageSize": "380g",
      "cupPrice": "$30.26 / 1KG",
      "locations": {
        "ALL": {
          "price": 11.5,
          "discountRate": 18,
          "promo": "",
          "orgPrice": 14
        }
      },
      "categoryIds": ["w-meat-seafood-deli"],
      "similarProducts": []
    },
    {
      "id": "w-700228-2606300000009",
      "name": "Macro Chicken Breast Fillets Free Range",
      "brand": "Macro",
      "imageUrls": "https://cdn0.woolworths.media/content/wowproductimages/large/700228.jpg",
      "storeId": "woolworths",
      "packageSize": "700g - 1.3kg",
      "cupPrice": "$13.00 / 1KG",
      "locations": {
        "ALL": {
          "price": 16.9,
          "discountRate": 7,
          "promo": "",
          "orgPrice": 18.2
        }
      },
      "categoryIds": ["w-meat-seafood-deli"],
      "similarProducts": []
    },
    {
      "id": "w-97988-9321325000805",
      "name": "Maggie Beer Caramelised Onion Cheddar",
      "brand": "Maggie Beer",
      "imageUrls": "https://cdn0.woolworths.media/content/wowproductimages/large/097988.jpg",
      "storeId": "woolworths",
      "packageSize": "170g",
      "cupPrice": "$34.71 / 1KG",
      "locations": {
        "ALL": {
          "price": 5.9,
          "discountRate": 16,
          "promo": "",
          "orgPrice": 7
        }
      },
      "categoryIds": ["w-meat-seafood-deli", "w-dairy-eggs-fridge"],
      "similarProducts": []
    },
    {
      "id": "w-300798-93477796",
      "name": "Maggie Beer Fig & Fennel Paste Fig & Fennel",
      "brand": "Maggie Beer",
      "imageUrls": "https://cdn0.woolworths.media/content/wowproductimages/large/300798.jpg",
      "storeId": "woolworths",
      "packageSize": "100g",
      "cupPrice": "$50.00 / 1KG",
      "locations": {
        "ALL": { "price": 5, "discountRate": 17, "promo": "", "orgPrice": 6 }
      },
      "categoryIds": ["w-meat-seafood-deli", "w-dairy-eggs-fridge"],
      "similarProducts": []
    },
    {
      "id": "w-629974-9321325002007",
      "name": "Maggie Beer Fig & Walnut Paste",
      "brand": "Maggie Beer",
      "imageUrls": "https://cdn0.woolworths.media/content/wowproductimages/large/629974.jpg",
      "storeId": "woolworths",
      "packageSize": "100g",
      "cupPrice": "$50.00 / 1KG",
      "locations": {
        "ALL": { "price": 5, "discountRate": 17, "promo": "", "orgPrice": 6 }
      },
      "categoryIds": ["w-meat-seafood-deli"],
      "similarProducts": []
    },
    {
      "id": "w-60749-9321325120169",
      "name": "Maggie Beer Lemon & Ginger Paste",
      "brand": "Maggie Beer",
      "imageUrls": "https://cdn0.woolworths.media/content/wowproductimages/large/060749.jpg",
      "storeId": "woolworths",
      "packageSize": "100g",
      "cupPrice": "$5.00 / 100G",
      "locations": {
        "ALL": { "price": 5, "discountRate": 17, "promo": "", "orgPrice": 6 }
      },
      "categoryIds": ["w-meat-seafood-deli"],
      "similarProducts": []
    },
    {
      "id": "w-98060-9321325000799",
      "name": "Maggie Beer Ploughman's Chutney",
      "brand": "Maggie Beer",
      "imageUrls": "https://cdn0.woolworths.media/content/wowproductimages/large/098060.jpg",
      "storeId": "woolworths",
      "packageSize": "170g",
      "cupPrice": "$34.71 / 1KG",
      "locations": {
        "ALL": {
          "price": 5.9,
          "discountRate": 16,
          "promo": "",
          "orgPrice": 7
        }
      },
      "categoryIds": ["w-meat-seafood-deli", "w-dairy-eggs-fridge"],
      "similarProducts": []
    },
    {
      "id": "w-60775-9321325120145",
      "name": "Maggie Beer Plum & Shiraz Paste",
      "brand": "Maggie Beer",
      "imageUrls": "https://cdn0.woolworths.media/content/wowproductimages/large/060775.jpg",
      "storeId": "woolworths",
      "packageSize": "100g",
      "cupPrice": "$5.00 / 100G",
      "locations": {
        "ALL": { "price": 5, "discountRate": 17, "promo": "", "orgPrice": 6 }
      },
      "categoryIds": ["w-meat-seafood-deli"],
      "similarProducts": []
    },
    {
      "id": "w-314278-873006002060",
      "name": "Maggie Beer Plum Paste Plum",
      "brand": "Maggie Beer",
      "imageUrls": "https://cdn0.woolworths.media/content/wowproductimages/large/314278.jpg",
      "storeId": "woolworths",
      "packageSize": "100g",
      "cupPrice": "$50.00 / 1KG",
      "locations": {
        "ALL": { "price": 5, "discountRate": 17, "promo": "", "orgPrice": 6 }
      },
      "categoryIds": ["w-meat-seafood-deli", "w-dairy-eggs-fridge"],
      "similarProducts": []
    },
    {
      "id": "w-96722-9321325001000",
      "name": "Maggie Beer Quince Paste",
      "brand": "Maggie Beer",
      "imageUrls": "https://cdn0.woolworths.media/content/wowproductimages/large/096722.jpg",
      "storeId": "woolworths",
      "packageSize": "100g",
      "cupPrice": "$50.00 / 1KG",
      "locations": {
        "ALL": { "price": 5, "discountRate": 17, "promo": "", "orgPrice": 6 }
      },
      "categoryIds": ["w-meat-seafood-deli"],
      "similarProducts": []
    },
    {
      "id": "w-61229-9321325120152",
      "name": "Maggie Beer Tomato Capsicum & Saffron Paste",
      "brand": "Maggie Beer",
      "imageUrls": "https://cdn0.woolworths.media/content/wowproductimages/large/061229.jpg",
      "storeId": "woolworths",
      "packageSize": "100g",
      "cupPrice": "$5.00 / 100G",
      "locations": {
        "ALL": { "price": 5, "discountRate": 17, "promo": "", "orgPrice": 6 }
      },
      "categoryIds": ["w-meat-seafood-deli"],
      "similarProducts": []
    },
    {
      "id": "w-95422-9321325000775",
      "name": "Maggie Beer Truffle Triple Cream Brie",
      "brand": "Maggie Beer",
      "imageUrls": "https://cdn0.woolworths.media/content/wowproductimages/large/095422.jpg",
      "storeId": "woolworths",
      "packageSize": "200g",
      "cupPrice": "$42.50 / 1KG",
      "locations": {
        "ALL": {
          "price": 8.5,
          "discountRate": 11,
          "promo": "",
          "orgPrice": 9.5
        }
      },
      "categoryIds": ["w-meat-seafood-deli", "w-dairy-eggs-fridge"],
      "similarProducts": []
    },
    {
      "id": "w-662131-9324342000070",
      "name": "Maria Island Smoked Mussels",
      "brand": "Maria Island",
      "imageUrls": "https://cdn0.woolworths.media/content/wowproductimages/large/662131.jpg",
      "storeId": "woolworths",
      "packageSize": "120g",
      "cupPrice": "$58.33 / 1KG",
      "locations": {
        "ALL": { "price": 7, "discountRate": 13, "promo": "", "orgPrice": 8 }
      },
      "categoryIds": ["w-meat-seafood-deli"],
      "similarProducts": []
    },
    {
      "id": "w-668984-9317320100152",
      "name": "Meredith Dairy Goat's Cheese Chevre Plain",
      "brand": "Meredith Dairy",
      "imageUrls": "https://cdn0.woolworths.media/content/wowproductimages/large/668984.jpg",
      "storeId": "woolworths",
      "packageSize": "80g",
      "cupPrice": "$50.00 / 1KG",
      "locations": {
        "ALL": { "price": 4, "discountRate": 20, "promo": "", "orgPrice": 5 }
      },
      "categoryIds": ["w-meat-seafood-deli", "w-dairy-eggs-fridge"],
      "similarProducts": []
    },
    {
      "id": "w-16490-9314441712882",
      "name": "Mersey Valley Cheddar Cheese Smoky Bacon Flavour",
      "brand": "Mersey Valley",
      "imageUrls": "https://cdn0.woolworths.media/content/wowproductimages/large/016490.jpg",
      "storeId": "woolworths",
      "packageSize": "235g",
      "cupPrice": "$23.40 / 1KG",
      "locations": {
        "ALL": {
          "price": 5.5,
          "discountRate": 30,
          "promo": "",
          "orgPrice": 7.9
        }
      },
      "categoryIds": ["w-meat-seafood-deli", "w-dairy-eggs-fridge"],
      "similarProducts": []
    },
    {
      "id": "w-244191-9310134901090",
      "name": "Mersey Valley Classic Cheddar Cheese",
      "brand": "Mersey Valley",
      "imageUrls": "https://cdn0.woolworths.media/content/wowproductimages/large/244191.jpg",
      "storeId": "woolworths",
      "packageSize": "235g",
      "cupPrice": "$23.40 / 1KG",
      "locations": {
        "ALL": {
          "price": 5.5,
          "discountRate": 30,
          "promo": "",
          "orgPrice": 7.9
        }
      },
      "categoryIds": ["w-meat-seafood-deli", "w-dairy-eggs-fridge"],
      "similarProducts": []
    },
    {
      "id": "w-99054-9314441713995",
      "name": "Mersey Valley Jalapeno Cheese",
      "brand": "Mersey Valley",
      "imageUrls": "https://cdn0.woolworths.media/content/wowproductimages/large/099054.jpg",
      "storeId": "woolworths",
      "packageSize": "235g",
      "cupPrice": "$23.40 / 1KG",
      "locations": {
        "ALL": {
          "price": 5.5,
          "discountRate": 30,
          "promo": "",
          "orgPrice": 7.9
        }
      },
      "categoryIds": ["w-meat-seafood-deli", "w-dairy-eggs-fridge"],
      "similarProducts": []
    },
    {
      "id": "w-250854-9310134901342",
      "name": "Mersey Valley Original Cheddar Cheese",
      "brand": "Mersey Valley",
      "imageUrls": "https://cdn0.woolworths.media/content/wowproductimages/large/250854.jpg",
      "storeId": "woolworths",
      "packageSize": "235g",
      "cupPrice": "$23.40 / 1KG",
      "locations": {
        "ALL": {
          "price": 5.5,
          "discountRate": 30,
          "promo": "",
          "orgPrice": 7.9
        }
      },
      "categoryIds": ["w-meat-seafood-deli", "w-dairy-eggs-fridge"],
      "similarProducts": []
    },
    {
      "id": "w-206493-9310134900772",
      "name": "Mersey Valley Original Spreadable Cheddar Cheese",
      "brand": "Mersey Valley",
      "imageUrls": "https://cdn0.woolworths.media/content/wowproductimages/large/206493.jpg",
      "storeId": "woolworths",
      "packageSize": "150g",
      "cupPrice": "$23.33 / 1KG",
      "locations": {
        "ALL": {
          "price": 3.5,
          "discountRate": 17,
          "promo": "",
          "orgPrice": 4.2
        }
      },
      "categoryIds": ["w-meat-seafood-deli", "w-dairy-eggs-fridge"],
      "similarProducts": []
    },
    {
      "id": "w-244154-9310134901137",
      "name": "Mersey Valley Peppercorn Medley Cheddar Cheese",
      "brand": "Mersey Valley",
      "imageUrls": "https://cdn0.woolworths.media/content/wowproductimages/large/244154.jpg",
      "storeId": "woolworths",
      "packageSize": "235g",
      "cupPrice": "$23.40 / 1KG",
      "locations": {
        "ALL": {
          "price": 5.5,
          "discountRate": 30,
          "promo": "",
          "orgPrice": 7.9
        }
      },
      "categoryIds": ["w-meat-seafood-deli", "w-dairy-eggs-fridge"],
      "similarProducts": []
    },
    {
      "id": "w-250852-9310134901359",
      "name": "Mersey Valley Pickled Onion Cheddar Cheese",
      "brand": "Mersey Valley",
      "imageUrls": "https://cdn0.woolworths.media/content/wowproductimages/large/250852.jpg",
      "storeId": "woolworths",
      "packageSize": "235g",
      "cupPrice": "$23.40 / 1KG",
      "locations": {
        "ALL": {
          "price": 5.5,
          "discountRate": 30,
          "promo": "",
          "orgPrice": 7.9
        }
      },
      "categoryIds": ["w-meat-seafood-deli", "w-dairy-eggs-fridge"],
      "similarProducts": []
    },
    {
      "id": "w-244194-9310134901106",
      "name": "Mersey Valley Ploughmans Cheddar Cheese",
      "brand": "Mersey Valley",
      "imageUrls": "https://cdn0.woolworths.media/content/wowproductimages/large/244194.jpg",
      "storeId": "woolworths",
      "packageSize": "235g",
      "cupPrice": "$23.40 / 1KG",
      "locations": {
        "ALL": {
          "price": 5.5,
          "discountRate": 30,
          "promo": "",
          "orgPrice": 7.9
        }
      },
      "categoryIds": ["w-meat-seafood-deli", "w-dairy-eggs-fridge"],
      "similarProducts": []
    },
    {
      "id": "w-11303-0274687000008",
      "name": "Moira Mac's Marinated Bbq Chicken Breast Sliced",
      "brand": "Moira Mac's",
      "imageUrls": "https://cdn0.woolworths.media/content/wowproductimages/large/011303.jpg",
      "storeId": "woolworths",
      "packageSize": "per kg",
      "cupPrice": "$24.00 / 1KG",
      "locations": {
        "ALL": { "price": 24, "discountRate": 4, "promo": "", "orgPrice": 25 }
      },
      "categoryIds": ["w-meat-seafood-deli"],
      "similarProducts": []
    },
    {
      "id": "w-796540-9343005000714",
      "name": "Ob Finest Bonvallis Fig & Almond Fruit Log",
      "brand": "Ob Finest",
      "imageUrls": "https://cdn0.woolworths.media/content/wowproductimages/large/796540.jpg",
      "storeId": "woolworths",
      "packageSize": "200g",
      "cupPrice": "$31.45 / 1KG",
      "locations": {
        "ALL": {
          "price": 6.29,
          "discountRate": 10,
          "promo": "",
          "orgPrice": 6.99
        }
      },
      "categoryIds": ["w-meat-seafood-deli", "w-pantry"],
      "similarProducts": []
    },
    {
      "id": "w-633638-9349571000301",
      "name": "Ob Finest Quince Paste",
      "brand": "Ob Finest",
      "imageUrls": "https://cdn0.woolworths.media/content/wowproductimages/large/633638.jpg",
      "storeId": "woolworths",
      "packageSize": "100g",
      "cupPrice": "$45.00 / 1KG",
      "locations": {
        "ALL": {
          "price": 4.5,
          "discountRate": 10,
          "promo": "",
          "orgPrice": 5
        }
      },
      "categoryIds": ["w-meat-seafood-deli"],
      "similarProducts": []
    },
    {
      "id": "w-67303-9346321000673",
      "name": "Obela Restaurant Style Hommus",
      "brand": "Obela",
      "imageUrls": "https://cdn0.woolworths.media/content/wowproductimages/large/067303.jpg",
      "storeId": "woolworths",
      "packageSize": "350g",
      "cupPrice": "$1.57 / 100G",
      "locations": {
        "ALL": {
          "price": 5.5,
          "discountRate": 15,
          "promo": "",
          "orgPrice": 6.5
        }
      },
      "categoryIds": ["w-meat-seafood-deli", "w-dairy-eggs-fridge"],
      "similarProducts": []
    },
    {
      "id": "w-703319-9343005000455",
      "name": "Ocean Blue Crab Meat",
      "brand": "Ocean Blue",
      "imageUrls": "https://cdn0.woolworths.media/content/wowproductimages/large/703319.jpg",
      "storeId": "woolworths",
      "packageSize": "140g",
      "cupPrice": "$64.29 / 1KG",
      "locations": {
        "ALL": {
          "price": 9,
          "discountRate": 14,
          "promo": "",
          "orgPrice": 10.5
        }
      },
      "categoryIds": ["w-meat-seafood-deli"],
      "similarProducts": []
    },
    {
      "id": "w-847880-9343005007058",
      "name": "Ocean Blue Hot Smoked Mackerel",
      "brand": "Ocean Blue",
      "imageUrls": "https://cdn0.woolworths.media/content/wowproductimages/large/847880.jpg",
      "storeId": "woolworths",
      "packageSize": "105g",
      "cupPrice": "$55.24 / 1KG",
      "locations": {
        "ALL": {
          "price": 5.8,
          "discountRate": 8,
          "promo": "",
          "orgPrice": 6.3
        }
      },
      "categoryIds": ["w-meat-seafood-deli"],
      "similarProducts": []
    },
    {
      "id": "w-60294-9343005009069",
      "name": "Ocean Blue Salmon Breakfast Rashers",
      "brand": "Ocean Blue",
      "imageUrls": "https://cdn0.woolworths.media/content/wowproductimages/large/060294.jpg",
      "storeId": "woolworths",
      "packageSize": "100g",
      "cupPrice": "$70.00 / 1KG",
      "locations": {
        "ALL": { "price": 7, "discountRate": 13, "promo": "", "orgPrice": 8 }
      },
      "categoryIds": ["w-meat-seafood-deli"],
      "similarProducts": []
    },
    {
      "id": "w-345352-9343005000103",
      "name": "Ocean Blue Smoked Ocean Trout Sliced",
      "brand": "Ocean Blue",
      "imageUrls": "https://cdn0.woolworths.media/content/wowproductimages/large/345352.jpg",
      "storeId": "woolworths",
      "packageSize": "50g",
      "cupPrice": "$90.00 / 1KG",
      "locations": {
        "ALL": {
          "price": 4.5,
          "discountRate": 6,
          "promo": "",
          "orgPrice": 4.8
        }
      },
      "categoryIds": ["w-meat-seafood-deli"],
      "similarProducts": []
    },
    {
      "id": "w-73310-9343005007126",
      "name": "Ocean Blue Smoked Ocean Trout Pieces For Cooking",
      "brand": "Ocean Blue",
      "imageUrls": "https://cdn0.woolworths.media/content/wowproductimages/large/073310.jpg",
      "storeId": "woolworths",
      "packageSize": "200g",
      "cupPrice": "$32.50 / 1KG",
      "locations": {
        "ALL": { "price": 6.5, "discountRate": 7, "promo": "", "orgPrice": 7 }
      },
      "categoryIds": ["w-meat-seafood-deli"],
      "similarProducts": []
    },
    {
      "id": "w-345345-9343005000011",
      "name": "Ocean Blue Smoked Salmon Sliced",
      "brand": "Ocean Blue",
      "imageUrls": "https://cdn0.woolworths.media/content/wowproductimages/large/345345.jpg",
      "storeId": "woolworths",
      "packageSize": "50g",
      "cupPrice": "$90.00 / 1KG",
      "locations": {
        "ALL": {
          "price": 4.5,
          "discountRate": 6,
          "promo": "",
          "orgPrice": 4.8
        }
      },
      "categoryIds": ["w-meat-seafood-deli"],
      "similarProducts": []
    },
    {
      "id": "w-345350-9343005000028",
      "name": "Ocean Blue Smoked Salmon",
      "brand": "Ocean Blue",
      "imageUrls": "https://cdn0.woolworths.media/content/wowproductimages/large/345350.jpg",
      "storeId": "woolworths",
      "packageSize": "100g",
      "cupPrice": "$62.00 / 1KG",
      "locations": {
        "ALL": {
          "price": 6.2,
          "discountRate": 5,
          "promo": "",
          "orgPrice": 6.5
        }
      },
      "categoryIds": ["w-meat-seafood-deli"],
      "similarProducts": []
    },
    {
      "id": "w-345348-9343005000035",
      "name": "Ocean Blue Smoked Salmon",
      "brand": "Ocean Blue",
      "imageUrls": "https://cdn0.woolworths.media/content/wowproductimages/large/345348.jpg",
      "storeId": "woolworths",
      "packageSize": "180g",
      "cupPrice": "$52.78 / 1KG",
      "locations": {
        "ALL": {
          "price": 9.5,
          "discountRate": 5,
          "promo": "",
          "orgPrice": 10
        }
      },
      "categoryIds": ["w-meat-seafood-deli"],
      "similarProducts": []
    },
    {
      "id": "w-766473-9343005000080",
      "name": "Ocean Blue Surimi Sea Sticks",
      "brand": "Ocean Blue",
      "imageUrls": "https://cdn0.woolworths.media/content/wowproductimages/large/766473.jpg",
      "storeId": "woolworths",
      "packageSize": "150g",
      "cupPrice": "$26.67 / 1KG",
      "locations": {
        "ALL": {
          "price": 4,
          "discountRate": 17,
          "promo": "",
          "orgPrice": 4.8
        }
      },
      "categoryIds": ["w-meat-seafood-deli"],
      "similarProducts": []
    },
    {
      "id": "w-5270-9323015019852",
      "name": "Ocean Chef Deep Sea Cod In Crunchy Batter",
      "brand": "Ocean Chef",
      "imageUrls": "https://cdn0.woolworths.media/content/wowproductimages/large/005270.jpg",
      "storeId": "woolworths",
      "packageSize": "500g",
      "cupPrice": "$13.00 / 1KG",
      "locations": {
        "ALL": {
          "price": 6.5,
          "discountRate": 35,
          "promo": "",
          "orgPrice": 10
        }
      },
      "categoryIds": ["w-meat-seafood-deli", "w-freezer"],
      "similarProducts": []
    },
    {
      "id": "w-671451-9323015018190",
      "name": "Ocean Chef Smoked Hoki",
      "brand": "Ocean Chef",
      "imageUrls": "https://cdn0.woolworths.media/content/wowproductimages/large/671451.jpg",
      "storeId": "woolworths",
      "packageSize": "1kg",
      "cupPrice": "$15.50 / 1KG",
      "locations": {
        "ALL": {
          "price": 15.5,
          "discountRate": 3,
          "promo": "",
          "orgPrice": 16
        }
      },
      "categoryIds": ["w-meat-seafood-deli", "w-freezer"],
      "similarProducts": []
    },
    {
      "id": "w-5268-9323015019845",
      "name": "Ocean Chef Steamed Fish Fillets Olive Oil Garlic & Herbs",
      "brand": "Ocean Chef",
      "imageUrls": "https://cdn0.woolworths.media/content/wowproductimages/large/005268.jpg",
      "storeId": "woolworths",
      "packageSize": "350g",
      "cupPrice": "$14.29 / 1KG",
      "locations": {
        "ALL": {
          "price": 5,
          "discountRate": 41,
          "promo": "",
          "orgPrice": 8.5
        }
      },
      "categoryIds": ["w-meat-seafood-deli", "w-freezer"],
      "similarProducts": []
    },
    {
      "id": "w-202497-9311594225276",
      "name": "Primo Bacon Lean Shortcut",
      "brand": "Primo",
      "imageUrls": "https://cdn0.woolworths.media/content/wowproductimages/large/202497.jpg",
      "storeId": "woolworths",
      "packageSize": "350g",
      "cupPrice": "$17.71 / 1KG",
      "locations": {
        "ALL": {
          "price": 6.2,
          "discountRate": 20,
          "promo": "",
          "orgPrice": 7.75
        }
      },
      "categoryIds": ["w-meat-seafood-deli"],
      "similarProducts": []
    },
    {
      "id": "w-334804-9311594017017",
      "name": "Primo Choice Prosciutto",
      "brand": "Primo",
      "imageUrls": "https://cdn0.woolworths.media/content/wowproductimages/large/334804.jpg",
      "storeId": "woolworths",
      "packageSize": "100g",
      "cupPrice": "$70.00 / 1KG",
      "locations": {
        "ALL": { "price": 7, "discountRate": 13, "promo": "", "orgPrice": 8 }
      },
      "categoryIds": ["w-meat-seafood-deli"],
      "similarProducts": []
    },
    {
      "id": "w-312270-0270052000000",
      "name": "Primo Danish Salami Mild Sliced From The Deli",
      "brand": "Primo",
      "imageUrls": "https://cdn0.woolworths.media/content/wowproductimages/large/312270.jpg",
      "storeId": "woolworths",
      "packageSize": "per kg",
      "cupPrice": "$29.00 / 1KG",
      "locations": {
        "ALL": { "price": 29, "discountRate": 9, "promo": "", "orgPrice": 32 }
      },
      "categoryIds": ["w-meat-seafood-deli"],
      "similarProducts": []
    },
    {
      "id": "w-552562-9311594018571",
      "name": "Primo Hungarian Salami",
      "brand": "Primo",
      "imageUrls": "https://cdn0.woolworths.media/content/wowproductimages/large/552562.jpg",
      "storeId": "woolworths",
      "packageSize": "200g",
      "cupPrice": "$35.00 / 1KG",
      "locations": {
        "ALL": { "price": 7, "discountRate": 13, "promo": "", "orgPrice": 8 }
      },
      "categoryIds": ["w-meat-seafood-deli"],
      "similarProducts": []
    },
    {
      "id": "w-552450-9311594018540",
      "name": "Primo Pepperoni Salami",
      "brand": "Primo",
      "imageUrls": "https://cdn0.woolworths.media/content/wowproductimages/large/552450.jpg",
      "storeId": "woolworths",
      "packageSize": "200g",
      "cupPrice": "$35.00 / 1KG",
      "locations": {
        "ALL": { "price": 7, "discountRate": 13, "promo": "", "orgPrice": 8 }
      },
      "categoryIds": ["w-meat-seafood-deli"],
      "similarProducts": []
    },
    {
      "id": "w-805953-9311594018533",
      "name": "Primo White Hungarian Salami",
      "brand": "Primo",
      "imageUrls": "https://cdn0.woolworths.media/content/wowproductimages/large/805953.jpg",
      "storeId": "woolworths",
      "packageSize": "200g",
      "cupPrice": "$35.00 / 1KG",
      "locations": {
        "ALL": { "price": 7, "discountRate": 13, "promo": "", "orgPrice": 8 }
      },
      "categoryIds": ["w-meat-seafood-deli"],
      "similarProducts": []
    },
    {
      "id": "w-552348-9311594018557",
      "name": "Primo Danish Salami",
      "brand": "Primo",
      "imageUrls": "https://cdn0.woolworths.media/content/wowproductimages/large/552348.jpg",
      "storeId": "woolworths",
      "packageSize": "200g",
      "cupPrice": "$35.00 / 1KG",
      "locations": {
        "ALL": { "price": 7, "discountRate": 13, "promo": "", "orgPrice": 8 }
      },
      "categoryIds": ["w-meat-seafood-deli"],
      "similarProducts": []
    },
    {
      "id": "w-805078-9311008110051",
      "name": "Ruffie Rustic Foods Zucchini Frittata",
      "brand": "Ruffie Rustic Foods",
      "imageUrls": "https://cdn0.woolworths.media/content/wowproductimages/large/805078.jpg",
      "storeId": "woolworths",
      "packageSize": "2 pack",
      "cupPrice": "$2.50 / 100G",
      "locations": {
        "ALL": {
          "price": 10,
          "discountRate": 17,
          "promo": "",
          "orgPrice": 12
        }
      },
      "categoryIds": ["w-meat-seafood-deli"],
      "similarProducts": []
    },
    {
      "id": "w-775760-9310591500348",
      "name": "San Marino Hungarian Mild Salami",
      "brand": "San Marino",
      "imageUrls": "https://cdn0.woolworths.media/content/wowproductimages/large/775760.jpg",
      "storeId": "woolworths",
      "packageSize": "100g",
      "cupPrice": "$55.00 / 1KG",
      "locations": {
        "ALL": {
          "price": 5.5,
          "discountRate": 15,
          "promo": "",
          "orgPrice": 6.5
        }
      },
      "categoryIds": ["w-meat-seafood-deli"],
      "similarProducts": []
    },
    {
      "id": "w-775721-9310591500263",
      "name": "San Marino Outdoor Bred Leg Ham",
      "brand": "San Marino",
      "imageUrls": "https://cdn0.woolworths.media/content/wowproductimages/large/775721.jpg",
      "storeId": "woolworths",
      "packageSize": "100g",
      "cupPrice": "$55.00 / 1KG",
      "locations": {
        "ALL": {
          "price": 5.5,
          "discountRate": 15,
          "promo": "",
          "orgPrice": 6.5
        }
      },
      "categoryIds": ["w-meat-seafood-deli"],
      "similarProducts": []
    },
    {
      "id": "w-807104-9310591502816",
      "name": "San Marino Smoked Prosciutto",
      "brand": "San Marino",
      "imageUrls": "https://cdn0.woolworths.media/content/wowproductimages/large/807104.jpg",
      "storeId": "woolworths",
      "packageSize": "80g",
      "cupPrice": "$68.75 / 1KG",
      "locations": {
        "ALL": {
          "price": 5.5,
          "discountRate": 15,
          "promo": "",
          "orgPrice": 6.5
        }
      },
      "categoryIds": ["w-meat-seafood-deli"],
      "similarProducts": []
    },
    {
      "id": "w-775759-9310591500331",
      "name": "San Marino Sopressa Mild Salami",
      "brand": "San Marino",
      "imageUrls": "https://cdn0.woolworths.media/content/wowproductimages/large/775759.jpg",
      "storeId": "woolworths",
      "packageSize": "100g",
      "cupPrice": "$55.00 / 1KG",
      "locations": {
        "ALL": {
          "price": 5.5,
          "discountRate": 15,
          "promo": "",
          "orgPrice": 6.5
        }
      },
      "categoryIds": ["w-meat-seafood-deli"],
      "similarProducts": []
    },
    {
      "id": "w-347141-9314441708281",
      "name": "South Cape Cheese Gouda",
      "brand": "South Cape",
      "imageUrls": "https://cdn0.woolworths.media/content/wowproductimages/large/347141.jpg",
      "storeId": "woolworths",
      "packageSize": "200g",
      "cupPrice": "$23.50 / 1KG",
      "locations": {
        "ALL": {
          "price": 4.7,
          "discountRate": 27,
          "promo": "",
          "orgPrice": 6.4
        }
      },
      "categoryIds": ["w-meat-seafood-deli", "w-dairy-eggs-fridge"],
      "similarProducts": []
    },
    {
      "id": "w-347140-9314441708274",
      "name": "South Cape Edam Cheese",
      "brand": "South Cape",
      "imageUrls": "https://cdn0.woolworths.media/content/wowproductimages/large/347140.jpg",
      "storeId": "woolworths",
      "packageSize": "200g",
      "cupPrice": "$23.50 / 1KG",
      "locations": {
        "ALL": {
          "price": 4.7,
          "discountRate": 27,
          "promo": "",
          "orgPrice": 6.4
        }
      },
      "categoryIds": ["w-meat-seafood-deli", "w-dairy-eggs-fridge"],
      "similarProducts": []
    },
    {
      "id": "w-347142-9314441708298",
      "name": "South Cape Havarti Cheese",
      "brand": "South Cape",
      "imageUrls": "https://cdn0.woolworths.media/content/wowproductimages/large/347142.jpg",
      "storeId": "woolworths",
      "packageSize": "200g",
      "cupPrice": "$23.50 / 1KG",
      "locations": {
        "ALL": {
          "price": 4.7,
          "discountRate": 27,
          "promo": "",
          "orgPrice": 6.4
        }
      },
      "categoryIds": ["w-meat-seafood-deli", "w-dairy-eggs-fridge"],
      "similarProducts": []
    },
    {
      "id": "w-12749-9343079000511",
      "name": "Sunfresh Spiced Quinoa, Carrot & Chickpea Salad",
      "brand": "Sunfresh",
      "imageUrls": "https://cdn0.woolworths.media/content/wowproductimages/large/012749.jpg",
      "storeId": "woolworths",
      "packageSize": "300g",
      "cupPrice": "$1.33 / 100G",
      "locations": {
        "ALL": { "price": 4, "discountRate": 20, "promo": "", "orgPrice": 5 }
      },
      "categoryIds": ["w-meat-seafood-deli", "w-dairy-eggs-fridge"],
      "similarProducts": []
    },
    {
      "id": "w-155990-9310134080405",
      "name": "Tasmanian Heritage Camembert Cheese",
      "brand": "Tasmanian Heritage",
      "imageUrls": "https://cdn0.woolworths.media/content/wowproductimages/large/155990.jpg",
      "storeId": "woolworths",
      "packageSize": "250g",
      "cupPrice": "$32.00 / 1KG",
      "locations": {
        "ALL": {
          "price": 8,
          "discountRate": 32,
          "promo": "",
          "orgPrice": 11.8
        }
      },
      "categoryIds": ["w-meat-seafood-deli", "w-dairy-eggs-fridge"],
      "similarProducts": []
    },
    {
      "id": "w-218705-9310134701188",
      "name": "Tasmanian Heritage Camembert Cheese",
      "brand": "Tasmanian Heritage",
      "imageUrls": "https://cdn0.woolworths.media/content/wowproductimages/large/218705.jpg",
      "storeId": "woolworths",
      "packageSize": "140g",
      "cupPrice": "$32.14 / 1KG",
      "locations": {
        "ALL": {
          "price": 4.5,
          "discountRate": 25,
          "promo": "",
          "orgPrice": 6
        }
      },
      "categoryIds": ["w-meat-seafood-deli", "w-dairy-eggs-fridge"],
      "similarProducts": []
    },
    {
      "id": "w-218704-9310134701171",
      "name": "Tasmanian Heritage Double Brie Cheese",
      "brand": "Tasmanian Heritage",
      "imageUrls": "https://cdn0.woolworths.media/content/wowproductimages/large/218704.jpg",
      "storeId": "woolworths",
      "packageSize": "140g",
      "cupPrice": "$32.14 / 1KG",
      "locations": {
        "ALL": {
          "price": 4.5,
          "discountRate": 25,
          "promo": "",
          "orgPrice": 6
        }
      },
      "categoryIds": ["w-meat-seafood-deli", "w-dairy-eggs-fridge"],
      "similarProducts": []
    },
    {
      "id": "w-77182-93241571",
      "name": "Tasmanian Heritage Double Brie Cheese",
      "brand": "Tasmanian Heritage",
      "imageUrls": "https://cdn0.woolworths.media/content/wowproductimages/large/077182.jpg",
      "storeId": "woolworths",
      "packageSize": "250g",
      "cupPrice": "$32.00 / 1KG",
      "locations": {
        "ALL": {
          "price": 8,
          "discountRate": 32,
          "promo": "",
          "orgPrice": 11.8
        }
      },
      "categoryIds": ["w-meat-seafood-deli", "w-dairy-eggs-fridge"],
      "similarProducts": []
    },
    {
      "id": "w-133471-9328174000437",
      "name": "Tasmanian Pate Smoked Salmon & Cracked Pepper Pate",
      "brand": "Tasmanian Pate",
      "imageUrls": "https://cdn0.woolworths.media/content/wowproductimages/large/133471.jpg",
      "storeId": "woolworths",
      "packageSize": "130g",
      "cupPrice": "$26.92 / 1KG",
      "locations": {
        "ALL": {
          "price": 3.5,
          "discountRate": 25,
          "promo": "",
          "orgPrice": 4.66
        }
      },
      "categoryIds": ["w-meat-seafood-deli", "w-dairy-eggs-fridge"],
      "similarProducts": []
    },
    {
      "id": "w-29637-9314111000196",
      "name": "Tassal Premium Tasmanian Smoked Salmon Slices",
      "brand": "Tassal",
      "imageUrls": "https://cdn0.woolworths.media/content/wowproductimages/large/029637.jpg",
      "storeId": "woolworths",
      "packageSize": "100g",
      "cupPrice": "$60.00 / 1KG",
      "locations": {
        "ALL": {
          "price": 6,
          "discountRate": 20,
          "promo": "",
          "orgPrice": 7.5
        }
      },
      "categoryIds": ["w-meat-seafood-deli"],
      "similarProducts": []
    },
    {
      "id": "w-729889-9313107126803",
      "name": "Tassal Smoked Salmon Salt Reduced",
      "brand": "Tassal",
      "imageUrls": "https://cdn0.woolworths.media/content/wowproductimages/large/729889.jpg",
      "storeId": "woolworths",
      "packageSize": "90g",
      "cupPrice": "$66.67 / 1KG",
      "locations": {
        "ALL": { "price": 6, "discountRate": 14, "promo": "", "orgPrice": 7 }
      },
      "categoryIds": ["w-meat-seafood-deli"],
      "similarProducts": []
    },
    {
      "id": "w-847118-9313107161118",
      "name": "Tassal Smoked Salmon",
      "brand": "Tassal",
      "imageUrls": "https://cdn0.woolworths.media/content/wowproductimages/large/847118.jpg",
      "storeId": "woolworths",
      "packageSize": "250g",
      "cupPrice": "$48.00 / 1KG",
      "locations": {
        "ALL": {
          "price": 12,
          "discountRate": 16,
          "promo": "",
          "orgPrice": 14.25
        }
      },
      "categoryIds": ["w-meat-seafood-deli"],
      "similarProducts": []
    },
    {
      "id": "w-7344-0274783000001",
      "name": "The Cheese Board Persian Fetta",
      "brand": "The Cheese Board",
      "imageUrls": "https://cdn0.woolworths.media/content/wowproductimages/large/007344.jpg",
      "storeId": "woolworths",
      "packageSize": "per kg",
      "cupPrice": "$25.00 / 1KG",
      "locations": {
        "ALL": {
          "price": 25,
          "discountRate": 17,
          "promo": "",
          "orgPrice": 30
        }
      },
      "categoryIds": ["w-meat-seafood-deli", "w-dairy-eggs-fridge"],
      "similarProducts": []
    },
    {
      "id": "w-94127-9311594036322",
      "name": "The Smokeman Brothers Flame Grilled Chimichurri Beef Steak",
      "brand": "The Smokeman Brothers",
      "imageUrls": "https://cdn0.woolworths.media/content/wowproductimages/large/094127.jpg",
      "storeId": "woolworths",
      "packageSize": "400g",
      "cupPrice": "$2.50 / 100G",
      "locations": {
        "ALL": {
          "price": 10,
          "discountRate": 17,
          "promo": "",
          "orgPrice": 12
        }
      },
      "categoryIds": ["w-meat-seafood-deli"],
      "similarProducts": []
    },
    {
      "id": "w-738697-9312182012520",
      "name": "Unicorn Camembert Cheese",
      "brand": "Unicorn",
      "imageUrls": "https://cdn0.woolworths.media/content/wowproductimages/large/738697.jpg",
      "storeId": "woolworths",
      "packageSize": "125g",
      "cupPrice": "$28.00 / 1KG",
      "locations": {
        "ALL": {
          "price": 3.5,
          "discountRate": 13,
          "promo": "",
          "orgPrice": 4
        }
      },
      "categoryIds": ["w-meat-seafood-deli", "w-dairy-eggs-fridge"],
      "similarProducts": []
    },
    {
      "id": "w-370487-9312182112541",
      "name": "Unicorn Double Brie Cheese",
      "brand": "Unicorn",
      "imageUrls": "https://cdn0.woolworths.media/content/wowproductimages/large/370487.jpg",
      "storeId": "woolworths",
      "packageSize": "125g",
      "cupPrice": "$28.00 / 1KG",
      "locations": {
        "ALL": {
          "price": 3.5,
          "discountRate": 13,
          "promo": "",
          "orgPrice": 4
        }
      },
      "categoryIds": ["w-meat-seafood-deli", "w-dairy-eggs-fridge"],
      "similarProducts": []
    },
    {
      "id": "w-732051-9312182112596",
      "name": "Unicorn Triple Cream Brie Cheese",
      "brand": "Unicorn",
      "imageUrls": "https://cdn0.woolworths.media/content/wowproductimages/large/732051.jpg",
      "storeId": "woolworths",
      "packageSize": "125g",
      "cupPrice": "$28.00 / 1KG",
      "locations": {
        "ALL": {
          "price": 3.5,
          "discountRate": 13,
          "promo": "",
          "orgPrice": 4
        }
      },
      "categoryIds": ["w-meat-seafood-deli", "w-dairy-eggs-fridge"],
      "similarProducts": []
    },
    {
      "id": "w-675651-2618630000000",
      "name": "Woolworths Beef T Bone Steak Medium",
      "brand": "Woolworths",
      "imageUrls": "https://cdn0.woolworths.media/content/wowproductimages/large/675651.jpg",
      "storeId": "woolworths",
      "packageSize": "250g - 700g",
      "cupPrice": "$20.00 / 1KG",
      "locations": {
        "ALL": {
          "price": 14,
          "discountRate": 17,
          "promo": "",
          "orgPrice": 16.8
        }
      },
      "categoryIds": ["w-meat-seafood-deli"],
      "similarProducts": []
    },
    {
      "id": "w-769243-0276964000008",
      "name": "Woolworths Chicken Kiev Garlic",
      "brand": "Woolworths",
      "imageUrls": "https://cdn0.woolworths.media/content/wowproductimages/large/769243.jpg",
      "storeId": "woolworths",
      "packageSize": "each",
      "cupPrice": "$2.00 / 1EA",
      "locations": {
        "ALL": {
          "price": 2,
          "discountRate": 23,
          "promo": "",
          "orgPrice": 2.6
        }
      },
      "categoryIds": ["w-meat-seafood-deli"],
      "similarProducts": []
    },
    {
      "id": "w-82701-9339687158355",
      "name": "Woolworths Cook Chicken Breast Parcels With Spinach & Ricotta",
      "brand": "Woolworths",
      "imageUrls": "https://cdn0.woolworths.media/content/wowproductimages/large/082701.jpg",
      "storeId": "woolworths",
      "packageSize": "500g",
      "cupPrice": "$18.00 / 1KG",
      "locations": {
        "ALL": { "price": 9, "discountRate": 18, "promo": "", "orgPrice": 11 }
      },
      "categoryIds": ["w-meat-seafood-deli"],
      "similarProducts": []
    },
    {
      "id": "w-82700-9339687158348",
      "name": "Woolworths Cook Chicken Breasts Wrapped In Prosciutto With Sauce",
      "brand": "Woolworths",
      "imageUrls": "https://cdn0.woolworths.media/content/wowproductimages/large/082700.jpg",
      "storeId": "woolworths",
      "packageSize": "500g",
      "cupPrice": "$18.00 / 1KG",
      "locations": {
        "ALL": { "price": 9, "discountRate": 18, "promo": "", "orgPrice": 11 }
      },
      "categoryIds": ["w-meat-seafood-deli"],
      "similarProducts": []
    },
    {
      "id": "w-700303-9339687057924",
      "name": "Woolworths Cook Chicken Kebab Honey Soy",
      "brand": "Woolworths",
      "imageUrls": "https://cdn0.woolworths.media/content/wowproductimages/large/700303.jpg",
      "storeId": "woolworths",
      "packageSize": "375g",
      "cupPrice": "$16.00 / 1KG",
      "locations": {
        "ALL": { "price": 6, "discountRate": 14, "promo": "", "orgPrice": 7 }
      },
      "categoryIds": ["w-meat-seafood-deli"],
      "similarProducts": []
    },
    {
      "id": "w-700300-9339687057917",
      "name": "Woolworths Cook Chicken Kebab Satay Style",
      "brand": "Woolworths",
      "imageUrls": "https://cdn0.woolworths.media/content/wowproductimages/large/700300.jpg",
      "storeId": "woolworths",
      "packageSize": "375g",
      "cupPrice": "$16.00 / 1KG",
      "locations": {
        "ALL": { "price": 6, "discountRate": 14, "promo": "", "orgPrice": 7 }
      },
      "categoryIds": ["w-meat-seafood-deli"],
      "similarProducts": []
    },
    {
      "id": "w-712268-9300633260378",
      "name": "Woolworths Cook Chicken Kebab Sweet Chilli Lime",
      "brand": "Woolworths",
      "imageUrls": "https://cdn0.woolworths.media/content/wowproductimages/large/712268.jpg",
      "storeId": "woolworths",
      "packageSize": "375g",
      "cupPrice": "$16.00 / 1KG",
      "locations": {
        "ALL": { "price": 6, "discountRate": 14, "promo": "", "orgPrice": 7 }
      },
      "categoryIds": ["w-meat-seafood-deli"],
      "similarProducts": []
    },
    {
      "id": "w-629442-9300633678364",
      "name": "Woolworths Cook Chicken Kebab Sweet Smokey Bbq",
      "brand": "Woolworths",
      "imageUrls": "https://cdn0.woolworths.media/content/wowproductimages/large/629442.jpg",
      "storeId": "woolworths",
      "packageSize": "375g",
      "cupPrice": "$16.00 / 1KG",
      "locations": {
        "ALL": { "price": 6, "discountRate": 14, "promo": "", "orgPrice": 7 }
      },
      "categoryIds": ["w-meat-seafood-deli"],
      "similarProducts": []
    },
    {
      "id": "w-362469-9300633167318",
      "name": "Woolworths Cook Chicken Kebabs Hoisin",
      "brand": "Woolworths",
      "imageUrls": "https://cdn0.woolworths.media/content/wowproductimages/large/362469.jpg",
      "storeId": "woolworths",
      "packageSize": "375g",
      "cupPrice": "$16.00 / 1KG",
      "locations": {
        "ALL": { "price": 6, "discountRate": 14, "promo": "", "orgPrice": 7 }
      },
      "categoryIds": ["w-meat-seafood-deli"],
      "similarProducts": []
    },
    {
      "id": "w-82724-9339687158386",
      "name": "Woolworths Cook Creamy Chicken Pot Pie With Bacon & Leek",
      "brand": "Woolworths",
      "imageUrls": "https://cdn0.woolworths.media/content/wowproductimages/large/082724.jpg",
      "storeId": "woolworths",
      "packageSize": "550g",
      "cupPrice": "$16.36 / 1KG",
      "locations": {
        "ALL": { "price": 9, "discountRate": 10, "promo": "", "orgPrice": 10 }
      },
      "categoryIds": ["w-meat-seafood-deli"],
      "similarProducts": []
    },
    {
      "id": "w-78165-9339687151356",
      "name": "Woolworths Creamy Chicken & Mushroom Risotto",
      "brand": "Woolworths",
      "imageUrls": "https://cdn0.woolworths.media/content/wowproductimages/large/078165.jpg",
      "storeId": "woolworths",
      "packageSize": "350g",
      "cupPrice": "$2.14 / 100G",
      "locations": {
        "ALL": {
          "price": 7.5,
          "discountRate": 12,
          "promo": "",
          "orgPrice": 8.5
        }
      },
      "categoryIds": ["w-meat-seafood-deli"],
      "similarProducts": []
    },
    {
      "id": "w-60029-9339687097784",
      "name": "Woolworths Free From Gluten Egg & Lettuce Sandwich",
      "brand": "Woolworths",
      "imageUrls": "https://cdn0.woolworths.media/content/wowproductimages/large/060029.jpg",
      "storeId": "woolworths",
      "packageSize": "124g",
      "cupPrice": "$4.84 / 100G",
      "locations": {
        "ALL": { "price": 6, "discountRate": 14, "promo": "", "orgPrice": 7 }
      },
      "categoryIds": ["w-meat-seafood-deli"],
      "similarProducts": []
    },
    {
      "id": "w-96057-0277659000006",
      "name": "Woolworths Fresh Pacific Oysters",
      "brand": "Woolworths",
      "imageUrls": "https://cdn0.woolworths.media/content/wowproductimages/large/096057.jpg",
      "storeId": "woolworths",
      "packageSize": "1 dozen",
      "cupPrice": "$1.50 / 1EA",
      "locations": {
        "ALL": {
          "price": 18,
          "discountRate": 10,
          "promo": "",
          "orgPrice": 20
        }
      },
      "categoryIds": ["w-meat-seafood-deli"],
      "similarProducts": []
    },
    {
      "id": "w-445352-9300633582449",
      "name": "Woolworths Frozen Basa Fillets",
      "brand": "Woolworths",
      "imageUrls": "https://cdn0.woolworths.media/content/wowproductimages/large/445352.jpg",
      "storeId": "woolworths",
      "packageSize": "1kg",
      "cupPrice": "$8.50 / 1KG",
      "locations": {
        "ALL": { "price": 8.5, "discountRate": 6, "promo": "", "orgPrice": 9 }
      },
      "categoryIds": ["w-meat-seafood-deli", "w-freezer"],
      "similarProducts": []
    },
    {
      "id": "w-36803-0274775000002",
      "name": "Woolworths Ham & Cheese Kiev",
      "brand": "Woolworths",
      "imageUrls": "https://cdn0.woolworths.media/content/wowproductimages/large/036803.jpg",
      "storeId": "woolworths",
      "packageSize": "each",
      "cupPrice": "$2.00 / 1EA",
      "locations": {
        "ALL": {
          "price": 2,
          "discountRate": 23,
          "promo": "",
          "orgPrice": 2.6
        }
      },
      "categoryIds": ["w-meat-seafood-deli"],
      "similarProducts": []
    },
    {
      "id": "w-589137-9300633645328",
      "name": "Woolworths Homestyle Beef Rissoles",
      "brand": "Woolworths",
      "imageUrls": "https://cdn0.woolworths.media/content/wowproductimages/large/589137.jpg",
      "storeId": "woolworths",
      "packageSize": "8 pack",
      "cupPrice": "$10.00 / 1KG",
      "locations": {
        "ALL": { "price": 6, "discountRate": 25, "promo": "", "orgPrice": 8 }
      },
      "categoryIds": ["w-meat-seafood-deli"],
      "similarProducts": []
    },
    {
      "id": "w-675623-2619000000002",
      "name": "Woolworths Pork Loin Chop Medium",
      "brand": "Woolworths",
      "imageUrls": "https://cdn0.woolworths.media/content/wowproductimages/large/675623.jpg",
      "storeId": "woolworths",
      "packageSize": "350g - 650g",
      "cupPrice": "$14.00 / 1KG",
      "locations": {
        "ALL": {
          "price": 9.1,
          "discountRate": 18,
          "promo": "",
          "orgPrice": 11.05
        }
      },
      "categoryIds": ["w-meat-seafood-deli"],
      "similarProducts": []
    },
    {
      "id": "w-675622-2618990000009",
      "name": "Woolworths Pork Ribs",
      "brand": "Woolworths",
      "imageUrls": "https://cdn0.woolworths.media/content/wowproductimages/large/675622.jpg",
      "storeId": "woolworths",
      "packageSize": "400g - 1.2kg",
      "cupPrice": "$17.00 / 1KG",
      "locations": {
        "ALL": {
          "price": 20.4,
          "discountRate": 6,
          "promo": "",
          "orgPrice": 21.6
        }
      },
      "categoryIds": ["w-meat-seafood-deli"],
      "similarProducts": []
    },
    {
      "id": "w-79944-9339687154739",
      "name": "Woolworths Pumpkin & Feta Risotto With Pepitas",
      "brand": "Woolworths",
      "imageUrls": "https://cdn0.woolworths.media/content/wowproductimages/large/079944.jpg",
      "storeId": "woolworths",
      "packageSize": "350g",
      "cupPrice": "$2.14 / 100G",
      "locations": {
        "ALL": {
          "price": 7.5,
          "discountRate": 12,
          "promo": "",
          "orgPrice": 8.5
        }
      },
      "categoryIds": ["w-meat-seafood-deli"],
      "similarProducts": []
    },
    {
      "id": "w-36217-0274539000002",
      "name": "Woolworths Sweet & Smokey Bbq Chicken Wings",
      "brand": "Woolworths",
      "imageUrls": "https://cdn0.woolworths.media/content/wowproductimages/large/036217.jpg",
      "storeId": "woolworths",
      "packageSize": "per kg",
      "cupPrice": "$7.00 / 1KG",
      "locations": {
        "ALL": { "price": 7, "discountRate": 13, "promo": "", "orgPrice": 8 }
      },
      "categoryIds": ["w-meat-seafood-deli"],
      "similarProducts": []
    },
    {
      "id": "w-46119-0274440000009",
      "name": "Woolworths Thawed Extra Large Cooked Tiger Prawns",
      "brand": "Woolworths",
      "imageUrls": "https://cdn0.woolworths.media/content/wowproductimages/large/046119.jpg",
      "storeId": "woolworths",
      "packageSize": "per kg",
      "cupPrice": "$29.00 / 1KG",
      "locations": {
        "ALL": {
          "price": 29,
          "discountRate": 15,
          "promo": "",
          "orgPrice": 34
        }
      },
      "categoryIds": ["w-meat-seafood-deli"],
      "similarProducts": []
    },
    {
      "id": "w-640123-9326105000006",
      "name": "Yarra Valley Persian Fetta Classic",
      "brand": "Yarra Valley",
      "imageUrls": "https://cdn0.woolworths.media/content/wowproductimages/large/640123.jpg",
      "storeId": "woolworths",
      "packageSize": "350g",
      "cupPrice": "$25.14 / 1KG",
      "locations": {
        "ALL": {
          "price": 8.8,
          "discountRate": 15,
          "promo": "",
          "orgPrice": 10.4
        }
      },
      "categoryIds": ["w-meat-seafood-deli", "w-dairy-eggs-fridge"],
      "similarProducts": []
    },
    {
      "id": "w-324007-8002710412007",
      "name": "Zanetti Firm Parmesan Cheese Grana Padano",
      "brand": "Zanetti",
      "imageUrls": "https://cdn0.woolworths.media/content/wowproductimages/large/324007.jpg",
      "storeId": "woolworths",
      "packageSize": "200g",
      "cupPrice": "$42.50 / 1KG",
      "locations": {
        "ALL": { "price": 8.5, "discountRate": 6, "promo": "", "orgPrice": 9 }
      },
      "categoryIds": ["w-meat-seafood-deli", "w-dairy-eggs-fridge"],
      "similarProducts": []
    },
    {
      "id": "w-341592-0278382000004",
      "name": "Chicken Wings Honey Soy",
      "brand": "Woolworths",
      "imageUrls": "https://cdn0.woolworths.media/content/wowproductimages/large/341592.jpg",
      "storeId": "woolworths",
      "packageSize": "per kg",
      "cupPrice": "$7.00 / 1KG",
      "locations": {
        "ALL": { "price": 7, "discountRate": 13, "promo": "", "orgPrice": 8 }
      },
      "categoryIds": ["w-meat-seafood-deli"],
      "similarProducts": []
    },
    {
      "id": "w-452512-0270609000002",
      "name": "Half Shell Scallop",
      "brand": "Woolworths",
      "imageUrls": "https://cdn0.woolworths.media/content/wowproductimages/large/452512.jpg",
      "storeId": "woolworths",
      "packageSize": "each",
      "cupPrice": "$1.00 / 1EA",
      "locations": {
        "ALL": {
          "price": 1,
          "discountRate": 17,
          "promo": "",
          "orgPrice": 1.2
        }
      },
      "categoryIds": ["w-meat-seafood-deli"],
      "similarProducts": []
    },
    {
      "id": "w-765046-2610450000000",
      "name": "Lamb Cutlets 8-14 Pieces",
      "brand": "Woolworths",
      "imageUrls": "https://cdn0.woolworths.media/content/wowproductimages/large/765046.jpg",
      "storeId": "woolworths",
      "packageSize": "500g - 900g",
      "cupPrice": "$35.00 / 1KG",
      "locations": {
        "ALL": {
          "price": 31.5,
          "discountRate": 17,
          "promo": "",
          "orgPrice": 37.8
        }
      },
      "categoryIds": ["w-meat-seafood-deli"],
      "similarProducts": []
    },
    {
      "id": "w-593307-0271639000000",
      "name": "Thawed Marinara Mix",
      "brand": "Woolworths",
      "imageUrls": "https://cdn0.woolworths.media/content/wowproductimages/large/593307.jpg",
      "storeId": "woolworths",
      "packageSize": "per kg",
      "cupPrice": "$12.00 / 1KG",
      "locations": {
        "ALL": {
          "price": 12,
          "discountRate": 11,
          "promo": "",
          "orgPrice": 13.5
        }
      },
      "categoryIds": ["w-meat-seafood-deli"],
      "similarProducts": []
    },
    {
      "id": "w-852474-9350007005715",
      "name": "Bare Bakers Choc Brownie",
      "brand": "Bare Bakers",
      "imageUrls": "https://cdn0.woolworths.media/content/wowproductimages/large/852474.jpg",
      "storeId": "woolworths",
      "packageSize": "270g",
      "cupPrice": "$2.04 / 100G",
      "locations": {
        "ALL": {
          "price": 5.5,
          "discountRate": 15,
          "promo": "",
          "orgPrice": 6.5
        }
      },
      "categoryIds": ["w-bakery"],
      "similarProducts": []
    },
    {
      "id": "w-65406-9350007006057",
      "name": "Bare Bakers Coconut Brownie Slice",
      "brand": "Bare Bakers",
      "imageUrls": "https://cdn0.woolworths.media/content/wowproductimages/large/065406.jpg",
      "storeId": "woolworths",
      "packageSize": "270g",
      "cupPrice": "$2.04 / 100G",
      "locations": {
        "ALL": {
          "price": 5.5,
          "discountRate": 15,
          "promo": "",
          "orgPrice": 6.5
        }
      },
      "categoryIds": ["w-bakery"],
      "similarProducts": []
    },
    {
      "id": "w-852475-9350007003049",
      "name": "Bare Bakers Salted Caramel Choc Brownie",
      "brand": "Bare Bakers",
      "imageUrls": "https://cdn0.woolworths.media/content/wowproductimages/large/852475.jpg",
      "storeId": "woolworths",
      "packageSize": "270g",
      "cupPrice": "$2.04 / 100G",
      "locations": {
        "ALL": {
          "price": 5.5,
          "discountRate": 15,
          "promo": "",
          "orgPrice": 6.5
        }
      },
      "categoryIds": ["w-bakery"],
      "similarProducts": []
    },
    {
      "id": "w-49622-9310043003014",
      "name": "Golden Crumpets Round",
      "brand": "Golden",
      "imageUrls": "https://cdn0.woolworths.media/content/wowproductimages/large/049622.jpg",
      "storeId": "woolworths",
      "packageSize": "6 pack",
      "cupPrice": "$0.31 / 1EA",
      "locations": {
        "ALL": {
          "price": 1.85,
          "discountRate": 50,
          "promo": "",
          "orgPrice": 3.7
        }
      },
      "categoryIds": ["w-bakery"],
      "similarProducts": []
    },
    {
      "id": "w-31560-9310043003076",
      "name": "Golden Crumpets Round Wholemeal",
      "brand": "Golden",
      "imageUrls": "https://cdn0.woolworths.media/content/wowproductimages/large/031560.jpg",
      "storeId": "woolworths",
      "packageSize": "6 pack",
      "cupPrice": "$0.31 / 1EA",
      "locations": {
        "ALL": {
          "price": 1.85,
          "discountRate": 50,
          "promo": "",
          "orgPrice": 3.7
        }
      },
      "categoryIds": ["w-bakery"],
      "similarProducts": []
    },
    {
      "id": "w-808558-3587220002924",
      "name": "Gourmet Brioche Butter Loaf",
      "brand": "Gourmet Brioche",
      "imageUrls": "https://cdn0.woolworths.media/content/wowproductimages/large/808558.jpg",
      "storeId": "woolworths",
      "packageSize": "400g",
      "cupPrice": "$1.50 / 100G",
      "locations": {
        "ALL": { "price": 6, "discountRate": 14, "promo": "", "orgPrice": 7 }
      },
      "categoryIds": ["w-bakery"],
      "similarProducts": []
    },
    {
      "id": "w-105005-9310023144966",
      "name": "Helga's Digestive Wellbeing Barley Seeds & Grain",
      "brand": "Helga's",
      "imageUrls": "https://cdn0.woolworths.media/content/wowproductimages/large/105005.jpg",
      "storeId": "woolworths",
      "packageSize": "700g",
      "cupPrice": "$0.56 / 100G",
      "locations": {
        "ALL": {
          "price": 3.9,
          "discountRate": 28,
          "promo": "",
          "orgPrice": 5.4
        }
      },
      "categoryIds": ["w-bakery"],
      "similarProducts": []
    },
    {
      "id": "w-103433-9310023144942",
      "name": "Helga's Digestive Wellbeing Barley White",
      "brand": "Helga's",
      "imageUrls": "https://cdn0.woolworths.media/content/wowproductimages/large/103433.jpg",
      "storeId": "woolworths",
      "packageSize": "700g",
      "cupPrice": "$0.56 / 100G",
      "locations": {
        "ALL": {
          "price": 3.9,
          "discountRate": 28,
          "promo": "",
          "orgPrice": 5.4
        }
      },
      "categoryIds": ["w-bakery"],
      "similarProducts": []
    },
    {
      "id": "w-103316-9310023144959",
      "name": "Helga's Digestive Wellbeing Wholemeal",
      "brand": "Helga's",
      "imageUrls": "https://cdn0.woolworths.media/content/wowproductimages/large/103316.jpg",
      "storeId": "woolworths",
      "packageSize": "700g",
      "cupPrice": "$0.56 / 100G",
      "locations": {
        "ALL": {
          "price": 3.9,
          "discountRate": 28,
          "promo": "",
          "orgPrice": 5.4
        }
      },
      "categoryIds": ["w-bakery"],
      "similarProducts": []
    },
    {
      "id": "w-105076-9310023145031",
      "name": "Helga's Mixed Grain Mini Loaf",
      "brand": "Helga's",
      "imageUrls": "https://cdn0.woolworths.media/content/wowproductimages/large/105076.jpg",
      "storeId": "woolworths",
      "packageSize": "415g",
      "cupPrice": "$0.60 / 100G",
      "locations": {
        "ALL": {
          "price": 2.5,
          "discountRate": 14,
          "promo": "",
          "orgPrice": 2.9
        }
      },
      "categoryIds": ["w-bakery"],
      "similarProducts": []
    },
    {
      "id": "w-102976-9310023145017",
      "name": "Helga's Traditional White Mini Loaf",
      "brand": "Helga's",
      "imageUrls": "https://cdn0.woolworths.media/content/wowproductimages/large/102976.jpg",
      "storeId": "woolworths",
      "packageSize": "360g",
      "cupPrice": "$0.69 / 100G",
      "locations": {
        "ALL": {
          "price": 2.5,
          "discountRate": 14,
          "promo": "",
          "orgPrice": 2.9
        }
      },
      "categoryIds": ["w-bakery"],
      "similarProducts": []
    },
    {
      "id": "w-103783-9310023145024",
      "name": "Helga's Traditional Wholemeal Mini Loaf",
      "brand": "Helga's",
      "imageUrls": "https://cdn0.woolworths.media/content/wowproductimages/large/103783.jpg",
      "storeId": "woolworths",
      "packageSize": "360g",
      "cupPrice": "$0.69 / 100G",
      "locations": {
        "ALL": {
          "price": 2.5,
          "discountRate": 14,
          "promo": "",
          "orgPrice": 2.9
        }
      },
      "categoryIds": ["w-bakery"],
      "similarProducts": []
    },
    {
      "id": "w-494288-9310023143228",
      "name": "Helga's Turkish Bread White",
      "brand": "Helga's",
      "imageUrls": "https://cdn0.woolworths.media/content/wowproductimages/large/494288.jpg",
      "storeId": "woolworths",
      "packageSize": "450g",
      "cupPrice": "$0.80 / 100G",
      "locations": {
        "ALL": {
          "price": 3.6,
          "discountRate": 10,
          "promo": "",
          "orgPrice": 4
        }
      },
      "categoryIds": ["w-bakery"],
      "similarProducts": []
    },
    {
      "id": "w-657073-9310571010133",
      "name": "Meb Fresh Wraps White 6 Piece",
      "brand": "Meb",
      "imageUrls": "https://cdn0.woolworths.media/content/wowproductimages/large/657073.jpg",
      "storeId": "woolworths",
      "packageSize": "each",
      "cupPrice": "$0.80 / 100G",
      "locations": {
        "ALL": {
          "price": 2,
          "discountRate": 32,
          "promo": "",
          "orgPrice": 2.95
        }
      },
      "categoryIds": ["w-bakery"],
      "similarProducts": []
    },
    {
      "id": "w-657080-9310571010140",
      "name": "Meb Fresh Wraps Dark Rye 6 Piece",
      "brand": "Meb",
      "imageUrls": "https://cdn0.woolworths.media/content/wowproductimages/large/657080.jpg",
      "storeId": "woolworths",
      "packageSize": "each",
      "cupPrice": "$0.80 / 100G",
      "locations": {
        "ALL": {
          "price": 2,
          "discountRate": 32,
          "promo": "",
          "orgPrice": 2.95
        }
      },
      "categoryIds": ["w-bakery"],
      "similarProducts": []
    },
    {
      "id": "w-957684-9310023142986",
      "name": "Mighty Soft Fruit Loaf Cafe Style",
      "brand": "Mighty Soft",
      "imageUrls": "https://cdn0.woolworths.media/content/wowproductimages/large/957684.jpg",
      "storeId": "woolworths",
      "packageSize": "600g",
      "cupPrice": "$0.50 / 100G",
      "locations": {
        "ALL": { "price": 3, "discountRate": 50, "promo": "", "orgPrice": 6 }
      },
      "categoryIds": ["w-bakery"],
      "similarProducts": []
    },
    {
      "id": "w-94244-9310023144973",
      "name": "Mighty Soft Fruity-licious Apple Fig & Caramel Loaf",
      "brand": "Mighty Soft",
      "imageUrls": "https://cdn0.woolworths.media/content/wowproductimages/large/094244.jpg",
      "storeId": "woolworths",
      "packageSize": "560g",
      "cupPrice": "$0.57 / 100G",
      "locations": {
        "ALL": {
          "price": 3.2,
          "discountRate": 50,
          "promo": "",
          "orgPrice": 6.4
        }
      },
      "categoryIds": ["w-bakery"],
      "similarProducts": []
    },
    {
      "id": "w-94115-9310023144980",
      "name": "Mighty Soft Fruity-licious Cranberry Raspberry & Spice Loaf",
      "brand": "Mighty Soft",
      "imageUrls": "https://cdn0.woolworths.media/content/wowproductimages/large/094115.jpg",
      "storeId": "woolworths",
      "packageSize": "560g",
      "cupPrice": "$0.57 / 100G",
      "locations": {
        "ALL": {
          "price": 3.2,
          "discountRate": 50,
          "promo": "",
          "orgPrice": 6.4
        }
      },
      "categoryIds": ["w-bakery"],
      "similarProducts": []
    },
    {
      "id": "w-803322-9317224404363",
      "name": "Mission Organic White Wrap",
      "brand": "Mission",
      "imageUrls": "https://cdn0.woolworths.media/content/wowproductimages/large/803322.jpg",
      "storeId": "woolworths",
      "packageSize": "5 pack",
      "cupPrice": "$1.67 / 100G",
      "locations": {
        "ALL": { "price": 4, "discountRate": 20, "promo": "", "orgPrice": 5 }
      },
      "categoryIds": ["w-bakery"],
      "similarProducts": []
    },
    {
      "id": "w-803323-9317224404394",
      "name": "Mission Organic Wholemeal Wrap",
      "brand": "Mission",
      "imageUrls": "https://cdn0.woolworths.media/content/wowproductimages/large/803323.jpg",
      "storeId": "woolworths",
      "packageSize": "5 pack",
      "cupPrice": "$1.67 / 100G",
      "locations": {
        "ALL": { "price": 4, "discountRate": 20, "promo": "", "orgPrice": 5 }
      },
      "categoryIds": ["w-bakery"],
      "similarProducts": []
    },
    {
      "id": "w-384987-9317224401621",
      "name": "Mission Pizza Bases Round",
      "brand": "Mission",
      "imageUrls": "https://cdn0.woolworths.media/content/wowproductimages/large/384987.jpg",
      "storeId": "woolworths",
      "packageSize": "2pk 200g",
      "cupPrice": "$1.50 / 100G",
      "locations": {
        "ALL": {
          "price": 3,
          "discountRate": 29,
          "promo": "",
          "orgPrice": 4.2
        }
      },
      "categoryIds": ["w-bakery"],
      "similarProducts": []
    },
    {
      "id": "w-384989-9317224401638",
      "name": "Mission Round Pizza Bases Garlic",
      "brand": "Mission",
      "imageUrls": "https://cdn0.woolworths.media/content/wowproductimages/large/384989.jpg",
      "storeId": "woolworths",
      "packageSize": "2 pack",
      "cupPrice": "$1.50 / 100G",
      "locations": {
        "ALL": {
          "price": 3,
          "discountRate": 29,
          "promo": "",
          "orgPrice": 4.2
        }
      },
      "categoryIds": ["w-bakery"],
      "similarProducts": []
    },
    {
      "id": "w-55222-8411037892315",
      "name": "Mr Brownie Coconut Brownie",
      "brand": "Mr Brownie",
      "imageUrls": "https://cdn0.woolworths.media/content/wowproductimages/large/055222.jpg",
      "storeId": "woolworths",
      "packageSize": "200g",
      "cupPrice": "$1.75 / 100G",
      "locations": {
        "ALL": {
          "price": 3.5,
          "discountRate": 30,
          "promo": "",
          "orgPrice": 5
        }
      },
      "categoryIds": ["w-bakery"],
      "similarProducts": []
    },
    {
      "id": "w-66911-9339423008678",
      "name": "Tip Top Burger Thins",
      "brand": "Tip Top",
      "imageUrls": "https://cdn0.woolworths.media/content/wowproductimages/large/066911.jpg",
      "storeId": "woolworths",
      "packageSize": "240g",
      "cupPrice": "$1.40 / 100G",
      "locations": {
        "ALL": {
          "price": 2.8,
          "discountRate": 20,
          "promo": "",
          "orgPrice": 3.5
        }
      },
      "categoryIds": ["w-bakery"],
      "similarProducts": []
    },
    {
      "id": "w-3805-9339423008524",
      "name": "Tip Top Raisin Toast",
      "brand": "Tip Top",
      "imageUrls": "https://cdn0.woolworths.media/content/wowproductimages/large/003805.jpg",
      "storeId": "woolworths",
      "packageSize": "520g",
      "cupPrice": "$0.62 / 100G",
      "locations": {
        "ALL": {
          "price": 3.2,
          "discountRate": 20,
          "promo": "",
          "orgPrice": 4
        }
      },
      "categoryIds": ["w-bakery"],
      "similarProducts": []
    },
    {
      "id": "w-603722-9339423007305",
      "name": "Tip Top Sandwich Thins Lightly Seeded",
      "brand": "Tip Top",
      "imageUrls": "https://cdn0.woolworths.media/content/wowproductimages/large/603722.jpg",
      "storeId": "woolworths",
      "packageSize": "6 pack",
      "cupPrice": "$1.17 / 100G",
      "locations": {
        "ALL": {
          "price": 2.8,
          "discountRate": 20,
          "promo": "",
          "orgPrice": 3.5
        }
      },
      "categoryIds": ["w-bakery", "w-lunch-box"],
      "similarProducts": []
    },
    {
      "id": "w-603316-9339423007282",
      "name": "Tip Top Sandwich Thins Original",
      "brand": "Tip Top",
      "imageUrls": "https://cdn0.woolworths.media/content/wowproductimages/large/603316.jpg",
      "storeId": "woolworths",
      "packageSize": "6 pack",
      "cupPrice": "$1.17 / 100G",
      "locations": {
        "ALL": {
          "price": 2.8,
          "discountRate": 20,
          "promo": "",
          "orgPrice": 3.5
        }
      },
      "categoryIds": ["w-bakery"],
      "similarProducts": []
    },
    {
      "id": "w-603317-9339423007299",
      "name": "Tip Top Sandwich Thins Wholemeal",
      "brand": "Tip Top",
      "imageUrls": "https://cdn0.woolworths.media/content/wowproductimages/large/603317.jpg",
      "storeId": "woolworths",
      "packageSize": "6 pack",
      "cupPrice": "$1.17 / 100G",
      "locations": {
        "ALL": {
          "price": 2.8,
          "discountRate": 20,
          "promo": "",
          "orgPrice": 3.5
        }
      },
      "categoryIds": ["w-bakery", "w-lunch-box"],
      "similarProducts": []
    },
    {
      "id": "w-586264-9350007002523",
      "name": "Toscano Tiramisu",
      "brand": "Toscano",
      "imageUrls": "https://cdn0.woolworths.media/content/wowproductimages/large/586264.jpg",
      "storeId": "woolworths",
      "packageSize": "500g",
      "cupPrice": "$1.30 / 100G",
      "locations": {
        "ALL": {
          "price": 6.5,
          "discountRate": 19,
          "promo": "",
          "orgPrice": 8
        }
      },
      "categoryIds": ["w-bakery"],
      "similarProducts": []
    },
    {
      "id": "w-738639-9310023139955",
      "name": "Wonder White Hi Fibre Soft Wraps",
      "brand": "Wonder",
      "imageUrls": "https://cdn0.woolworths.media/content/wowproductimages/large/738639.jpg",
      "storeId": "woolworths",
      "packageSize": "6 pack",
      "cupPrice": "$0.64 / 100G",
      "locations": {
        "ALL": { "price": 2, "discountRate": 50, "promo": "", "orgPrice": 4 }
      },
      "categoryIds": ["w-bakery", "w-lunch-box"],
      "similarProducts": []
    },
    {
      "id": "w-61194-9339687133130",
      "name": "Woolworths Caramel Bar Slice",
      "brand": "Woolworths",
      "imageUrls": "https://cdn0.woolworths.media/content/wowproductimages/large/061194.jpg",
      "storeId": "woolworths",
      "packageSize": "260g",
      "cupPrice": "$1.65 / 100G",
      "locations": {
        "ALL": {
          "price": 4.3,
          "discountRate": 34,
          "promo": "",
          "orgPrice": 6.5
        }
      },
      "categoryIds": ["w-bakery"],
      "similarProducts": []
    },
    {
      "id": "w-51722-9339687102662",
      "name": "Woolworths Chicken & Mushroom Pie",
      "brand": "Woolworths",
      "imageUrls": "https://cdn0.woolworths.media/content/wowproductimages/large/051722.jpg",
      "storeId": "woolworths",
      "packageSize": "700g",
      "cupPrice": "$1.71 / 100G",
      "locations": {
        "ALL": {
          "price": 12,
          "discountRate": 11,
          "promo": "",
          "orgPrice": 13.5
        }
      },
      "categoryIds": ["w-bakery"],
      "similarProducts": []
    },
    {
      "id": "w-706502-9339687060627",
      "name": "Woolworths Chocolate & Hazelnut Mousse Slice",
      "brand": "Woolworths",
      "imageUrls": "https://cdn0.woolworths.media/content/wowproductimages/large/706502.jpg",
      "storeId": "woolworths",
      "packageSize": "2 pack",
      "cupPrice": "$2.40 / 100G",
      "locations": {
        "ALL": { "price": 4.8, "discountRate": 4, "promo": "", "orgPrice": 5 }
      },
      "categoryIds": ["w-bakery"],
      "similarProducts": []
    },
    {
      "id": "w-61195-9339687133147",
      "name": "Woolworths Chocolate Peppermint Bar Slice",
      "brand": "Woolworths",
      "imageUrls": "https://cdn0.woolworths.media/content/wowproductimages/large/061195.jpg",
      "storeId": "woolworths",
      "packageSize": "280g",
      "cupPrice": "$1.54 / 100G",
      "locations": {
        "ALL": {
          "price": 4.3,
          "discountRate": 34,
          "promo": "",
          "orgPrice": 6.5
        }
      },
      "categoryIds": ["w-bakery"],
      "similarProducts": []
    },
    {
      "id": "w-61196-9339687133154",
      "name": "Woolworths Cookie Caramel Bar Slice",
      "brand": "Woolworths",
      "imageUrls": "https://cdn0.woolworths.media/content/wowproductimages/large/061196.jpg",
      "storeId": "woolworths",
      "packageSize": "280g",
      "cupPrice": "$1.54 / 100G",
      "locations": {
        "ALL": {
          "price": 4.3,
          "discountRate": 34,
          "promo": "",
          "orgPrice": 6.5
        }
      },
      "categoryIds": ["w-bakery"],
      "similarProducts": []
    },
    {
      "id": "w-706501-9339687060610",
      "name": "Woolworths Creamy Vanilla Slice",
      "brand": "Woolworths",
      "imageUrls": "https://cdn0.woolworths.media/content/wowproductimages/large/706501.jpg",
      "storeId": "woolworths",
      "packageSize": "2 pack",
      "cupPrice": "$1.78 / 100G",
      "locations": {
        "ALL": { "price": 4.8, "discountRate": 4, "promo": "", "orgPrice": 5 }
      },
      "categoryIds": ["w-bakery"],
      "similarProducts": []
    },
    {
      "id": "w-38214-0280415000004",
      "name": "Woolworths Fresh Donuts Cinnamon",
      "brand": "Woolworths",
      "imageUrls": "https://cdn0.woolworths.media/content/wowproductimages/large/038214.jpg",
      "storeId": "woolworths",
      "packageSize": "12 pack",
      "cupPrice": "$0.21 / 1EA",
      "locations": {
        "ALL": {
          "price": 2.5,
          "discountRate": 17,
          "promo": "",
          "orgPrice": 3
        }
      },
      "categoryIds": ["w-bakery", "w-lunch-box"],
      "similarProducts": []
    },
    {
      "id": "w-159781-0284635000004",
      "name": "Woolworths Lamington Sponge Fresh Cream Jam",
      "brand": "Woolworths",
      "imageUrls": "https://cdn0.woolworths.media/content/wowproductimages/large/159781.jpg",
      "storeId": "woolworths",
      "packageSize": "225g",
      "cupPrice": "$4.50 / 1EA",
      "locations": {
        "ALL": {
          "price": 4.5,
          "discountRate": 10,
          "promo": "",
          "orgPrice": 5
        }
      },
      "categoryIds": ["w-bakery"],
      "similarProducts": []
    },
    {
      "id": "w-333359-0283711000006",
      "name": "Woolworths Mini Croissant",
      "brand": "Woolworths",
      "imageUrls": "https://cdn0.woolworths.media/content/wowproductimages/large/333359.jpg",
      "storeId": "woolworths",
      "packageSize": "8 pack",
      "cupPrice": "$0.44 / 1EA",
      "locations": {
        "ALL": {
          "price": 3.5,
          "discountRate": 13,
          "promo": "",
          "orgPrice": 4
        }
      },
      "categoryIds": ["w-bakery", "w-lunch-box"],
      "similarProducts": []
    },
    {
      "id": "w-101022-0285965000009",
      "name": "Woolworths Mini Garlic Scroll",
      "brand": "Woolworths",
      "imageUrls": "https://cdn0.woolworths.media/content/wowproductimages/large/101022.jpg",
      "storeId": "woolworths",
      "packageSize": "6 pack",
      "cupPrice": "$0.58 / 1EA",
      "locations": {
        "ALL": {
          "price": 3.5,
          "discountRate": 13,
          "promo": "",
          "orgPrice": 4
        }
      },
      "categoryIds": ["w-bakery"],
      "similarProducts": []
    },
    {
      "id": "w-512256-0286674000007",
      "name": "Woolworths Mini Mighty Cheese Pinwheel",
      "brand": "Woolworths",
      "imageUrls": "https://cdn0.woolworths.media/content/wowproductimages/large/512256.jpg",
      "storeId": "woolworths",
      "packageSize": "8 pack",
      "cupPrice": "$0.44 / 1EA",
      "locations": {
        "ALL": {
          "price": 3.5,
          "discountRate": 13,
          "promo": "",
          "orgPrice": 4
        }
      },
      "categoryIds": ["w-bakery", "w-lunch-box"],
      "similarProducts": []
    },
    {
      "id": "w-101008-0285963000001",
      "name": "Woolworths Mini Pizza Scroll",
      "brand": "Woolworths",
      "imageUrls": "https://cdn0.woolworths.media/content/wowproductimages/large/101008.jpg",
      "storeId": "woolworths",
      "packageSize": "6 pack",
      "cupPrice": "$0.58 / 1EA",
      "locations": {
        "ALL": {
          "price": 3.5,
          "discountRate": 13,
          "promo": "",
          "orgPrice": 4
        }
      },
      "categoryIds": ["w-bakery"],
      "similarProducts": []
    },
    {
      "id": "w-259767-0280513000005",
      "name": "Woolworths Scone Homestyle Buttermilk",
      "brand": "Woolworths",
      "imageUrls": "https://cdn0.woolworths.media/content/wowproductimages/large/259767.jpg",
      "storeId": "woolworths",
      "packageSize": "6 pack",
      "cupPrice": "$0.50 / 1EA",
      "locations": {
        "ALL": {
          "price": 3,
          "discountRate": 33,
          "promo": "",
          "orgPrice": 4.5
        }
      },
      "categoryIds": ["w-bakery", "w-lunch-box"],
      "similarProducts": []
    },
    {
      "id": "w-66973-0285286000009",
      "name": "Large Croissants",
      "brand": "Woolworths",
      "imageUrls": "https://cdn0.woolworths.media/content/wowproductimages/large/066973.jpg",
      "storeId": "woolworths",
      "packageSize": "4 pack",
      "cupPrice": "$0.00 / 0",
      "locations": {
        "ALL": { "price": 3, "discountRate": 25, "promo": "", "orgPrice": 4 }
      },
      "categoryIds": ["w-bakery"],
      "similarProducts": []
    },
    {
      "id": "w-517746-0284909000006",
      "name": "Mini Chocolate Croissant",
      "brand": "Woolworths",
      "imageUrls": "https://cdn0.woolworths.media/content/wowproductimages/large/517746.jpg",
      "storeId": "woolworths",
      "packageSize": "8 pack",
      "cupPrice": "$0.44 / 1EA",
      "locations": {
        "ALL": {
          "price": 3.5,
          "discountRate": 13,
          "promo": "",
          "orgPrice": 4
        }
      },
      "categoryIds": ["w-bakery", "w-lunch-box"],
      "similarProducts": []
    },
    {
      "id": "w-101011-0285964000000",
      "name": "Mini Mighty Cheese Scroll",
      "brand": "Woolworths",
      "imageUrls": "https://cdn0.woolworths.media/content/wowproductimages/large/101011.jpg",
      "storeId": "woolworths",
      "packageSize": "6 pack",
      "cupPrice": "$0.58 / 1EA",
      "locations": {
        "ALL": {
          "price": 3.5,
          "discountRate": 13,
          "promo": "",
          "orgPrice": 4
        }
      },
      "categoryIds": ["w-bakery"],
      "similarProducts": []
    },
    {
      "id": "w-855562-9421902960239",
      "name": "A2 Full Cream Milk Powder",
      "brand": "A2",
      "imageUrls": "https://cdn0.woolworths.media/content/wowproductimages/large/855562.jpg",
      "storeId": "woolworths",
      "packageSize": "1kg",
      "cupPrice": "$1.30 / 100G",
      "locations": {
        "ALL": {
          "price": 13,
          "discountRate": 13,
          "promo": "",
          "orgPrice": 15
        }
      },
      "categoryIds": ["w-dairy-eggs-fridge", "w-drinks"],
      "similarProducts": []
    },
    {
      "id": "w-802675-9369998015603",
      "name": "Almo Unsweetened Almond Milk",
      "brand": "Almo",
      "imageUrls": "https://cdn0.woolworths.media/content/wowproductimages/large/802675.jpg",
      "storeId": "woolworths",
      "packageSize": "1l",
      "cupPrice": "$4.80 / 1L",
      "locations": {
        "ALL": {
          "price": 4.8,
          "discountRate": 20,
          "promo": "",
          "orgPrice": 6
        }
      },
      "categoryIds": ["w-dairy-eggs-fridge"],
      "similarProducts": []
    },
    {
      "id": "w-841234-876681000338",
      "name": "Ancient Fire Garlic Naan Bread",
      "brand": "Ancient Fire",
      "imageUrls": "https://cdn0.woolworths.media/content/wowproductimages/large/841234.jpg",
      "storeId": "woolworths",
      "packageSize": "250g",
      "cupPrice": "$0.80 / 100G",
      "locations": {
        "ALL": {
          "price": 2,
          "discountRate": 43,
          "promo": "",
          "orgPrice": 3.5
        }
      },
      "categoryIds": ["w-dairy-eggs-fridge"],
      "similarProducts": []
    },
    {
      "id": "w-841260-876681000079",
      "name": "Ancient Fire Original Naan Bread",
      "brand": "Ancient Fire",
      "imageUrls": "https://cdn0.woolworths.media/content/wowproductimages/large/841260.jpg",
      "storeId": "woolworths",
      "packageSize": "250g",
      "cupPrice": "$0.80 / 100G",
      "locations": {
        "ALL": {
          "price": 2,
          "discountRate": 43,
          "promo": "",
          "orgPrice": 3.5
        }
      },
      "categoryIds": ["w-dairy-eggs-fridge"],
      "similarProducts": []
    },
    {
      "id": "w-64377-9310121070174",
      "name": "Angas Park Good To Go Cheese And Olive",
      "brand": "Angas Park",
      "imageUrls": "https://cdn0.woolworths.media/content/wowproductimages/large/064377.jpg",
      "storeId": "woolworths",
      "packageSize": "40g",
      "cupPrice": "$62.50 / 1KG",
      "locations": {
        "ALL": {
          "price": 2.5,
          "discountRate": 17,
          "promo": "",
          "orgPrice": 3
        }
      },
      "categoryIds": ["w-dairy-eggs-fridge"],
      "similarProducts": []
    },
    {
      "id": "w-78134-9310121070181",
      "name": "Angas Park Good To Go Tasty Cheese & Cabanossi",
      "brand": "Angas Park",
      "imageUrls": "https://cdn0.woolworths.media/content/wowproductimages/large/078134.jpg",
      "storeId": "woolworths",
      "packageSize": "40g",
      "cupPrice": "$62.50 / 1KG",
      "locations": {
        "ALL": {
          "price": 2.5,
          "discountRate": 17,
          "promo": "",
          "orgPrice": 3
        }
      },
      "categoryIds": ["w-dairy-eggs-fridge"],
      "similarProducts": []
    },
    {
      "id": "w-66071-9315090210750",
      "name": "Australia's Own Organic Almond Unsweetened",
      "brand": "Australia's Own",
      "imageUrls": "https://cdn0.woolworths.media/content/wowproductimages/large/066071.jpg",
      "storeId": "woolworths",
      "packageSize": "2l",
      "cupPrice": "$2.25 / 1L",
      "locations": {
        "ALL": {
          "price": 4.5,
          "discountRate": 10,
          "promo": "",
          "orgPrice": 5
        }
      },
      "categoryIds": ["w-dairy-eggs-fridge", "w-drinks"],
      "similarProducts": []
    },
    {
      "id": "w-295443-3073780968508",
      "name": "Babybel Mini Cheese Portions",
      "brand": "Babybel",
      "imageUrls": "https://cdn0.woolworths.media/content/wowproductimages/large/295443.jpg",
      "storeId": "woolworths",
      "packageSize": "100g",
      "cupPrice": "$38.00 / 1KG",
      "locations": {
        "ALL": {
          "price": 3.8,
          "discountRate": 21,
          "promo": "",
          "orgPrice": 4.8
        }
      },
      "categoryIds": ["w-dairy-eggs-fridge", "w-lunch-box"],
      "similarProducts": []
    },
    {
      "id": "w-260963-3073780965828",
      "name": "Babybel Mini Light Tasty Cheese Portions",
      "brand": "Babybel",
      "imageUrls": "https://cdn0.woolworths.media/content/wowproductimages/large/260963.jpg",
      "storeId": "woolworths",
      "packageSize": "100g",
      "cupPrice": "$38.00 / 1KG",
      "locations": {
        "ALL": {
          "price": 3.8,
          "discountRate": 21,
          "promo": "",
          "orgPrice": 4.8
        }
      },
      "categoryIds": ["w-dairy-eggs-fridge", "w-lunch-box"],
      "similarProducts": []
    },
    {
      "id": "w-585102-9300624031543",
      "name": "Barista Bros Double Espresso Iced Coffee Flavoured Milk",
      "brand": "Barista Bros",
      "imageUrls": "https://cdn0.woolworths.media/content/wowproductimages/large/585102.jpg",
      "storeId": "woolworths",
      "packageSize": "700ml",
      "cupPrice": "$4.00 / 1L",
      "locations": {
        "ALL": {
          "price": 2.8,
          "discountRate": 20,
          "promo": "",
          "orgPrice": 3.5
        }
      },
      "categoryIds": ["w-dairy-eggs-fridge"],
      "similarProducts": []
    },
    {
      "id": "w-585091-9300624031505",
      "name": "Barista Bros Iced Chocolate Flavoured Milk",
      "brand": "Barista Bros",
      "imageUrls": "https://cdn0.woolworths.media/content/wowproductimages/large/585091.jpg",
      "storeId": "woolworths",
      "packageSize": "700ml",
      "cupPrice": "$4.00 / 1L",
      "locations": {
        "ALL": {
          "price": 2.8,
          "discountRate": 20,
          "promo": "",
          "orgPrice": 3.5
        }
      },
      "categoryIds": ["w-dairy-eggs-fridge"],
      "similarProducts": []
    },
    {
      "id": "w-265033-9415837000337",
      "name": "Bean Supreme Sage Parsley Rosemary Sausages",
      "brand": "Bean Supreme",
      "imageUrls": "https://cdn0.woolworths.media/content/wowproductimages/large/265033.jpg",
      "storeId": "woolworths",
      "packageSize": "375g",
      "cupPrice": "$1.60 / 100G",
      "locations": {
        "ALL": { "price": 6, "discountRate": 25, "promo": "", "orgPrice": 8 }
      },
      "categoryIds": ["w-dairy-eggs-fridge", "w-pantry"],
      "similarProducts": []
    },
    {
      "id": "w-226463-9310264912829",
      "name": "Bega So Light 50% Reduced Fat Cheese Slices",
      "brand": "Bega",
      "imageUrls": "https://cdn0.woolworths.media/content/wowproductimages/large/226463.jpg",
      "storeId": "woolworths",
      "packageSize": "30 pack",
      "cupPrice": "$15.00 / 1KG",
      "locations": {
        "ALL": {
          "price": 7.5,
          "discountRate": 17,
          "promo": "",
          "orgPrice": 9
        }
      },
      "categoryIds": ["w-dairy-eggs-fridge", "w-lunch-box"],
      "similarProducts": []
    },
    {
      "id": "w-769525-9310264912782",
      "name": "Bega Strong & Bitey Vintage Cheese Slices",
      "brand": "Bega",
      "imageUrls": "https://cdn0.woolworths.media/content/wowproductimages/large/769525.jpg",
      "storeId": "woolworths",
      "packageSize": "500g",
      "cupPrice": "$15.00 / 1KG",
      "locations": {
        "ALL": {
          "price": 7.5,
          "discountRate": 17,
          "promo": "",
          "orgPrice": 9
        }
      },
      "categoryIds": ["w-dairy-eggs-fridge", "w-lunch-box"],
      "similarProducts": []
    },
    {
      "id": "w-769558-9310264912768",
      "name": "Bega Tasty Cheese Slices",
      "brand": "Bega",
      "imageUrls": "https://cdn0.woolworths.media/content/wowproductimages/large/769558.jpg",
      "storeId": "woolworths",
      "packageSize": "500g",
      "cupPrice": "$15.00 / 1KG",
      "locations": {
        "ALL": {
          "price": 7.5,
          "discountRate": 17,
          "promo": "",
          "orgPrice": 9
        }
      },
      "categoryIds": ["w-dairy-eggs-fridge", "w-lunch-box"],
      "similarProducts": []
    },
    {
      "id": "w-824759-9310232956237",
      "name": "Big M Chocolate Milk",
      "brand": "Big M",
      "imageUrls": "https://cdn0.woolworths.media/content/wowproductimages/large/824759.jpg",
      "storeId": "woolworths",
      "packageSize": "600ml",
      "cupPrice": "$4.33 / 1L",
      "locations": {
        "ALL": {
          "price": 2.6,
          "discountRate": 24,
          "promo": "",
          "orgPrice": 3.4
        }
      },
      "categoryIds": ["w-dairy-eggs-fridge"],
      "similarProducts": []
    },
    {
      "id": "w-590383-9310232957210",
      "name": "Big M Flavoured Milk Double Choc",
      "brand": "Big M",
      "imageUrls": "https://cdn0.woolworths.media/content/wowproductimages/large/590383.jpg",
      "storeId": "woolworths",
      "packageSize": "500ml bottle",
      "cupPrice": "$5.20 / 1L",
      "locations": {
        "ALL": {
          "price": 2.6,
          "discountRate": 24,
          "promo": "",
          "orgPrice": 3.4
        }
      },
      "categoryIds": ["w-dairy-eggs-fridge"],
      "similarProducts": []
    },
    {
      "id": "w-590390-9310232957272",
      "name": "Big M Flavoured Milk Strawberry",
      "brand": "Big M",
      "imageUrls": "https://cdn0.woolworths.media/content/wowproductimages/large/590390.jpg",
      "storeId": "woolworths",
      "packageSize": "500ml bottle",
      "cupPrice": "$5.20 / 1L",
      "locations": {
        "ALL": {
          "price": 2.6,
          "discountRate": 24,
          "promo": "",
          "orgPrice": 3.4
        }
      },
      "categoryIds": ["w-dairy-eggs-fridge"],
      "similarProducts": []
    },
    {
      "id": "w-7813-9310232000046",
      "name": "Big M Iced Coffee",
      "brand": "Big M",
      "imageUrls": "https://cdn0.woolworths.media/content/wowproductimages/large/007813.jpg",
      "storeId": "woolworths",
      "packageSize": "600ml",
      "cupPrice": "$4.33 / 1L",
      "locations": {
        "ALL": {
          "price": 2.6,
          "discountRate": 24,
          "promo": "",
          "orgPrice": 3.4
        }
      },
      "categoryIds": ["w-dairy-eggs-fridge"],
      "similarProducts": []
    },
    {
      "id": "w-679072-9348204000220",
      "name": "Bio Cheese Feta",
      "brand": "Bio Cheese",
      "imageUrls": "https://cdn0.woolworths.media/content/wowproductimages/large/679072.jpg",
      "storeId": "woolworths",
      "packageSize": "200g",
      "cupPrice": "$33.75 / 1KG",
      "locations": {
        "ALL": {
          "price": 6.75,
          "discountRate": 16,
          "promo": "",
          "orgPrice": 8
        }
      },
      "categoryIds": ["w-dairy-eggs-fridge"],
      "similarProducts": []
    },
    {
      "id": "w-28071-9355683001532",
      "name": "Chan's Yum Cha Prawn Hargow Dumpling",
      "brand": "Chan's Yum Cha",
      "imageUrls": "https://cdn0.woolworths.media/content/wowproductimages/large/028071.jpg",
      "storeId": "woolworths",
      "packageSize": "300g",
      "cupPrice": "$1.67 / 100G",
      "locations": {
        "ALL": {
          "price": 5,
          "discountRate": 21,
          "promo": "",
          "orgPrice": 6.3
        }
      },
      "categoryIds": ["w-dairy-eggs-fridge"],
      "similarProducts": []
    },
    {
      "id": "w-28217-9355683001556",
      "name": "Chan's Yum Cha Shiitake Vegan Dumpling",
      "brand": "Chan's Yum Cha",
      "imageUrls": "https://cdn0.woolworths.media/content/wowproductimages/large/028217.jpg",
      "storeId": "woolworths",
      "packageSize": "300g",
      "cupPrice": "$1.67 / 100G",
      "locations": {
        "ALL": {
          "price": 5,
          "discountRate": 21,
          "promo": "",
          "orgPrice": 6.3
        }
      },
      "categoryIds": ["w-dairy-eggs-fridge"],
      "similarProducts": []
    },
    {
      "id": "w-83541-9355683002355",
      "name": "Chan's Yum Cha Spicy Thai Style Corn Fritters",
      "brand": "Chan's Yum Cha",
      "imageUrls": "https://cdn0.woolworths.media/content/wowproductimages/large/083541.jpg",
      "storeId": "woolworths",
      "packageSize": "8 pack",
      "cupPrice": "$2.08 / 100G",
      "locations": {
        "ALL": {
          "price": 5,
          "discountRate": 21,
          "promo": "",
          "orgPrice": 6.3
        }
      },
      "categoryIds": ["w-dairy-eggs-fridge"],
      "similarProducts": []
    },
    {
      "id": "w-83993-9355683002331",
      "name": "Chan's Yum Cha Veg Curry Puff",
      "brand": "Chan's Yum Cha",
      "imageUrls": "https://cdn0.woolworths.media/content/wowproductimages/large/083993.jpg",
      "storeId": "woolworths",
      "packageSize": "4 pack",
      "cupPrice": "$3.13 / 100G",
      "locations": {
        "ALL": {
          "price": 5,
          "discountRate": 21,
          "promo": "",
          "orgPrice": 6.3
        }
      },
      "categoryIds": ["w-dairy-eggs-fridge"],
      "similarProducts": []
    },
    {
      "id": "w-28189-9355683001563",
      "name": "Chan's Yum Cha Vegan Fried Gyoza",
      "brand": "Chan's Yum Cha",
      "imageUrls": "https://cdn0.woolworths.media/content/wowproductimages/large/028189.jpg",
      "storeId": "woolworths",
      "packageSize": "300g",
      "cupPrice": "$1.67 / 100G",
      "locations": {
        "ALL": {
          "price": 5,
          "discountRate": 21,
          "promo": "",
          "orgPrice": 6.3
        }
      },
      "categoryIds": ["w-dairy-eggs-fridge"],
      "similarProducts": []
    },
    {
      "id": "w-28226-9355683001570",
      "name": "Chan's Yum Cha Vegan Spring Roll",
      "brand": "Chan's Yum Cha",
      "imageUrls": "https://cdn0.woolworths.media/content/wowproductimages/large/028226.jpg",
      "storeId": "woolworths",
      "packageSize": "300g",
      "cupPrice": "$1.67 / 100G",
      "locations": {
        "ALL": {
          "price": 5,
          "discountRate": 21,
          "promo": "",
          "orgPrice": 6.3
        }
      },
      "categoryIds": ["w-dairy-eggs-fridge"],
      "similarProducts": []
    },
    {
      "id": "w-803973-9340224004868",
      "name": "Chia Pod Smooth Banana Pouch",
      "brand": "Chia Pod",
      "imageUrls": "https://cdn0.woolworths.media/content/wowproductimages/large/803973.jpg",
      "storeId": "woolworths",
      "packageSize": "120g",
      "cupPrice": "$1.25 / 100G",
      "locations": {
        "ALL": {
          "price": 1.5,
          "discountRate": 25,
          "promo": "",
          "orgPrice": 2
        }
      },
      "categoryIds": ["w-dairy-eggs-fridge"],
      "similarProducts": []
    },
    {
      "id": "w-804028-9340224004882",
      "name": "Chia Pod Smooth Chocolate Pouch",
      "brand": "Chia Pod",
      "imageUrls": "https://cdn0.woolworths.media/content/wowproductimages/large/804028.jpg",
      "storeId": "woolworths",
      "packageSize": "120g",
      "cupPrice": "$1.25 / 100G",
      "locations": {
        "ALL": {
          "price": 1.5,
          "discountRate": 25,
          "promo": "",
          "orgPrice": 2
        }
      },
      "categoryIds": ["w-dairy-eggs-fridge"],
      "similarProducts": []
    },
    {
      "id": "w-804029-9340224004875",
      "name": "Chia Pod Smooth Mixed Berry Pouch",
      "brand": "Chia Pod",
      "imageUrls": "https://cdn0.woolworths.media/content/wowproductimages/large/804029.jpg",
      "storeId": "woolworths",
      "packageSize": "120g",
      "cupPrice": "$1.25 / 100G",
      "locations": {
        "ALL": {
          "price": 1.5,
          "discountRate": 25,
          "promo": "",
          "orgPrice": 2
        }
      },
      "categoryIds": ["w-dairy-eggs-fridge"],
      "similarProducts": []
    },
    {
      "id": "w-932567-9312726002765",
      "name": "Chris' Dips French Onion",
      "brand": "Chris'",
      "imageUrls": "https://cdn0.woolworths.media/content/wowproductimages/large/932567.jpg",
      "storeId": "woolworths",
      "packageSize": "3x60g",
      "cupPrice": "$1.11 / 100G",
      "locations": {
        "ALL": { "price": 2, "discountRate": 33, "promo": "", "orgPrice": 3 }
      },
      "categoryIds": ["w-dairy-eggs-fridge", "w-lunch-box"],
      "similarProducts": []
    },
    {
      "id": "w-932579-9312726002758",
      "name": "Chris' Dips Hommus",
      "brand": "Chris'",
      "imageUrls": "https://cdn0.woolworths.media/content/wowproductimages/large/932579.jpg",
      "storeId": "woolworths",
      "packageSize": "3x60g",
      "cupPrice": "$1.11 / 100G",
      "locations": {
        "ALL": { "price": 2, "discountRate": 33, "promo": "", "orgPrice": 3 }
      },
      "categoryIds": ["w-dairy-eggs-fridge", "w-lunch-box"],
      "similarProducts": []
    },
    {
      "id": "w-68230-9312726001065",
      "name": "Chris' Plant Based Corn Relish",
      "brand": "Chris'",
      "imageUrls": "https://cdn0.woolworths.media/content/wowproductimages/large/068230.jpg",
      "storeId": "woolworths",
      "packageSize": "200g",
      "cupPrice": "$1.50 / 100G",
      "locations": {
        "ALL": { "price": 3, "discountRate": 25, "promo": "", "orgPrice": 4 }
      },
      "categoryIds": ["w-dairy-eggs-fridge"],
      "similarProducts": []
    },
    {
      "id": "w-82863-9312726001355",
      "name": "Chris' Plant Based Guacamole Dip",
      "brand": "Chris'",
      "imageUrls": "https://cdn0.woolworths.media/content/wowproductimages/large/082863.jpg",
      "storeId": "woolworths",
      "packageSize": "200g",
      "cupPrice": "$1.50 / 100G",
      "locations": {
        "ALL": { "price": 3, "discountRate": 25, "promo": "", "orgPrice": 4 }
      },
      "categoryIds": ["w-dairy-eggs-fridge"],
      "similarProducts": []
    },
    {
      "id": "w-68240-9312726001072",
      "name": "Chris' Plant Based Spicy Capsicum",
      "brand": "Chris'",
      "imageUrls": "https://cdn0.woolworths.media/content/wowproductimages/large/068240.jpg",
      "storeId": "woolworths",
      "packageSize": "200g",
      "cupPrice": "$1.50 / 100G",
      "locations": {
        "ALL": { "price": 3, "discountRate": 25, "promo": "", "orgPrice": 4 }
      },
      "categoryIds": ["w-dairy-eggs-fridge"],
      "similarProducts": []
    },
    {
      "id": "w-68238-9312726001058",
      "name": "Chris' Plant Based Spring Onion",
      "brand": "Chris'",
      "imageUrls": "https://cdn0.woolworths.media/content/wowproductimages/large/068238.jpg",
      "storeId": "woolworths",
      "packageSize": "200g",
      "cupPrice": "$1.50 / 100G",
      "locations": {
        "ALL": { "price": 3, "discountRate": 25, "promo": "", "orgPrice": 4 }
      },
      "categoryIds": ["w-dairy-eggs-fridge"],
      "similarProducts": []
    },
    {
      "id": "w-59784-9300658408748",
      "name": "Dairy Farmers Australian Mangoes With Lemon Myrtle",
      "brand": "Dairy Farmers",
      "imageUrls": "https://cdn0.woolworths.media/content/wowproductimages/large/059784.jpg",
      "storeId": "woolworths",
      "packageSize": "150g",
      "cupPrice": "$1.00 / 100G",
      "locations": {
        "ALL": {
          "price": 1.5,
          "discountRate": 32,
          "promo": "",
          "orgPrice": 2.2
        }
      },
      "categoryIds": ["w-dairy-eggs-fridge"],
      "similarProducts": []
    },
    {
      "id": "w-768053-9300658406584",
      "name": "Dairy Farmers Lemon Cream Yoghurt",
      "brand": "Dairy Farmers",
      "imageUrls": "https://cdn0.woolworths.media/content/wowproductimages/large/768053.jpg",
      "storeId": "woolworths",
      "packageSize": "150g",
      "cupPrice": "$1.00 / 100G",
      "locations": {
        "ALL": {
          "price": 1.5,
          "discountRate": 32,
          "promo": "",
          "orgPrice": 2.2
        }
      },
      "categoryIds": ["w-dairy-eggs-fridge"],
      "similarProducts": []
    },
    {
      "id": "w-724682-9300658405853",
      "name": "Dairy Farmers Sour Cream",
      "brand": "Dairy Farmers",
      "imageUrls": "https://cdn0.woolworths.media/content/wowproductimages/large/724682.jpg",
      "storeId": "woolworths",
      "packageSize": "250g",
      "cupPrice": "$1.06 / 100G",
      "locations": {
        "ALL": {
          "price": 2.65,
          "discountRate": 12,
          "promo": "",
          "orgPrice": 3
        }
      },
      "categoryIds": ["w-dairy-eggs-fridge"],
      "similarProducts": []
    },
    {
      "id": "w-686460-9300658408175",
      "name": "Dairy Farmers Thick & Creamy Apricot & Vanilla",
      "brand": "Dairy Farmers",
      "imageUrls": "https://cdn0.woolworths.media/content/wowproductimages/large/686460.jpg",
      "storeId": "woolworths",
      "packageSize": "150g",
      "cupPrice": "$1.00 / 100G",
      "locations": {
        "ALL": {
          "price": 1.5,
          "discountRate": 32,
          "promo": "",
          "orgPrice": 2.2
        }
      },
      "categoryIds": ["w-dairy-eggs-fridge"],
      "similarProducts": []
    },
    {
      "id": "w-768000-9300658406591",
      "name": "Dairy Farmers Thick & Creamy Blueberry Yoghurt",
      "brand": "Dairy Farmers",
      "imageUrls": "https://cdn0.woolworths.media/content/wowproductimages/large/768000.jpg",
      "storeId": "woolworths",
      "packageSize": "150g",
      "cupPrice": "$1.00 / 100G",
      "locations": {
        "ALL": {
          "price": 1.5,
          "discountRate": 32,
          "promo": "",
          "orgPrice": 2.2
        }
      },
      "categoryIds": ["w-dairy-eggs-fridge"],
      "similarProducts": []
    },
    {
      "id": "w-768121-9300658406546",
      "name": "Dairy Farmers Thick & Creamy Caramelised Fig Yoghurt",
      "brand": "Dairy Farmers",
      "imageUrls": "https://cdn0.woolworths.media/content/wowproductimages/large/768121.jpg",
      "storeId": "woolworths",
      "packageSize": "150g",
      "cupPrice": "$1.00 / 100G",
      "locations": {
        "ALL": {
          "price": 1.5,
          "discountRate": 32,
          "promo": "",
          "orgPrice": 2.2
        }
      },
      "categoryIds": ["w-dairy-eggs-fridge"],
      "similarProducts": []
    },
    {
      "id": "w-777320-9300658406959",
      "name": "Dairy Farmers Thick & Creamy Classic Vanilla Yoghurt",
      "brand": "Dairy Farmers",
      "imageUrls": "https://cdn0.woolworths.media/content/wowproductimages/large/777320.jpg",
      "storeId": "woolworths",
      "packageSize": "150g",
      "cupPrice": "$1.00 / 100G",
      "locations": {
        "ALL": {
          "price": 1.5,
          "discountRate": 32,
          "promo": "",
          "orgPrice": 2.2
        }
      },
      "categoryIds": ["w-dairy-eggs-fridge"],
      "similarProducts": []
    },
    {
      "id": "w-768054-9300658406553",
      "name": "Dairy Farmers Thick & Creamy Mango & Passionfruit Yoghurt",
      "brand": "Dairy Farmers",
      "imageUrls": "https://cdn0.woolworths.media/content/wowproductimages/large/768054.jpg",
      "storeId": "woolworths",
      "packageSize": "150g",
      "cupPrice": "$1.00 / 100G",
      "locations": {
        "ALL": {
          "price": 1.5,
          "discountRate": 32,
          "promo": "",
          "orgPrice": 2.2
        }
      },
      "categoryIds": ["w-dairy-eggs-fridge"],
      "similarProducts": []
    },
    {
      "id": "w-768057-9300658406560",
      "name": "Dairy Farmers Thick & Creamy Strawberry Yoghurt",
      "brand": "Dairy Farmers",
      "imageUrls": "https://cdn0.woolworths.media/content/wowproductimages/large/768057.jpg",
      "storeId": "woolworths",
      "packageSize": "150g",
      "cupPrice": "$1.00 / 100G",
      "locations": {
        "ALL": {
          "price": 1.5,
          "discountRate": 32,
          "promo": "",
          "orgPrice": 2.2
        }
      },
      "categoryIds": ["w-dairy-eggs-fridge"],
      "similarProducts": []
    },
    {
      "id": "w-768112-9300658406577",
      "name": "Dairy Farmers Thick & Creamy Yellow Box Honey Yoghurt",
      "brand": "Dairy Farmers",
      "imageUrls": "https://cdn0.woolworths.media/content/wowproductimages/large/768112.jpg",
      "storeId": "woolworths",
      "packageSize": "150g",
      "cupPrice": "$1.00 / 100G",
      "locations": {
        "ALL": {
          "price": 1.5,
          "discountRate": 32,
          "promo": "",
          "orgPrice": 2.2
        }
      },
      "categoryIds": ["w-dairy-eggs-fridge"],
      "similarProducts": []
    },
    {
      "id": "w-799080-9300650016491",
      "name": "Dairylea Cheese Pods",
      "brand": "Dairylea",
      "imageUrls": "https://cdn0.woolworths.media/content/wowproductimages/large/799080.jpg",
      "storeId": "woolworths",
      "packageSize": "100g",
      "cupPrice": "$30.00 / 1KG",
      "locations": {
        "ALL": { "price": 3, "discountRate": 25, "promo": "", "orgPrice": 4 }
      },
      "categoryIds": ["w-dairy-eggs-fridge"],
      "similarProducts": []
    },
    {
      "id": "w-17280-9421018084843",
      "name": "Dairyworks Tasty Block",
      "brand": "Dairyworks",
      "imageUrls": "https://cdn0.woolworths.media/content/wowproductimages/large/017280.jpg",
      "storeId": "woolworths",
      "packageSize": "500g",
      "cupPrice": "$12.00 / 1KG",
      "locations": {
        "ALL": { "price": 6, "discountRate": 8, "promo": "", "orgPrice": 6.5 }
      },
      "categoryIds": ["w-dairy-eggs-fridge"],
      "similarProducts": []
    },
    {
      "id": "w-84273-9344962002971",
      "name": "Danone Yopro Pineapple Guava Yoghurt",
      "brand": "Danone",
      "imageUrls": "https://cdn0.woolworths.media/content/wowproductimages/large/084273.jpg",
      "storeId": "woolworths",
      "packageSize": "160g",
      "cupPrice": "$1.06 / 100G",
      "locations": {
        "ALL": {
          "price": 1.7,
          "discountRate": 29,
          "promo": "",
          "orgPrice": 2.4
        }
      },
      "categoryIds": ["w-dairy-eggs-fridge"],
      "similarProducts": []
    },
    {
      "id": "w-84574-9344962002896",
      "name": "Danone Yopro Protein 20g Apple Cinnamon Nut Protein Bar",
      "brand": "Danone",
      "imageUrls": "https://cdn0.woolworths.media/content/wowproductimages/large/084574.jpg",
      "storeId": "woolworths",
      "packageSize": "68g",
      "cupPrice": "$4.41 / 100G",
      "locations": {
        "ALL": { "price": 3, "discountRate": 25, "promo": "", "orgPrice": 4 }
      },
      "categoryIds": ["w-dairy-eggs-fridge"],
      "similarProducts": []
    },
    {
      "id": "w-84268-9344962002889",
      "name": "Danone Yopro Protein 20g Mixed Berries Nut Protein Bar",
      "brand": "Danone",
      "imageUrls": "https://cdn0.woolworths.media/content/wowproductimages/large/084268.jpg",
      "storeId": "woolworths",
      "packageSize": "68g",
      "cupPrice": "$4.41 / 100G",
      "locations": {
        "ALL": { "price": 3, "discountRate": 25, "promo": "", "orgPrice": 4 }
      },
      "categoryIds": ["w-dairy-eggs-fridge"],
      "similarProducts": []
    },
    {
      "id": "w-83976-9344962002872",
      "name": "Danone Yopro Protein 20g Salted Caramel Nut Protein Bar",
      "brand": "Danone",
      "imageUrls": "https://cdn0.woolworths.media/content/wowproductimages/large/083976.jpg",
      "storeId": "woolworths",
      "packageSize": "68g",
      "cupPrice": "$4.41 / 100G",
      "locations": {
        "ALL": { "price": 3, "discountRate": 25, "promo": "", "orgPrice": 4 }
      },
      "categoryIds": ["w-dairy-eggs-fridge"],
      "similarProducts": []
    },
    {
      "id": "w-83408-9344962002483",
      "name": "Danone Yopro Salted Caramel Flavoured Yoghurt",
      "brand": "Danone",
      "imageUrls": "https://cdn0.woolworths.media/content/wowproductimages/large/083408.jpg",
      "storeId": "woolworths",
      "packageSize": "160g",
      "cupPrice": "$1.06 / 100G",
      "locations": {
        "ALL": {
          "price": 1.7,
          "discountRate": 29,
          "promo": "",
          "orgPrice": 2.4
        }
      },
      "categoryIds": ["w-dairy-eggs-fridge"],
      "similarProducts": []
    },
    {
      "id": "w-646687-9344962001684",
      "name": "Danone Yopro Yoghurt Blueberry",
      "brand": "Danone",
      "imageUrls": "https://cdn0.woolworths.media/content/wowproductimages/large/646687.jpg",
      "storeId": "woolworths",
      "packageSize": "160g",
      "cupPrice": "$1.06 / 100G",
      "locations": {
        "ALL": {
          "price": 1.7,
          "discountRate": 29,
          "promo": "",
          "orgPrice": 2.4
        }
      },
      "categoryIds": ["w-dairy-eggs-fridge"],
      "similarProducts": []
    },
    {
      "id": "w-646685-9344962001677",
      "name": "Danone Yopro Yoghurt Mango",
      "brand": "Danone",
      "imageUrls": "https://cdn0.woolworths.media/content/wowproductimages/large/646685.jpg",
      "storeId": "woolworths",
      "packageSize": "160g",
      "cupPrice": "$1.06 / 100G",
      "locations": {
        "ALL": {
          "price": 1.7,
          "discountRate": 29,
          "promo": "",
          "orgPrice": 2.4
        }
      },
      "categoryIds": ["w-dairy-eggs-fridge"],
      "similarProducts": []
    },
    {
      "id": "w-648070-9344962001660",
      "name": "Danone Yopro Yoghurt Passionfruit",
      "brand": "Danone",
      "imageUrls": "https://cdn0.woolworths.media/content/wowproductimages/large/648070.jpg",
      "storeId": "woolworths",
      "packageSize": "160g",
      "cupPrice": "$1.06 / 100G",
      "locations": {
        "ALL": {
          "price": 1.7,
          "discountRate": 29,
          "promo": "",
          "orgPrice": 2.4
        }
      },
      "categoryIds": ["w-dairy-eggs-fridge"],
      "similarProducts": []
    },
    {
      "id": "w-646706-9344962001646",
      "name": "Danone Yopro Yoghurt Strawberry",
      "brand": "Danone",
      "imageUrls": "https://cdn0.woolworths.media/content/wowproductimages/large/646706.jpg",
      "storeId": "woolworths",
      "packageSize": "160g",
      "cupPrice": "$1.06 / 100G",
      "locations": {
        "ALL": {
          "price": 1.7,
          "discountRate": 29,
          "promo": "",
          "orgPrice": 2.4
        }
      },
      "categoryIds": ["w-dairy-eggs-fridge"],
      "similarProducts": []
    },
    {
      "id": "w-646684-9344962001707",
      "name": "Danone Yopro Yoghurt Vanilla",
      "brand": "Danone",
      "imageUrls": "https://cdn0.woolworths.media/content/wowproductimages/large/646684.jpg",
      "storeId": "woolworths",
      "packageSize": "160g",
      "cupPrice": "$1.06 / 100G",
      "locations": {
        "ALL": {
          "price": 1.7,
          "discountRate": 29,
          "promo": "",
          "orgPrice": 2.4
        }
      },
      "categoryIds": ["w-dairy-eggs-fridge"],
      "similarProducts": []
    },
    {
      "id": "w-689557-9344962001776",
      "name": "Danone Yopro Banana Yoghurt",
      "brand": "Danone",
      "imageUrls": "https://cdn0.woolworths.media/content/wowproductimages/large/689557.jpg",
      "storeId": "woolworths",
      "packageSize": "160g",
      "cupPrice": "$1.06 / 100G",
      "locations": {
        "ALL": {
          "price": 1.7,
          "discountRate": 29,
          "promo": "",
          "orgPrice": 2.4
        }
      },
      "categoryIds": ["w-dairy-eggs-fridge"],
      "similarProducts": []
    },
    {
      "id": "w-746542-9310232958972",
      "name": "Dare Caramel Latte Iced Coffee",
      "brand": "Dare",
      "imageUrls": "https://cdn0.woolworths.media/content/wowproductimages/large/746542.jpg",
      "storeId": "woolworths",
      "packageSize": "750ml",
      "cupPrice": "$4.27 / 1L",
      "locations": {
        "ALL": {
          "price": 3.2,
          "discountRate": 22,
          "promo": "",
          "orgPrice": 4.1
        }
      },
      "categoryIds": ["w-dairy-eggs-fridge"],
      "similarProducts": []
    },
    {
      "id": "w-293933-9310199080815",
      "name": "Dare Double Espresso Iced Coffee",
      "brand": "Dare",
      "imageUrls": "https://cdn0.woolworths.media/content/wowproductimages/large/293933.jpg",
      "storeId": "woolworths",
      "packageSize": "750ml",
      "cupPrice": "$4.27 / 1L",
      "locations": {
        "ALL": {
          "price": 3.2,
          "discountRate": 22,
          "promo": "",
          "orgPrice": 4.1
        }
      },
      "categoryIds": ["w-dairy-eggs-fridge"],
      "similarProducts": []
    },
    {
      "id": "w-255405-9310199080839",
      "name": "Dare Espresso Iced Coffee",
      "brand": "Dare",
      "imageUrls": "https://cdn0.woolworths.media/content/wowproductimages/large/255405.jpg",
      "storeId": "woolworths",
      "packageSize": "750ml",
      "cupPrice": "$4.27 / 1L",
      "locations": {
        "ALL": {
          "price": 3.2,
          "discountRate": 22,
          "promo": "",
          "orgPrice": 4.1
        }
      },
      "categoryIds": ["w-dairy-eggs-fridge"],
      "similarProducts": [
        {
          "productId": "dare-triple-espresso-flavoured-milk",
          "storeId": "coles"
        }
      ]
    },
    {
      "id": "w-876991-9310232956275",
      "name": "Dare Mocha Flavoured Milk",
      "brand": "Dare",
      "imageUrls": "https://cdn0.woolworths.media/content/wowproductimages/large/876991.jpg",
      "storeId": "woolworths",
      "packageSize": "750ml",
      "cupPrice": "$4.27 / 1L",
      "locations": {
        "ALL": {
          "price": 3.2,
          "discountRate": 22,
          "promo": "",
          "orgPrice": 4.1
        }
      },
      "categoryIds": ["w-dairy-eggs-fridge"],
      "similarProducts": []
    },
    {
      "id": "w-66042-9310232959566",
      "name": "Dare White Chocolate Mocha",
      "brand": "Dare",
      "imageUrls": "https://cdn0.woolworths.media/content/wowproductimages/large/066042.jpg",
      "storeId": "woolworths",
      "packageSize": "750ml",
      "cupPrice": "$4.27 / 1L",
      "locations": {
        "ALL": {
          "price": 3.2,
          "discountRate": 22,
          "promo": "",
          "orgPrice": 4.1
        }
      },
      "categoryIds": ["w-dairy-eggs-fridge"],
      "similarProducts": []
    },
    {
      "id": "w-48765-9300662291817",
      "name": "Divine Classic Creme Caramel",
      "brand": "Divine Classic",
      "imageUrls": "https://cdn0.woolworths.media/content/wowproductimages/large/048765.jpg",
      "storeId": "woolworths",
      "packageSize": "2x150g",
      "cupPrice": "$0.83 / 100G",
      "locations": {
        "ALL": {
          "price": 2.5,
          "discountRate": 14,
          "promo": "",
          "orgPrice": 2.9
        }
      },
      "categoryIds": ["w-dairy-eggs-fridge"],
      "similarProducts": []
    },
    {
      "id": "w-381283-9416892550102",
      "name": "Easiyo Greek Style & Coconut Bits Yoghurt Base",
      "brand": "Easiyo",
      "imageUrls": "https://cdn0.woolworths.media/content/wowproductimages/large/381283.jpg",
      "storeId": "woolworths",
      "packageSize": "240g",
      "cupPrice": "$1.67 / 100G",
      "locations": {
        "ALL": {
          "price": 4,
          "discountRate": 11,
          "promo": "",
          "orgPrice": 4.5
        }
      },
      "categoryIds": ["w-dairy-eggs-fridge"],
      "similarProducts": []
    },
    {
      "id": "w-273734-9416892252303",
      "name": "Easiyo Greek Style Yoghurt & Honey Yoghurt Base",
      "brand": "Easiyo",
      "imageUrls": "https://cdn0.woolworths.media/content/wowproductimages/large/273734.jpg",
      "storeId": "woolworths",
      "packageSize": "210g",
      "cupPrice": "$1.90 / 100G",
      "locations": {
        "ALL": {
          "price": 4,
          "discountRate": 11,
          "promo": "",
          "orgPrice": 4.5
        }
      },
      "categoryIds": ["w-dairy-eggs-fridge"],
      "similarProducts": []
    },
    {
      "id": "w-58693-9416892400483",
      "name": "Easiyo Greek Style Yoghurt Mix Coconut & Lime",
      "brand": "Easiyo",
      "imageUrls": "https://cdn0.woolworths.media/content/wowproductimages/large/058693.jpg",
      "storeId": "woolworths",
      "packageSize": "185g",
      "cupPrice": "$1.22 / 100G",
      "locations": {
        "ALL": {
          "price": 2.25,
          "discountRate": 50,
          "promo": "",
          "orgPrice": 4.5
        }
      },
      "categoryIds": ["w-dairy-eggs-fridge"],
      "similarProducts": []
    },
    {
      "id": "w-822128-9416892213083",
      "name": "Easiyo Protein Yoghurt Mix Unsweetened",
      "brand": "Easiyo",
      "imageUrls": "https://cdn0.woolworths.media/content/wowproductimages/large/822128.jpg",
      "storeId": "woolworths",
      "packageSize": "200g",
      "cupPrice": "$1.50 / 100G",
      "locations": {
        "ALL": { "price": 3, "discountRate": 50, "promo": "", "orgPrice": 6 }
      },
      "categoryIds": ["w-dairy-eggs-fridge"],
      "similarProducts": []
    },
    {
      "id": "w-822129-9416892214080",
      "name": "Easiyo Protein Yoghurt Mix Coconut",
      "brand": "Easiyo",
      "imageUrls": "https://cdn0.woolworths.media/content/wowproductimages/large/822129.jpg",
      "storeId": "woolworths",
      "packageSize": "210g",
      "cupPrice": "$1.43 / 100G",
      "locations": {
        "ALL": { "price": 3, "discountRate": 50, "promo": "", "orgPrice": 6 }
      },
      "categoryIds": ["w-dairy-eggs-fridge"],
      "similarProducts": []
    },
    {
      "id": "w-145566-9310155561624",
      "name": "Fantastic Fresh Noodles Hokkien",
      "brand": "Fantastic",
      "imageUrls": "https://cdn0.woolworths.media/content/wowproductimages/large/145566.jpg",
      "storeId": "woolworths",
      "packageSize": "450g",
      "cupPrice": "$0.44 / 100G",
      "locations": {
        "ALL": {
          "price": 2,
          "discountRate": 26,
          "promo": "",
          "orgPrice": 2.7
        }
      },
      "categoryIds": ["w-dairy-eggs-fridge"],
      "similarProducts": []
    },
    {
      "id": "w-145567-9310155562621",
      "name": "Fantastic Fresh Noodles Thin Hokkien",
      "brand": "Fantastic",
      "imageUrls": "https://cdn0.woolworths.media/content/wowproductimages/large/145567.jpg",
      "storeId": "woolworths",
      "packageSize": "450g",
      "cupPrice": "$0.44 / 100G",
      "locations": {
        "ALL": {
          "price": 2,
          "discountRate": 26,
          "promo": "",
          "orgPrice": 2.7
        }
      },
      "categoryIds": ["w-dairy-eggs-fridge"],
      "similarProducts": []
    },
    {
      "id": "w-663179-9300658408021",
      "name": "Farmers Union Greek Style Yogurt Pouch Natural",
      "brand": "Farmers Union",
      "imageUrls": "https://cdn0.woolworths.media/content/wowproductimages/large/663179.jpg",
      "storeId": "woolworths",
      "packageSize": "130g",
      "cupPrice": "$0.92 / 100G",
      "locations": {
        "ALL": {
          "price": 1.2,
          "discountRate": 20,
          "promo": "",
          "orgPrice": 1.5
        }
      },
      "categoryIds": ["w-dairy-eggs-fridge"],
      "similarProducts": []
    },
    {
      "id": "w-663177-9300658408045",
      "name": "Farmers Union Greek Style Yogurt Pouch Real Vanilla Bean",
      "brand": "Farmers Union",
      "imageUrls": "https://cdn0.woolworths.media/content/wowproductimages/large/663177.jpg",
      "storeId": "woolworths",
      "packageSize": "130g",
      "cupPrice": "$0.92 / 100G",
      "locations": {
        "ALL": {
          "price": 1.2,
          "discountRate": 20,
          "promo": "",
          "orgPrice": 1.5
        }
      },
      "categoryIds": ["w-dairy-eggs-fridge"],
      "similarProducts": []
    },
    {
      "id": "w-62774-9300658408700",
      "name": "Farmers Union Greek Yoghurt Pouch Blueberry",
      "brand": "Farmers Union",
      "imageUrls": "https://cdn0.woolworths.media/content/wowproductimages/large/062774.jpg",
      "storeId": "woolworths",
      "packageSize": "130g",
      "cupPrice": "$0.92 / 100G",
      "locations": {
        "ALL": {
          "price": 1.2,
          "discountRate": 20,
          "promo": "",
          "orgPrice": 1.5
        }
      },
      "categoryIds": ["w-dairy-eggs-fridge"],
      "similarProducts": []
    },
    {
      "id": "w-790041-9300658407000",
      "name": "Farmers Union Greek Yogurt",
      "brand": "Farmers Union",
      "imageUrls": "https://cdn0.woolworths.media/content/wowproductimages/large/790041.jpg",
      "storeId": "woolworths",
      "packageSize": "4pk",
      "cupPrice": "$0.63 / 100G",
      "locations": {
        "ALL": { "price": 4, "discountRate": 20, "promo": "", "orgPrice": 5 }
      },
      "categoryIds": ["w-dairy-eggs-fridge"],
      "similarProducts": []
    },
    {
      "id": "w-27790-9300664020217",
      "name": "Farmers Union Iced Coffee",
      "brand": "Farmers Union",
      "imageUrls": "https://cdn0.woolworths.media/content/wowproductimages/large/027790.jpg",
      "storeId": "woolworths",
      "packageSize": "600ml",
      "cupPrice": "$4.33 / 1L",
      "locations": {
        "ALL": {
          "price": 2.6,
          "discountRate": 24,
          "promo": "",
          "orgPrice": 3.4
        }
      },
      "categoryIds": ["w-dairy-eggs-fridge"],
      "similarProducts": []
    },
    {
      "id": "w-686455-9300658408229",
      "name": "Farmers Union Pouch Hint Of Real Mango",
      "brand": "Farmers Union",
      "imageUrls": "https://cdn0.woolworths.media/content/wowproductimages/large/686455.jpg",
      "storeId": "woolworths",
      "packageSize": "130g",
      "cupPrice": "$0.92 / 100G",
      "locations": {
        "ALL": {
          "price": 1.2,
          "discountRate": 20,
          "promo": "",
          "orgPrice": 1.5
        }
      },
      "categoryIds": ["w-dairy-eggs-fridge"],
      "similarProducts": []
    },
    {
      "id": "w-686461-9300658408236",
      "name": "Farmers Union Pouch Strawberry",
      "brand": "Farmers Union",
      "imageUrls": "https://cdn0.woolworths.media/content/wowproductimages/large/686461.jpg",
      "storeId": "woolworths",
      "packageSize": "130g",
      "cupPrice": "$0.92 / 100G",
      "locations": {
        "ALL": {
          "price": 1.2,
          "discountRate": 20,
          "promo": "",
          "orgPrice": 1.5
        }
      },
      "categoryIds": ["w-dairy-eggs-fridge"],
      "similarProducts": []
    },
    {
      "id": "w-790185-9343787001015",
      "name": "Five:am Organic Squeezy Strawberry Yoghurt",
      "brand": "Five:am",
      "imageUrls": "https://cdn0.woolworths.media/content/wowproductimages/large/790185.jpg",
      "storeId": "woolworths",
      "packageSize": "120g pouch",
      "cupPrice": "$1.25 / 100G",
      "locations": {
        "ALL": {
          "price": 1.5,
          "discountRate": 25,
          "promo": "",
          "orgPrice": 2
        }
      },
      "categoryIds": ["w-dairy-eggs-fridge", "w-lunch-box"],
      "similarProducts": []
    },
    {
      "id": "w-790203-9343787000995",
      "name": "Five:am Organic Vanilla Bean Yoghurt Pouch",
      "brand": "Five:am",
      "imageUrls": "https://cdn0.woolworths.media/content/wowproductimages/large/790203.jpg",
      "storeId": "woolworths",
      "packageSize": "120g",
      "cupPrice": "$1.25 / 100G",
      "locations": {
        "ALL": {
          "price": 1.5,
          "discountRate": 25,
          "promo": "",
          "orgPrice": 2
        }
      },
      "categoryIds": ["w-dairy-eggs-fridge", "w-lunch-box"],
      "similarProducts": []
    },
    {
      "id": "w-60394-9354237000113",
      "name": "Flora Plant Based Lightly Salted Butter",
      "brand": "Flora",
      "imageUrls": "https://cdn0.woolworths.media/content/wowproductimages/large/060394.jpg",
      "storeId": "woolworths",
      "packageSize": "250g",
      "cupPrice": "$0.80 / 100G",
      "locations": {
        "ALL": { "price": 2, "discountRate": 33, "promo": "", "orgPrice": 3 }
      },
      "categoryIds": ["w-dairy-eggs-fridge"],
      "similarProducts": []
    },
    {
      "id": "w-194348-9310003001364",
      "name": "Flora Pro-activ Light Margarine",
      "brand": "Flora",
      "imageUrls": "https://cdn0.woolworths.media/content/wowproductimages/large/194348.jpg",
      "storeId": "woolworths",
      "packageSize": "500g",
      "cupPrice": "$1.20 / 100G",
      "locations": {
        "ALL": { "price": 6, "discountRate": 25, "promo": "", "orgPrice": 8 }
      },
      "categoryIds": ["w-dairy-eggs-fridge"],
      "similarProducts": []
    },
    {
      "id": "w-370962-9310003044972",
      "name": "Flora Proactiv Margarine Spread Buttery",
      "brand": "Flora",
      "imageUrls": "https://cdn0.woolworths.media/content/wowproductimages/large/370962.jpg",
      "storeId": "woolworths",
      "packageSize": "500g",
      "cupPrice": "$1.20 / 100G",
      "locations": {
        "ALL": { "price": 6, "discountRate": 25, "promo": "", "orgPrice": 8 }
      },
      "categoryIds": ["w-dairy-eggs-fridge"],
      "similarProducts": []
    },
    {
      "id": "w-140985-9310003001357",
      "name": "Flora Proactiv Margarine Spread Original",
      "brand": "Flora",
      "imageUrls": "https://cdn0.woolworths.media/content/wowproductimages/large/140985.jpg",
      "storeId": "woolworths",
      "packageSize": "500g",
      "cupPrice": "$1.20 / 100G",
      "locations": {
        "ALL": { "price": 6, "discountRate": 25, "promo": "", "orgPrice": 8 }
      },
      "categoryIds": ["w-dairy-eggs-fridge"],
      "similarProducts": []
    },
    {
      "id": "w-432756-9300830024636",
      "name": "Flora With Butter Margarine And A Pinch Of Sea Salt",
      "brand": "Flora",
      "imageUrls": "https://cdn0.woolworths.media/content/wowproductimages/large/432756.jpg",
      "storeId": "woolworths",
      "packageSize": "400g",
      "cupPrice": "$0.75 / 100G",
      "locations": {
        "ALL": {
          "price": 3,
          "discountRate": 21,
          "promo": "",
          "orgPrice": 3.8
        }
      },
      "categoryIds": ["w-dairy-eggs-fridge", "w-lunch-box"],
      "similarProducts": []
    },
    {
      "id": "w-213853-9310113904227",
      "name": "Fruche Vanilla Bean Dessert",
      "brand": "Fruche",
      "imageUrls": "https://cdn0.woolworths.media/content/wowproductimages/large/213853.jpg",
      "storeId": "woolworths",
      "packageSize": "2x150g",
      "cupPrice": "$0.83 / 100G",
      "locations": {
        "ALL": {
          "price": 2.5,
          "discountRate": 14,
          "promo": "",
          "orgPrice": 2.9
        }
      },
      "categoryIds": ["w-dairy-eggs-fridge"],
      "similarProducts": []
    },
    {
      "id": "w-84633-9310653104392",
      "name": "Gippsland Caramelised Pineapple Twist Yoghurt",
      "brand": "Gippsland",
      "imageUrls": "https://cdn0.woolworths.media/content/wowproductimages/large/084633.jpg",
      "storeId": "woolworths",
      "packageSize": "720g",
      "cupPrice": "$0.69 / 100G",
      "locations": {
        "ALL": { "price": 5, "discountRate": 29, "promo": "", "orgPrice": 7 }
      },
      "categoryIds": ["w-dairy-eggs-fridge"],
      "similarProducts": []
    },
    {
      "id": "w-62069-9310653104316",
      "name": "Gippsland Dairy Strawberries & Cream Yoghurt",
      "brand": "Gippsland",
      "imageUrls": "https://cdn0.woolworths.media/content/wowproductimages/large/062069.jpg",
      "storeId": "woolworths",
      "packageSize": "720g",
      "cupPrice": "$0.69 / 100G",
      "locations": {
        "ALL": { "price": 5, "discountRate": 29, "promo": "", "orgPrice": 7 }
      },
      "categoryIds": ["w-dairy-eggs-fridge"],
      "similarProducts": []
    },
    {
      "id": "w-312355-9310653102145",
      "name": "Gippsland Dairy Twist Blueberry Yoghurt",
      "brand": "Gippsland",
      "imageUrls": "https://cdn0.woolworths.media/content/wowproductimages/large/312355.jpg",
      "storeId": "woolworths",
      "packageSize": "720g",
      "cupPrice": "$0.69 / 100G",
      "locations": {
        "ALL": { "price": 5, "discountRate": 29, "promo": "", "orgPrice": 7 }
      },
      "categoryIds": ["w-dairy-eggs-fridge"],
      "similarProducts": []
    },
    {
      "id": "w-344656-9310653102107",
      "name": "Gippsland Dairy Twist Passionfruit Yoghurt",
      "brand": "Gippsland",
      "imageUrls": "https://cdn0.woolworths.media/content/wowproductimages/large/344656.jpg",
      "storeId": "woolworths",
      "packageSize": "720g",
      "cupPrice": "$0.69 / 100G",
      "locations": {
        "ALL": { "price": 5, "discountRate": 29, "promo": "", "orgPrice": 7 }
      },
      "categoryIds": ["w-dairy-eggs-fridge"],
      "similarProducts": []
    },
    {
      "id": "w-280241-9310653102121",
      "name": "Gippsland Dairy Twist Smooth & Creamy Plain Yoghurt",
      "brand": "Gippsland",
      "imageUrls": "https://cdn0.woolworths.media/content/wowproductimages/large/280241.jpg",
      "storeId": "woolworths",
      "packageSize": "720g",
      "cupPrice": "$0.69 / 100G",
      "locations": {
        "ALL": { "price": 5, "discountRate": 29, "promo": "", "orgPrice": 7 }
      },
      "categoryIds": ["w-dairy-eggs-fridge"],
      "similarProducts": []
    },
    {
      "id": "w-790297-9310653103258",
      "name": "Gippsland Toffee Honeycomb Yoghurt",
      "brand": "Gippsland",
      "imageUrls": "https://cdn0.woolworths.media/content/wowproductimages/large/790297.jpg",
      "storeId": "woolworths",
      "packageSize": "720g",
      "cupPrice": "$0.69 / 100G",
      "locations": {
        "ALL": { "price": 5, "discountRate": 29, "promo": "", "orgPrice": 7 }
      },
      "categoryIds": ["w-dairy-eggs-fridge"],
      "similarProducts": []
    },
    {
      "id": "w-705177-9310653102510",
      "name": "Gippsland Twist Mango & Blood Orange Yoghurt",
      "brand": "Gippsland",
      "imageUrls": "https://cdn0.woolworths.media/content/wowproductimages/large/705177.jpg",
      "storeId": "woolworths",
      "packageSize": "720g",
      "cupPrice": "$0.69 / 100G",
      "locations": {
        "ALL": { "price": 5, "discountRate": 29, "promo": "", "orgPrice": 7 }
      },
      "categoryIds": ["w-dairy-eggs-fridge"],
      "similarProducts": []
    },
    {
      "id": "w-94455-9332843003216",
      "name": "Good To Go Tasty Cheese & Mild Twiggy Sticks",
      "brand": "Good To Go",
      "imageUrls": "https://cdn0.woolworths.media/content/wowproductimages/large/094455.jpg",
      "storeId": "woolworths",
      "packageSize": "40g",
      "cupPrice": "$62.50 / 1KG",
      "locations": {
        "ALL": {
          "price": 2.5,
          "discountRate": 17,
          "promo": "",
          "orgPrice": 3
        }
      },
      "categoryIds": ["w-dairy-eggs-fridge"],
      "similarProducts": []
    },
    {
      "id": "w-83312-9336088006476",
      "name": "Grand Italian Cauliflower Gnocchi",
      "brand": "Grand Italian",
      "imageUrls": "https://cdn0.woolworths.media/content/wowproductimages/large/083312.jpg",
      "storeId": "woolworths",
      "packageSize": "500 g",
      "cupPrice": "$0.90 / 100G",
      "locations": {
        "ALL": {
          "price": 4.5,
          "discountRate": 10,
          "promo": "",
          "orgPrice": 5
        }
      },
      "categoryIds": ["w-dairy-eggs-fridge"],
      "similarProducts": []
    },
    {
      "id": "w-23782-9336088006438",
      "name": "Grand Italian Potato Gnocchi",
      "brand": "Grand Italian",
      "imageUrls": "https://cdn0.woolworths.media/content/wowproductimages/large/023782.jpg",
      "storeId": "woolworths",
      "packageSize": "500 g",
      "cupPrice": "$0.90 / 100G",
      "locations": {
        "ALL": {
          "price": 4.5,
          "discountRate": 10,
          "promo": "",
          "orgPrice": 5
        }
      },
      "categoryIds": ["w-dairy-eggs-fridge"],
      "similarProducts": []
    },
    {
      "id": "w-21623-9336088006445",
      "name": "Grand Italian Pumpkin Gnocchi",
      "brand": "Grand Italian",
      "imageUrls": "https://cdn0.woolworths.media/content/wowproductimages/large/021623.jpg",
      "storeId": "woolworths",
      "packageSize": "500 g",
      "cupPrice": "$0.90 / 100G",
      "locations": {
        "ALL": {
          "price": 4.5,
          "discountRate": 10,
          "promo": "",
          "orgPrice": 5
        }
      },
      "categoryIds": ["w-dairy-eggs-fridge"],
      "similarProducts": []
    },
    {
      "id": "w-810785-9349801001009",
      "name": "I Pastai Vegan Chick Pea Casarecce",
      "brand": "I Pastai",
      "imageUrls": "https://cdn0.woolworths.media/content/wowproductimages/large/810785.jpg",
      "storeId": "woolworths",
      "packageSize": "250g",
      "cupPrice": "$1.86 / 100G",
      "locations": {
        "ALL": {
          "price": 4.65,
          "discountRate": 18,
          "promo": "",
          "orgPrice": 5.65
        }
      },
      "categoryIds": ["w-dairy-eggs-fridge"],
      "similarProducts": []
    },
    {
      "id": "w-810686-9349801000996",
      "name": "I Pastai Vegan Green Pea Casarecce",
      "brand": "I Pastai",
      "imageUrls": "https://cdn0.woolworths.media/content/wowproductimages/large/810686.jpg",
      "storeId": "woolworths",
      "packageSize": "250g",
      "cupPrice": "$1.86 / 100G",
      "locations": {
        "ALL": {
          "price": 4.65,
          "discountRate": 18,
          "promo": "",
          "orgPrice": 5.65
        }
      },
      "categoryIds": ["w-dairy-eggs-fridge"],
      "similarProducts": []
    },
    {
      "id": "w-855813-9348470000078",
      "name": "Inside Out Almond Milk Cold Brew Coffee",
      "brand": "Inside Out",
      "imageUrls": "https://cdn0.woolworths.media/content/wowproductimages/large/855813.jpg",
      "storeId": "woolworths",
      "packageSize": "350ml",
      "cupPrice": "$8.57 / 1L",
      "locations": {
        "ALL": {
          "price": 3,
          "discountRate": 14,
          "promo": "",
          "orgPrice": 3.5
        }
      },
      "categoryIds": ["w-dairy-eggs-fridge"],
      "similarProducts": []
    },
    {
      "id": "w-855832-9348470000085",
      "name": "Inside Out Almond Milk Organic Cacao",
      "brand": "Inside Out",
      "imageUrls": "https://cdn0.woolworths.media/content/wowproductimages/large/855832.jpg",
      "storeId": "woolworths",
      "packageSize": "350ml",
      "cupPrice": "$8.57 / 1L",
      "locations": {
        "ALL": {
          "price": 3,
          "discountRate": 14,
          "promo": "",
          "orgPrice": 3.5
        }
      },
      "categoryIds": ["w-dairy-eggs-fridge"],
      "similarProducts": []
    },
    {
      "id": "w-797060-9369999803025",
      "name": "Inside Out Almond Milk Unsweetened",
      "brand": "Inside Out",
      "imageUrls": "https://cdn0.woolworths.media/content/wowproductimages/large/797060.jpg",
      "storeId": "woolworths",
      "packageSize": "1l",
      "cupPrice": "$4.00 / 1L",
      "locations": {
        "ALL": {
          "price": 4,
          "discountRate": 11,
          "promo": "",
          "orgPrice": 4.5
        }
      },
      "categoryIds": ["w-dairy-eggs-fridge"],
      "similarProducts": []
    },
    {
      "id": "w-63539-9348470000467",
      "name": "Inside Out Protein Chocolate Almond Milk",
      "brand": "Inside Out",
      "imageUrls": "https://cdn0.woolworths.media/content/wowproductimages/large/063539.jpg",
      "storeId": "woolworths",
      "packageSize": "350ml",
      "cupPrice": "$8.57 / 1L",
      "locations": {
        "ALL": {
          "price": 3,
          "discountRate": 20,
          "promo": "",
          "orgPrice": 3.75
        }
      },
      "categoryIds": ["w-dairy-eggs-fridge"],
      "similarProducts": []
    },
    {
      "id": "w-63540-9348470000474",
      "name": "Inside Out Protein Strawberry Almond Milk",
      "brand": "Inside Out",
      "imageUrls": "https://cdn0.woolworths.media/content/wowproductimages/large/063540.jpg",
      "storeId": "woolworths",
      "packageSize": "350ml",
      "cupPrice": "$8.57 / 1L",
      "locations": {
        "ALL": {
          "price": 3,
          "discountRate": 20,
          "promo": "",
          "orgPrice": 3.75
        }
      },
      "categoryIds": ["w-dairy-eggs-fridge"],
      "similarProducts": []
    },
    {
      "id": "w-62250-9348470000450",
      "name": "Inside Out Calcium Enriched Almond Milk",
      "brand": "Inside Out",
      "imageUrls": "https://cdn0.woolworths.media/content/wowproductimages/large/062250.jpg",
      "storeId": "woolworths",
      "packageSize": "1l",
      "cupPrice": "$4.00 / 1L",
      "locations": {
        "ALL": {
          "price": 4,
          "discountRate": 19,
          "promo": "",
          "orgPrice": 4.95
        }
      },
      "categoryIds": ["w-dairy-eggs-fridge"],
      "similarProducts": []
    },
    {
      "id": "w-780861-9343223000077",
      "name": "Jase's Kitchen Pizza Base",
      "brand": "Jase's Kitchen",
      "imageUrls": "https://cdn0.woolworths.media/content/wowproductimages/large/780861.jpg",
      "storeId": "woolworths",
      "packageSize": "2 pack",
      "cupPrice": "$0.50 / 100G",
      "locations": {
        "ALL": { "price": 3, "discountRate": 25, "promo": "", "orgPrice": 4 }
      },
      "categoryIds": ["w-dairy-eggs-fridge"],
      "similarProducts": []
    },
    {
      "id": "w-791784-9300650017627",
      "name": "Kraft Light Cheese Singles",
      "brand": "Kraft",
      "imageUrls": "https://cdn0.woolworths.media/content/wowproductimages/large/791784.jpg",
      "storeId": "woolworths",
      "packageSize": "432g",
      "cupPrice": "$12.04 / 1KG",
      "locations": {
        "ALL": {
          "price": 5.2,
          "discountRate": 31,
          "promo": "",
          "orgPrice": 7.5
        }
      },
      "categoryIds": ["w-dairy-eggs-fridge"],
      "similarProducts": []
    },
    {
      "id": "w-791364-9300650017665",
      "name": "Kraft Singles Original",
      "brand": "Kraft",
      "imageUrls": "https://cdn0.woolworths.media/content/wowproductimages/large/791364.jpg",
      "storeId": "woolworths",
      "packageSize": "24pk 432g",
      "cupPrice": "$12.04 / 1KG",
      "locations": {
        "ALL": {
          "price": 5.2,
          "discountRate": 31,
          "promo": "",
          "orgPrice": 7.5
        }
      },
      "categoryIds": ["w-dairy-eggs-fridge", "w-lunch-box"],
      "similarProducts": []
    },
    {
      "id": "w-85423-9317755000119",
      "name": "La Famiglia Bread Pan Style Slices",
      "brand": "La Famiglia",
      "imageUrls": "https://cdn0.woolworths.media/content/wowproductimages/large/085423.jpg",
      "storeId": "woolworths",
      "packageSize": "6 pack",
      "cupPrice": "$1.07 / 100G",
      "locations": {
        "ALL": {
          "price": 4.8,
          "discountRate": 10,
          "promo": "",
          "orgPrice": 5.35
        }
      },
      "categoryIds": ["w-dairy-eggs-fridge"],
      "similarProducts": []
    },
    {
      "id": "w-717519-9317755001253",
      "name": "La Famiglia Garlic Bread Sourdough",
      "brand": "La Famiglia",
      "imageUrls": "https://cdn0.woolworths.media/content/wowproductimages/large/717519.jpg",
      "storeId": "woolworths",
      "packageSize": "480g",
      "cupPrice": "$1.02 / 100G",
      "locations": {
        "ALL": {
          "price": 4.9,
          "discountRate": 21,
          "promo": "",
          "orgPrice": 6.2
        }
      },
      "categoryIds": ["w-dairy-eggs-fridge"],
      "similarProducts": []
    },
    {
      "id": "w-83596-9317755001611",
      "name": "La Famiglia Pane Di Casa Garlic Bread",
      "brand": "La Famiglia",
      "imageUrls": "https://cdn0.woolworths.media/content/wowproductimages/large/083596.jpg",
      "storeId": "woolworths",
      "packageSize": "2 pack",
      "cupPrice": "$1.53 / 100G",
      "locations": {
        "ALL": {
          "price": 2.9,
          "discountRate": 17,
          "promo": "",
          "orgPrice": 3.5
        }
      },
      "categoryIds": ["w-dairy-eggs-fridge"],
      "similarProducts": []
    },
    {
      "id": "w-10634-93231251",
      "name": "Latina Fresh Beef Ravioli",
      "brand": "Latina Fresh",
      "imageUrls": "https://cdn0.woolworths.media/content/wowproductimages/large/010634.jpg",
      "storeId": "woolworths",
      "packageSize": "375g",
      "cupPrice": "$1.20 / 100G",
      "locations": {
        "ALL": {
          "price": 4.5,
          "discountRate": 31,
          "promo": "",
          "orgPrice": 6.5
        }
      },
      "categoryIds": ["w-dairy-eggs-fridge"],
      "similarProducts": []
    },
    {
      "id": "w-42092-9312353000950",
      "name": "Latina Fresh Spinach & Ricotta Agnolotti",
      "brand": "Latina Fresh",
      "imageUrls": "https://cdn0.woolworths.media/content/wowproductimages/large/042092.jpg",
      "storeId": "woolworths",
      "packageSize": "375g",
      "cupPrice": "$1.20 / 100G",
      "locations": {
        "ALL": {
          "price": 4.5,
          "discountRate": 31,
          "promo": "",
          "orgPrice": 6.5
        }
      },
      "categoryIds": ["w-dairy-eggs-fridge"],
      "similarProducts": []
    },
    {
      "id": "w-756114-9300639603193",
      "name": "Liddells Lactose Free Plain Yoghurt",
      "brand": "Liddells",
      "imageUrls": "https://cdn0.woolworths.media/content/wowproductimages/large/756114.jpg",
      "storeId": "woolworths",
      "packageSize": "4x140g",
      "cupPrice": "$0.80 / 100G",
      "locations": {
        "ALL": {
          "price": 4.5,
          "discountRate": 16,
          "promo": "",
          "orgPrice": 5.35
        }
      },
      "categoryIds": ["w-dairy-eggs-fridge"],
      "similarProducts": []
    },
    {
      "id": "w-281853-5740900400894",
      "name": "Lurpak Lighter Blend Spreadable Butter",
      "brand": "Lurpak",
      "imageUrls": "https://cdn0.woolworths.media/content/wowproductimages/large/281853.jpg",
      "storeId": "woolworths",
      "packageSize": "250g",
      "cupPrice": "$1.60 / 100G",
      "locations": {
        "ALL": { "price": 4, "discountRate": 20, "promo": "", "orgPrice": 5 }
      },
      "categoryIds": ["w-dairy-eggs-fridge"],
      "similarProducts": []
    },
    {
      "id": "w-223865-5740900804302",
      "name": "Lurpak Slightly Salted Spreadable Butter",
      "brand": "Lurpak",
      "imageUrls": "https://cdn0.woolworths.media/content/wowproductimages/large/223865.jpg",
      "storeId": "woolworths",
      "packageSize": "250g",
      "cupPrice": "$1.60 / 100G",
      "locations": {
        "ALL": { "price": 4, "discountRate": 20, "promo": "", "orgPrice": 5 }
      },
      "categoryIds": ["w-dairy-eggs-fridge"],
      "similarProducts": []
    },
    {
      "id": "w-59934-5740900403512",
      "name": "Lurpak Softest Slightly Salted Spread",
      "brand": "Lurpak",
      "imageUrls": "https://cdn0.woolworths.media/content/wowproductimages/large/059934.jpg",
      "storeId": "woolworths",
      "packageSize": "250g",
      "cupPrice": "$1.60 / 100G",
      "locations": {
        "ALL": { "price": 4, "discountRate": 20, "promo": "", "orgPrice": 5 }
      },
      "categoryIds": ["w-dairy-eggs-fridge"],
      "similarProducts": []
    },
    {
      "id": "w-325824-5740900400856",
      "name": "Lurpak Spreadable Unsalted Butter Unsalted Blend",
      "brand": "Lurpak",
      "imageUrls": "https://cdn0.woolworths.media/content/wowproductimages/large/325824.jpg",
      "storeId": "woolworths",
      "packageSize": "250g",
      "cupPrice": "$1.60 / 100G",
      "locations": {
        "ALL": { "price": 4, "discountRate": 20, "promo": "", "orgPrice": 5 }
      },
      "categoryIds": ["w-dairy-eggs-fridge"],
      "similarProducts": []
    },
    {
      "id": "w-807870-9310053105364",
      "name": "Mainland Extra Tasty Block",
      "brand": "Mainland",
      "imageUrls": "https://cdn0.woolworths.media/content/wowproductimages/large/807870.jpg",
      "storeId": "woolworths",
      "packageSize": "500g",
      "cupPrice": "$14.00 / 1KG",
      "locations": {
        "ALL": { "price": 7, "discountRate": 22, "promo": "", "orgPrice": 9 }
      },
      "categoryIds": ["w-dairy-eggs-fridge"],
      "similarProducts": []
    },
    {
      "id": "w-95088-9310053106149",
      "name": "Mainland Grazing Collection Cheddar With Chutney & Crackers",
      "brand": "Mainland",
      "imageUrls": "https://cdn0.woolworths.media/content/wowproductimages/large/095088.jpg",
      "storeId": "woolworths",
      "packageSize": "90g",
      "cupPrice": "$44.44 / 1KG",
      "locations": {
        "ALL": { "price": 4, "discountRate": 20, "promo": "", "orgPrice": 5 }
      },
      "categoryIds": ["w-dairy-eggs-fridge"],
      "similarProducts": []
    },
    {
      "id": "w-95204-9310053106132",
      "name": "Mainland Grazing Collection Cheddar With Crackers & Jam",
      "brand": "Mainland",
      "imageUrls": "https://cdn0.woolworths.media/content/wowproductimages/large/095204.jpg",
      "storeId": "woolworths",
      "packageSize": "90g",
      "cupPrice": "$44.44 / 1KG",
      "locations": {
        "ALL": { "price": 4, "discountRate": 20, "promo": "", "orgPrice": 5 }
      },
      "categoryIds": ["w-dairy-eggs-fridge"],
      "similarProducts": []
    },
    {
      "id": "w-96923-9310053106156",
      "name": "Mainland Grazing Collection Cheddar With Dark Choc Crisps & Fruit",
      "brand": "Mainland",
      "imageUrls": "https://cdn0.woolworths.media/content/wowproductimages/large/096923.jpg",
      "storeId": "woolworths",
      "packageSize": "75g",
      "cupPrice": "$53.33 / 1KG",
      "locations": {
        "ALL": { "price": 4, "discountRate": 20, "promo": "", "orgPrice": 5 }
      },
      "categoryIds": ["w-dairy-eggs-fridge"],
      "similarProducts": []
    },
    {
      "id": "w-23757-9310053105494",
      "name": "Mainland On The Go Cheese Crackers Balsamic Beetroot Relish",
      "brand": "Mainland",
      "imageUrls": "https://cdn0.woolworths.media/content/wowproductimages/large/023757.jpg",
      "storeId": "woolworths",
      "packageSize": "110g",
      "cupPrice": "$36.36 / 1KG",
      "locations": {
        "ALL": { "price": 4, "discountRate": 20, "promo": "", "orgPrice": 5 }
      },
      "categoryIds": ["w-dairy-eggs-fridge"],
      "similarProducts": []
    },
    {
      "id": "w-94731-9310053105517",
      "name": "Mainland On The Go Chilli Jam With Cheddar Slices & Crackers",
      "brand": "Mainland",
      "imageUrls": "https://cdn0.woolworths.media/content/wowproductimages/large/094731.jpg",
      "storeId": "woolworths",
      "packageSize": "110g",
      "cupPrice": "$36.36 / 1KG",
      "locations": {
        "ALL": { "price": 4, "discountRate": 20, "promo": "", "orgPrice": 5 }
      },
      "categoryIds": ["w-dairy-eggs-fridge"],
      "similarProducts": []
    },
    {
      "id": "w-549579-9310053104251",
      "name": "Mainland On The Go Snack Caramelised Onion",
      "brand": "Mainland",
      "imageUrls": "https://cdn0.woolworths.media/content/wowproductimages/large/549579.jpg",
      "storeId": "woolworths",
      "packageSize": "110g",
      "cupPrice": "$36.36 / 1KG",
      "locations": {
        "ALL": { "price": 4, "discountRate": 20, "promo": "", "orgPrice": 5 }
      },
      "categoryIds": ["w-dairy-eggs-fridge"],
      "similarProducts": []
    },
    {
      "id": "w-807867-9310053105340",
      "name": "Mainland Organic Block",
      "brand": "Mainland",
      "imageUrls": "https://cdn0.woolworths.media/content/wowproductimages/large/807867.jpg",
      "storeId": "woolworths",
      "packageSize": "400g",
      "cupPrice": "$17.50 / 1KG",
      "locations": {
        "ALL": { "price": 7, "discountRate": 22, "promo": "", "orgPrice": 9 }
      },
      "categoryIds": ["w-dairy-eggs-fridge"],
      "similarProducts": []
    },
    {
      "id": "w-32198-9414832132029",
      "name": "Mainland Tasty Cheese",
      "brand": "Mainland",
      "imageUrls": "https://cdn0.woolworths.media/content/wowproductimages/large/032198.jpg",
      "storeId": "woolworths",
      "packageSize": "500g",
      "cupPrice": "$14.00 / 1KG",
      "locations": {
        "ALL": { "price": 7, "discountRate": 22, "promo": "", "orgPrice": 9 }
      },
      "categoryIds": ["w-dairy-eggs-fridge"],
      "similarProducts": []
    },
    {
      "id": "w-807871-9310053105388",
      "name": "Mainland Vintage Block",
      "brand": "Mainland",
      "imageUrls": "https://cdn0.woolworths.media/content/wowproductimages/large/807871.jpg",
      "storeId": "woolworths",
      "packageSize": "400g",
      "cupPrice": "$17.50 / 1KG",
      "locations": {
        "ALL": { "price": 7, "discountRate": 22, "promo": "", "orgPrice": 9 }
      },
      "categoryIds": ["w-dairy-eggs-fridge"],
      "similarProducts": []
    },
    {
      "id": "w-683495-5060406080155",
      "name": "Minor Figures Cold Brew Black",
      "brand": "Minor Figures",
      "imageUrls": "https://cdn0.woolworths.media/content/wowproductimages/large/683495.jpg",
      "storeId": "woolworths",
      "packageSize": "200ml",
      "cupPrice": "$15.00 / 1L",
      "locations": {
        "ALL": {
          "price": 3,
          "discountRate": 24,
          "promo": "",
          "orgPrice": 3.95
        }
      },
      "categoryIds": ["w-dairy-eggs-fridge"],
      "similarProducts": []
    },
    {
      "id": "w-683496-5060406080186",
      "name": "Minor Figures Cold Brew Latte",
      "brand": "Minor Figures",
      "imageUrls": "https://cdn0.woolworths.media/content/wowproductimages/large/683496.jpg",
      "storeId": "woolworths",
      "packageSize": "200ml",
      "cupPrice": "$15.00 / 1L",
      "locations": {
        "ALL": {
          "price": 3,
          "discountRate": 24,
          "promo": "",
          "orgPrice": 3.95
        }
      },
      "categoryIds": ["w-dairy-eggs-fridge"],
      "similarProducts": []
    },
    {
      "id": "w-619376-9338857007363",
      "name": "Nakula Coconut Yoghurt Mango",
      "brand": "Nakula",
      "imageUrls": "https://cdn0.woolworths.media/content/wowproductimages/large/619376.jpg",
      "storeId": "woolworths",
      "packageSize": "500g",
      "cupPrice": "$0.90 / 100G",
      "locations": {
        "ALL": {
          "price": 4.5,
          "discountRate": 25,
          "promo": "",
          "orgPrice": 6
        }
      },
      "categoryIds": ["w-dairy-eggs-fridge"],
      "similarProducts": []
    },
    {
      "id": "w-619358-9338857007455",
      "name": "Nakula Coconut Yoghurt Passionfruit",
      "brand": "Nakula",
      "imageUrls": "https://cdn0.woolworths.media/content/wowproductimages/large/619358.jpg",
      "storeId": "woolworths",
      "packageSize": "500g",
      "cupPrice": "$0.90 / 100G",
      "locations": {
        "ALL": {
          "price": 4.5,
          "discountRate": 25,
          "promo": "",
          "orgPrice": 6
        }
      },
      "categoryIds": ["w-dairy-eggs-fridge"],
      "similarProducts": []
    },
    {
      "id": "w-85173-9338857100118",
      "name": "Nakula Plant Based Probiotic Coconut Milk Yoghurt Strawberry",
      "brand": "Nakula",
      "imageUrls": "https://cdn0.woolworths.media/content/wowproductimages/large/085173.jpg",
      "storeId": "woolworths",
      "packageSize": "500g",
      "cupPrice": "$0.90 / 100G",
      "locations": {
        "ALL": {
          "price": 4.5,
          "discountRate": 25,
          "promo": "",
          "orgPrice": 6
        }
      },
      "categoryIds": ["w-dairy-eggs-fridge"],
      "similarProducts": []
    },
    {
      "id": "w-85174-9338857100026",
      "name": "Nakula Plant Based Probiotic Vanilla Yoghurt",
      "brand": "Nakula",
      "imageUrls": "https://cdn0.woolworths.media/content/wowproductimages/large/085174.jpg",
      "storeId": "woolworths",
      "packageSize": "150g",
      "cupPrice": "$1.47 / 100G",
      "locations": {
        "ALL": {
          "price": 2.2,
          "discountRate": 12,
          "promo": "",
          "orgPrice": 2.5
        }
      },
      "categoryIds": ["w-dairy-eggs-fridge"],
      "similarProducts": []
    },
    {
      "id": "w-82810-9338857100057",
      "name": "Nakula Plant Based Probiotic Yoghurt Strawberry",
      "brand": "Nakula",
      "imageUrls": "https://cdn0.woolworths.media/content/wowproductimages/large/082810.jpg",
      "storeId": "woolworths",
      "packageSize": "150g",
      "cupPrice": "$1.47 / 100G",
      "locations": {
        "ALL": {
          "price": 2.2,
          "discountRate": 12,
          "promo": "",
          "orgPrice": 2.5
        }
      },
      "categoryIds": ["w-dairy-eggs-fridge"],
      "similarProducts": []
    },
    {
      "id": "w-62462-5701977550226",
      "name": "Naturli 100% Plant-based Organic Spreadable",
      "brand": "Naturli",
      "imageUrls": "https://cdn0.woolworths.media/content/wowproductimages/large/062462.jpg",
      "storeId": "woolworths",
      "packageSize": "225g",
      "cupPrice": "$19.56 / 1KG",
      "locations": {
        "ALL": {
          "price": 4.4,
          "discountRate": 20,
          "promo": "",
          "orgPrice": 5.5
        }
      },
      "categoryIds": ["w-dairy-eggs-fridge"],
      "similarProducts": []
    },
    {
      "id": "w-647408-9310272019824",
      "name": "Norco Elbo Style Cheese Slices",
      "brand": "Norco",
      "imageUrls": "https://cdn0.woolworths.media/content/wowproductimages/large/647408.jpg",
      "storeId": "woolworths",
      "packageSize": "250g",
      "cupPrice": "$22.00 / 1KG",
      "locations": {
        "ALL": {
          "price": 5.5,
          "discountRate": 15,
          "promo": "",
          "orgPrice": 6.5
        }
      },
      "categoryIds": ["w-dairy-eggs-fridge"],
      "similarProducts": []
    },
    {
      "id": "w-12584-9300675086950",
      "name": "Nutriboost Boosted Milk Drink Banana",
      "brand": "Nutriboost",
      "imageUrls": "https://cdn0.woolworths.media/content/wowproductimages/large/012584.jpg",
      "storeId": "woolworths",
      "packageSize": "250ml",
      "cupPrice": "$8.00 / 1L",
      "locations": {
        "ALL": {
          "price": 2,
          "discountRate": 17,
          "promo": "5 for $8.50",
          "orgPrice": 2.4
        }
      },
      "categoryIds": ["w-dairy-eggs-fridge"],
      "similarProducts": []
    },
    {
      "id": "w-12521-9300675086912",
      "name": "Nutriboost Boosted Milk Drink Chocolate",
      "brand": "Nutriboost",
      "imageUrls": "https://cdn0.woolworths.media/content/wowproductimages/large/012521.jpg",
      "storeId": "woolworths",
      "packageSize": "250ml",
      "cupPrice": "$8.00 / 1L",
      "locations": {
        "ALL": {
          "price": 2,
          "discountRate": 17,
          "promo": "5 for $8.50",
          "orgPrice": 2.4
        }
      },
      "categoryIds": ["w-dairy-eggs-fridge"],
      "similarProducts": []
    },
    {
      "id": "w-12550-9300675086936",
      "name": "Nutriboost Boosted Milk Drink Vanilla",
      "brand": "Nutriboost",
      "imageUrls": "https://cdn0.woolworths.media/content/wowproductimages/large/012550.jpg",
      "storeId": "woolworths",
      "packageSize": "250ml",
      "cupPrice": "$8.00 / 1L",
      "locations": {
        "ALL": {
          "price": 2,
          "discountRate": 17,
          "promo": "5 for $8.50",
          "orgPrice": 2.4
        }
      },
      "categoryIds": ["w-dairy-eggs-fridge"],
      "similarProducts": []
    },
    {
      "id": "w-320268-9310421000154",
      "name": "Nuttelex Olive Table Spread",
      "brand": "Nuttelex",
      "imageUrls": "https://cdn0.woolworths.media/content/wowproductimages/large/320268.jpg",
      "storeId": "woolworths",
      "packageSize": "500g",
      "cupPrice": "$0.60 / 100G",
      "locations": {
        "ALL": {
          "price": 3,
          "discountRate": 19,
          "promo": "",
          "orgPrice": 3.7
        }
      },
      "categoryIds": ["w-dairy-eggs-fridge", "w-lunch-box"],
      "similarProducts": []
    },
    {
      "id": "w-10384-9342584070033",
      "name": "Oak Chocolate Milk",
      "brand": "Oak",
      "imageUrls": "https://cdn0.woolworths.media/content/wowproductimages/large/010384.jpg",
      "storeId": "woolworths",
      "packageSize": "2l",
      "cupPrice": "$2.50 / 1L",
      "locations": {
        "ALL": {
          "price": 5,
          "discountRate": 12,
          "promo": "",
          "orgPrice": 5.65
        }
      },
      "categoryIds": ["w-dairy-eggs-fridge"],
      "similarProducts": []
    },
    {
      "id": "w-93557-9310036013723",
      "name": "Pauls Custard Low Fat Vanilla",
      "brand": "Pauls",
      "imageUrls": "https://cdn0.woolworths.media/content/wowproductimages/large/093557.jpg",
      "storeId": "woolworths",
      "packageSize": "1kg",
      "cupPrice": "$0.35 / 100G",
      "locations": {
        "ALL": {
          "price": 3.5,
          "discountRate": 17,
          "promo": "",
          "orgPrice": 4.2
        }
      },
      "categoryIds": ["w-dairy-eggs-fridge"],
      "similarProducts": []
    },
    {
      "id": "w-43562-9310036115281",
      "name": "Pauls Vanilla Custard",
      "brand": "Pauls",
      "imageUrls": "https://cdn0.woolworths.media/content/wowproductimages/large/043562.jpg",
      "storeId": "woolworths",
      "packageSize": "1kg",
      "cupPrice": "$0.35 / 100G",
      "locations": {
        "ALL": {
          "price": 3.5,
          "discountRate": 17,
          "promo": "",
          "orgPrice": 4.2
        }
      },
      "categoryIds": ["w-dairy-eggs-fridge"],
      "similarProducts": []
    },
    {
      "id": "w-35435-9310036016212",
      "name": "Pauls Vanilla Custard",
      "brand": "Pauls",
      "imageUrls": "https://cdn0.woolworths.media/content/wowproductimages/large/035435.jpg",
      "storeId": "woolworths",
      "packageSize": "6 pack",
      "cupPrice": "$0.56 / 100G",
      "locations": {
        "ALL": {
          "price": 5,
          "discountRate": 21,
          "promo": "",
          "orgPrice": 6.35
        }
      },
      "categoryIds": ["w-dairy-eggs-fridge"],
      "similarProducts": []
    },
    {
      "id": "w-261178-9310036039235",
      "name": "Pauls Zymil Lactose Free Full Cream Milk",
      "brand": "Pauls",
      "imageUrls": "https://cdn0.woolworths.media/content/wowproductimages/large/261178.jpg",
      "storeId": "woolworths",
      "packageSize": "1l",
      "cupPrice": "$2.70 / 1L",
      "locations": {
        "ALL": {
          "price": 2.7,
          "discountRate": 10,
          "promo": "",
          "orgPrice": 3
        }
      },
      "categoryIds": ["w-dairy-eggs-fridge"],
      "similarProducts": []
    },
    {
      "id": "w-144000-9310036037941",
      "name": "Pauls Zymil Light Lactose Free Milk",
      "brand": "Pauls",
      "imageUrls": "https://cdn0.woolworths.media/content/wowproductimages/large/144000.jpg",
      "storeId": "woolworths",
      "packageSize": "1l",
      "cupPrice": "$2.70 / 1L",
      "locations": {
        "ALL": {
          "price": 2.7,
          "discountRate": 10,
          "promo": "",
          "orgPrice": 3
        }
      },
      "categoryIds": ["w-dairy-eggs-fridge"],
      "similarProducts": []
    },
    {
      "id": "w-703657-9310036034872",
      "name": "Pauls Zymil Skim Milk",
      "brand": "Pauls",
      "imageUrls": "https://cdn0.woolworths.media/content/wowproductimages/large/703657.jpg",
      "storeId": "woolworths",
      "packageSize": "1l",
      "cupPrice": "$2.70 / 1L",
      "locations": {
        "ALL": {
          "price": 2.7,
          "discountRate": 10,
          "promo": "",
          "orgPrice": 3
        }
      },
      "categoryIds": ["w-dairy-eggs-fridge"],
      "similarProducts": []
    },
    {
      "id": "w-769459-9310053000683",
      "name": "Perfect Italiano 4 Cheese Melt",
      "brand": "Perfect Italiano",
      "imageUrls": "https://cdn0.woolworths.media/content/wowproductimages/large/769459.jpg",
      "storeId": "woolworths",
      "packageSize": "450g",
      "cupPrice": "$13.33 / 1KG",
      "locations": {
        "ALL": {
          "price": 6,
          "discountRate": 22,
          "promo": "",
          "orgPrice": 7.65
        }
      },
      "categoryIds": ["w-dairy-eggs-fridge"],
      "similarProducts": []
    },
    {
      "id": "w-780390-9310053000706",
      "name": "Perfect Italiano Grated Mozzarella Cheese",
      "brand": "Perfect Italiano",
      "imageUrls": "https://cdn0.woolworths.media/content/wowproductimages/large/780390.jpg",
      "storeId": "woolworths",
      "packageSize": "450g",
      "cupPrice": "$13.33 / 1KG",
      "locations": {
        "ALL": {
          "price": 6,
          "discountRate": 22,
          "promo": "",
          "orgPrice": 7.65
        }
      },
      "categoryIds": ["w-dairy-eggs-fridge"],
      "similarProducts": []
    },
    {
      "id": "w-759656-9310053000362",
      "name": "Perfect Italiano Perfect Bakes 3 Cheeses",
      "brand": "Perfect Italiano",
      "imageUrls": "https://cdn0.woolworths.media/content/wowproductimages/large/759656.jpg",
      "storeId": "woolworths",
      "packageSize": "450g",
      "cupPrice": "$13.33 / 1KG",
      "locations": {
        "ALL": {
          "price": 6,
          "discountRate": 22,
          "promo": "",
          "orgPrice": 7.65
        }
      },
      "categoryIds": ["w-dairy-eggs-fridge"],
      "similarProducts": []
    },
    {
      "id": "w-769584-9310053000720",
      "name": "Perfect Italiano Pizza Plus Cheese",
      "brand": "Perfect Italiano",
      "imageUrls": "https://cdn0.woolworths.media/content/wowproductimages/large/769584.jpg",
      "storeId": "woolworths",
      "packageSize": "450g",
      "cupPrice": "$13.33 / 1KG",
      "locations": {
        "ALL": {
          "price": 6,
          "discountRate": 22,
          "promo": "",
          "orgPrice": 7.65
        }
      },
      "categoryIds": ["w-dairy-eggs-fridge"],
      "similarProducts": []
    },
    {
      "id": "w-65693-9300650450196",
      "name": "Philadelphia Caramilk Cream Cheese Spread",
      "brand": "Philadelphia",
      "imageUrls": "https://cdn0.woolworths.media/content/wowproductimages/large/065693.jpg",
      "storeId": "woolworths",
      "packageSize": "250g",
      "cupPrice": "$9.40 / 1KG",
      "locations": {
        "ALL": {
          "price": 2.35,
          "discountRate": 50,
          "promo": "",
          "orgPrice": 4.7
        }
      },
      "categoryIds": ["w-dairy-eggs-fridge"],
      "similarProducts": []
    },
    {
      "id": "w-477988-93685795",
      "name": "Philadelphia Light Cream Cheese Snack Tub",
      "brand": "Philadelphia",
      "imageUrls": "https://cdn0.woolworths.media/content/wowproductimages/large/477988.jpg",
      "storeId": "woolworths",
      "packageSize": "136g",
      "cupPrice": "$22.06 / 1KG",
      "locations": {
        "ALL": {
          "price": 3,
          "discountRate": 14,
          "promo": "",
          "orgPrice": 3.5
        }
      },
      "categoryIds": ["w-dairy-eggs-fridge"],
      "similarProducts": []
    },
    {
      "id": "w-477467-93685788",
      "name": "Philadelphia Snack Tub Original",
      "brand": "Philadelphia",
      "imageUrls": "https://cdn0.woolworths.media/content/wowproductimages/large/477467.jpg",
      "storeId": "woolworths",
      "packageSize": "136g",
      "cupPrice": "$22.06 / 1KG",
      "locations": {
        "ALL": {
          "price": 3,
          "discountRate": 14,
          "promo": "",
          "orgPrice": 3.5
        }
      },
      "categoryIds": ["w-dairy-eggs-fridge"],
      "similarProducts": []
    },
    {
      "id": "w-65244-9354853000269",
      "name": "Plant Asia Plant-based Prawns",
      "brand": "Plant Asia",
      "imageUrls": "https://cdn0.woolworths.media/content/wowproductimages/large/065244.jpg",
      "storeId": "woolworths",
      "packageSize": "360g",
      "cupPrice": "$19.44 / 1KG",
      "locations": {
        "ALL": { "price": 7, "discountRate": 13, "promo": "", "orgPrice": 8 }
      },
      "categoryIds": ["w-dairy-eggs-fridge"],
      "similarProducts": []
    },
    {
      "id": "w-30625-9339687096039",
      "name": "Plantitude Vegan Bolognese Sauce",
      "brand": "Plantitude",
      "imageUrls": "https://cdn0.woolworths.media/content/wowproductimages/large/030625.jpg",
      "storeId": "woolworths",
      "packageSize": "300g",
      "cupPrice": "$1.33 / 100G",
      "locations": {
        "ALL": {
          "price": 4,
          "discountRate": 11,
          "promo": "",
          "orgPrice": 4.5
        }
      },
      "categoryIds": ["w-dairy-eggs-fridge"],
      "similarProducts": []
    },
    {
      "id": "w-30604-9339687096015",
      "name": "Plantitude Vegan Creamy Mushroom Sauce",
      "brand": "Plantitude",
      "imageUrls": "https://cdn0.woolworths.media/content/wowproductimages/large/030604.jpg",
      "storeId": "woolworths",
      "packageSize": "300g",
      "cupPrice": "$1.33 / 100G",
      "locations": {
        "ALL": {
          "price": 4,
          "discountRate": 11,
          "promo": "",
          "orgPrice": 4.5
        }
      },
      "categoryIds": ["w-dairy-eggs-fridge"],
      "similarProducts": []
    },
    {
      "id": "w-104400-9311594046222",
      "name": "Primo Duos Cabanossi Bites & Cheddar Cheese",
      "brand": "Primo",
      "imageUrls": "https://cdn0.woolworths.media/content/wowproductimages/large/104400.jpg",
      "storeId": "woolworths",
      "packageSize": "50g",
      "cupPrice": "$60.00 / 1KG",
      "locations": {
        "ALL": { "price": 3, "discountRate": 25, "promo": "", "orgPrice": 4 }
      },
      "categoryIds": ["w-dairy-eggs-fridge"],
      "similarProducts": []
    },
    {
      "id": "w-105355-9311594462398",
      "name": "Primo Duos Hot Twiggy Bites & Cheddar Cheese",
      "brand": "Primo",
      "imageUrls": "https://cdn0.woolworths.media/content/wowproductimages/large/105355.jpg",
      "storeId": "woolworths",
      "packageSize": "50g",
      "cupPrice": "$60.00 / 1KG",
      "locations": {
        "ALL": { "price": 3, "discountRate": 25, "promo": "", "orgPrice": 4 }
      },
      "categoryIds": ["w-dairy-eggs-fridge"],
      "similarProducts": []
    },
    {
      "id": "w-104409-9311594462404",
      "name": "Primo Duos Mild Twiggy Bites & Cheddar Cheese",
      "brand": "Primo",
      "imageUrls": "https://cdn0.woolworths.media/content/wowproductimages/large/104409.jpg",
      "storeId": "woolworths",
      "packageSize": "50g",
      "cupPrice": "$60.00 / 1KG",
      "locations": {
        "ALL": { "price": 3, "discountRate": 25, "promo": "", "orgPrice": 4 }
      },
      "categoryIds": ["w-dairy-eggs-fridge"],
      "similarProducts": []
    },
    {
      "id": "w-65887-9311594019820",
      "name": "Primo Stacker Leg Ham",
      "brand": "Primo",
      "imageUrls": "https://cdn0.woolworths.media/content/wowproductimages/large/065887.jpg",
      "storeId": "woolworths",
      "packageSize": "50g",
      "cupPrice": "$60.00 / 1KG",
      "locations": {
        "ALL": { "price": 3, "discountRate": 25, "promo": "", "orgPrice": 4 }
      },
      "categoryIds": ["w-dairy-eggs-fridge"],
      "similarProducts": []
    },
    {
      "id": "w-63584-9311594019813",
      "name": "Primo Stacker Mild Salami",
      "brand": "Primo",
      "imageUrls": "https://cdn0.woolworths.media/content/wowproductimages/large/063584.jpg",
      "storeId": "woolworths",
      "packageSize": "50g",
      "cupPrice": "$60.00 / 1KG",
      "locations": {
        "ALL": { "price": 3, "discountRate": 25, "promo": "", "orgPrice": 4 }
      },
      "categoryIds": ["w-dairy-eggs-fridge"],
      "similarProducts": []
    },
    {
      "id": "w-63927-9311594019806",
      "name": "Primo Stacker Spicy Chorizo",
      "brand": "Primo",
      "imageUrls": "https://cdn0.woolworths.media/content/wowproductimages/large/063927.jpg",
      "storeId": "woolworths",
      "packageSize": "50g",
      "cupPrice": "$60.00 / 1KG",
      "locations": {
        "ALL": { "price": 3, "discountRate": 25, "promo": "", "orgPrice": 4 }
      },
      "categoryIds": ["w-dairy-eggs-fridge"],
      "similarProducts": []
    },
    {
      "id": "w-96938-9311594019844",
      "name": "Primo Stackers Chicken Breast With Cheddar Cheese & Crackers",
      "brand": "Primo",
      "imageUrls": "https://cdn0.woolworths.media/content/wowproductimages/large/096938.jpg",
      "storeId": "woolworths",
      "packageSize": "45g",
      "cupPrice": "$66.67 / 1KG",
      "locations": {
        "ALL": { "price": 3, "discountRate": 25, "promo": "", "orgPrice": 4 }
      },
      "categoryIds": ["w-dairy-eggs-fridge"],
      "similarProducts": []
    },
    {
      "id": "w-97275-9311594019837",
      "name": "Primo Stackers Danish Salami With Cheddar Cheese & Crackers",
      "brand": "Primo",
      "imageUrls": "https://cdn0.woolworths.media/content/wowproductimages/large/097275.jpg",
      "storeId": "woolworths",
      "packageSize": "45g",
      "cupPrice": "$66.67 / 1KG",
      "locations": {
        "ALL": { "price": 3, "discountRate": 25, "promo": "", "orgPrice": 4 }
      },
      "categoryIds": ["w-dairy-eggs-fridge"],
      "similarProducts": []
    },
    {
      "id": "w-49949-9310073630525",
      "name": "Pura Double Cream",
      "brand": "Pura",
      "imageUrls": "https://cdn0.woolworths.media/content/wowproductimages/large/049949.jpg",
      "storeId": "woolworths",
      "packageSize": "300ml",
      "cupPrice": "$1.67 / 100ML",
      "locations": {
        "ALL": {
          "price": 5,
          "discountRate": 19,
          "promo": "",
          "orgPrice": 6.15
        }
      },
      "categoryIds": ["w-dairy-eggs-fridge"],
      "similarProducts": []
    },
    {
      "id": "w-755203-93541183",
      "name": "Red Rock Deli Basil Pesto And Cashews",
      "brand": "Red Rock Deli",
      "imageUrls": "https://cdn0.woolworths.media/content/wowproductimages/large/755203.jpg",
      "storeId": "woolworths",
      "packageSize": "150g",
      "cupPrice": "$2.33 / 100G",
      "locations": {
        "ALL": {
          "price": 3.5,
          "discountRate": 22,
          "promo": "",
          "orgPrice": 4.5
        }
      },
      "categoryIds": ["w-dairy-eggs-fridge"],
      "similarProducts": []
    },
    {
      "id": "w-703614-93467353",
      "name": "Red Rock Deli Dip Roasted Red Capsicum, Pecorino, Cashews & Basil",
      "brand": "Red Rock Deli",
      "imageUrls": "https://cdn0.woolworths.media/content/wowproductimages/large/703614.jpg",
      "storeId": "woolworths",
      "packageSize": "150g",
      "cupPrice": "$2.33 / 100G",
      "locations": {
        "ALL": {
          "price": 3.5,
          "discountRate": 22,
          "promo": "",
          "orgPrice": 4.5
        }
      },
      "categoryIds": ["w-dairy-eggs-fridge"],
      "similarProducts": []
    },
    {
      "id": "w-923918-93546973",
      "name": "Red Rock Deli Roast Pumpkin Caramelised Onion & Cashew Dip",
      "brand": "Red Rock Deli",
      "imageUrls": "https://cdn0.woolworths.media/content/wowproductimages/large/923918.jpg",
      "storeId": "woolworths",
      "packageSize": "150g",
      "cupPrice": "$2.33 / 100G",
      "locations": {
        "ALL": {
          "price": 3.5,
          "discountRate": 22,
          "promo": "",
          "orgPrice": 4.5
        }
      },
      "categoryIds": ["w-dairy-eggs-fridge"],
      "similarProducts": []
    },
    {
      "id": "w-923912-93547482",
      "name": "Red Rock Deli Roast Tomato Feta Basil & Cashew Dip",
      "brand": "Red Rock Deli",
      "imageUrls": "https://cdn0.woolworths.media/content/wowproductimages/large/923912.jpg",
      "storeId": "woolworths",
      "packageSize": "150g",
      "cupPrice": "$2.33 / 100G",
      "locations": {
        "ALL": {
          "price": 3.5,
          "discountRate": 22,
          "promo": "",
          "orgPrice": 4.5
        }
      },
      "categoryIds": ["w-dairy-eggs-fridge"],
      "similarProducts": []
    },
    {
      "id": "w-703683-93475266",
      "name": "Red Rock Deli Dip Beetroot, Feta & Cashew",
      "brand": "Red Rock Deli",
      "imageUrls": "https://cdn0.woolworths.media/content/wowproductimages/large/703683.jpg",
      "storeId": "woolworths",
      "packageSize": "150g",
      "cupPrice": "$2.33 / 100G",
      "locations": {
        "ALL": {
          "price": 3.5,
          "discountRate": 22,
          "promo": "",
          "orgPrice": 4.5
        }
      },
      "categoryIds": ["w-dairy-eggs-fridge"],
      "similarProducts": []
    },
    {
      "id": "w-703662-93539050",
      "name": "Red Rock Deli Dip Chilli & Lemongrass",
      "brand": "Red Rock Deli",
      "imageUrls": "https://cdn0.woolworths.media/content/wowproductimages/large/703662.jpg",
      "storeId": "woolworths",
      "packageSize": "150g",
      "cupPrice": "$2.33 / 100G",
      "locations": {
        "ALL": {
          "price": 3.5,
          "discountRate": 22,
          "promo": "",
          "orgPrice": 4.5
        }
      },
      "categoryIds": ["w-dairy-eggs-fridge"],
      "similarProducts": []
    },
    {
      "id": "w-64381-9300650029286",
      "name": "Ritz Dipz Spicy Mexican",
      "brand": "Ritz",
      "imageUrls": "https://cdn0.woolworths.media/content/wowproductimages/large/064381.jpg",
      "storeId": "woolworths",
      "packageSize": "185g",
      "cupPrice": "$1.08 / 100G",
      "locations": {
        "ALL": {
          "price": 2,
          "discountRate": 27,
          "promo": "",
          "orgPrice": 2.75
        }
      },
      "categoryIds": ["w-dairy-eggs-fridge"],
      "similarProducts": []
    },
    {
      "id": "w-624764-9336243004729",
      "name": "Rokeby Farms Filmjolk Probiotic Milk Blueberry",
      "brand": "Rokeby Farms",
      "imageUrls": "https://cdn0.woolworths.media/content/wowproductimages/large/624764.jpg",
      "storeId": "woolworths",
      "packageSize": "750ml",
      "cupPrice": "$4.67 / 1L",
      "locations": {
        "ALL": {
          "price": 3.5,
          "discountRate": 30,
          "promo": "",
          "orgPrice": 5
        }
      },
      "categoryIds": ["w-dairy-eggs-fridge"],
      "similarProducts": []
    },
    {
      "id": "w-624763-9336243004712",
      "name": "Rokeby Farms Filmjolk Probiotic Milk Natural",
      "brand": "Rokeby Farms",
      "imageUrls": "https://cdn0.woolworths.media/content/wowproductimages/large/624763.jpg",
      "storeId": "woolworths",
      "packageSize": "750ml",
      "cupPrice": "$4.67 / 1L",
      "locations": {
        "ALL": {
          "price": 3.5,
          "discountRate": 30,
          "promo": "",
          "orgPrice": 5
        }
      },
      "categoryIds": ["w-dairy-eggs-fridge"],
      "similarProducts": []
    },
    {
      "id": "w-710014-9300652803020",
      "name": "Sanitarium So Good Long Life Original Almond Milk",
      "brand": "Sanitarium",
      "imageUrls": "https://cdn0.woolworths.media/content/wowproductimages/large/710014.jpg",
      "storeId": "woolworths",
      "packageSize": "1l",
      "cupPrice": "$2.00 / 1L",
      "locations": {
        "ALL": {
          "price": 2,
          "discountRate": 26,
          "promo": "",
          "orgPrice": 2.7
        }
      },
      "categoryIds": ["w-dairy-eggs-fridge", "w-drinks"],
      "similarProducts": []
    },
    {
      "id": "w-807458-9300652808841",
      "name": "Sanitarium So Good Long Life Prebiotic Soy Milk",
      "brand": "Sanitarium",
      "imageUrls": "https://cdn0.woolworths.media/content/wowproductimages/large/807458.jpg",
      "storeId": "woolworths",
      "packageSize": "1l",
      "cupPrice": "$0.20 / 100ML",
      "locations": {
        "ALL": {
          "price": 2,
          "discountRate": 26,
          "promo": "",
          "orgPrice": 2.7
        }
      },
      "categoryIds": ["w-dairy-eggs-fridge", "w-drinks"],
      "similarProducts": []
    },
    {
      "id": "w-263672-9300652800371",
      "name": "Sanitarium So Good Long Life Regular Soy Milk",
      "brand": "Sanitarium",
      "imageUrls": "https://cdn0.woolworths.media/content/wowproductimages/large/263672.jpg",
      "storeId": "woolworths",
      "packageSize": "250ml x3 pack",
      "cupPrice": "$3.60 / 1L",
      "locations": {
        "ALL": {
          "price": 2.7,
          "discountRate": 18,
          "promo": "",
          "orgPrice": 3.3
        }
      },
      "categoryIds": ["w-dairy-eggs-fridge", "w-drinks"],
      "similarProducts": []
    },
    {
      "id": "w-793384-9300652804973",
      "name": "Sanitarium So Good Long Life Unsweetened Almond Coconut Milk",
      "brand": "Sanitarium",
      "imageUrls": "https://cdn0.woolworths.media/content/wowproductimages/large/793384.jpg",
      "storeId": "woolworths",
      "packageSize": "1l",
      "cupPrice": "$2.00 / 1L",
      "locations": {
        "ALL": {
          "price": 2,
          "discountRate": 26,
          "promo": "",
          "orgPrice": 2.7
        }
      },
      "categoryIds": ["w-dairy-eggs-fridge", "w-drinks"],
      "similarProducts": []
    },
    {
      "id": "w-807459-9300652808674",
      "name": "Sanitarium So Good Long Life Unsweetened Almond Milk",
      "brand": "Sanitarium",
      "imageUrls": "https://cdn0.woolworths.media/content/wowproductimages/large/807459.jpg",
      "storeId": "woolworths",
      "packageSize": "250ml x3 pack",
      "cupPrice": "$0.43 / 100ML",
      "locations": {
        "ALL": {
          "price": 3.2,
          "discountRate": 29,
          "promo": "",
          "orgPrice": 4.5
        }
      },
      "categoryIds": ["w-dairy-eggs-fridge", "w-drinks"],
      "similarProducts": []
    },
    {
      "id": "w-744490-9300652803495",
      "name": "Sanitarium So Good Long Life Unsweetened Almond Milk",
      "brand": "Sanitarium",
      "imageUrls": "https://cdn0.woolworths.media/content/wowproductimages/large/744490.jpg",
      "storeId": "woolworths",
      "packageSize": "1l",
      "cupPrice": "$2.00 / 1L",
      "locations": {
        "ALL": {
          "price": 2,
          "discountRate": 26,
          "promo": "",
          "orgPrice": 2.7
        }
      },
      "categoryIds": ["w-dairy-eggs-fridge", "w-drinks"],
      "similarProducts": []
    },
    {
      "id": "w-5535-9300652516913",
      "name": "Sanitarium So Good Long Life Vanilla Bliss Soy Milk",
      "brand": "Sanitarium",
      "imageUrls": "https://cdn0.woolworths.media/content/wowproductimages/large/005535.jpg",
      "storeId": "woolworths",
      "packageSize": "1l",
      "cupPrice": "$2.00 / 1L",
      "locations": {
        "ALL": { "price": 2, "discountRate": 33, "promo": "", "orgPrice": 3 }
      },
      "categoryIds": ["w-dairy-eggs-fridge", "w-drinks"],
      "similarProducts": []
    },
    {
      "id": "w-62304-9344962002582",
      "name": "So Delicious Dairy Free Cashew Yoghurt Blueberry",
      "brand": "So Delicious",
      "imageUrls": "https://cdn0.woolworths.media/content/wowproductimages/large/062304.jpg",
      "storeId": "woolworths",
      "packageSize": "150g",
      "cupPrice": "$1.17 / 100G",
      "locations": {
        "ALL": {
          "price": 1.75,
          "discountRate": 50,
          "promo": "",
          "orgPrice": 3.5
        }
      },
      "categoryIds": ["w-dairy-eggs-fridge"],
      "similarProducts": []
    },
    {
      "id": "w-62822-9344962002575",
      "name": "So Delicious Dairy Free Cashew Yoghurt Mango Passionfruit",
      "brand": "So Delicious",
      "imageUrls": "https://cdn0.woolworths.media/content/wowproductimages/large/062822.jpg",
      "storeId": "woolworths",
      "packageSize": "150g",
      "cupPrice": "$1.17 / 100G",
      "locations": {
        "ALL": {
          "price": 1.75,
          "discountRate": 50,
          "promo": "",
          "orgPrice": 3.5
        }
      },
      "categoryIds": ["w-dairy-eggs-fridge"],
      "similarProducts": []
    },
    {
      "id": "w-61143-9344962002599",
      "name": "So Delicious Dairy Free Cashew Yoghurt Salted Caramel",
      "brand": "So Delicious",
      "imageUrls": "https://cdn0.woolworths.media/content/wowproductimages/large/061143.jpg",
      "storeId": "woolworths",
      "packageSize": "150g",
      "cupPrice": "$1.17 / 100G",
      "locations": {
        "ALL": {
          "price": 1.75,
          "discountRate": 50,
          "promo": "",
          "orgPrice": 3.5
        }
      },
      "categoryIds": ["w-dairy-eggs-fridge"],
      "similarProducts": []
    },
    {
      "id": "w-861217-9344962002339",
      "name": "So Delicious Almond Strawberry Yoghurt",
      "brand": "So Delicious",
      "imageUrls": "https://cdn0.woolworths.media/content/wowproductimages/large/861217.jpg",
      "storeId": "woolworths",
      "packageSize": "150g",
      "cupPrice": "$1.17 / 100G",
      "locations": {
        "ALL": {
          "price": 1.75,
          "discountRate": 50,
          "promo": "",
          "orgPrice": 3.5
        }
      },
      "categoryIds": ["w-dairy-eggs-fridge"],
      "similarProducts": []
    },
    {
      "id": "w-92352-9343079001327",
      "name": "Sunfresh Zen Balance Bowl",
      "brand": "Sunfresh",
      "imageUrls": "https://cdn0.woolworths.media/content/wowproductimages/large/092352.jpg",
      "storeId": "woolworths",
      "packageSize": "275g",
      "cupPrice": "$1.82 / 100G",
      "locations": {
        "ALL": { "price": 5, "discountRate": 29, "promo": "", "orgPrice": 7 }
      },
      "categoryIds": ["w-dairy-eggs-fridge"],
      "similarProducts": []
    },
    {
      "id": "w-90000-9343079001341",
      "name": "Sunfresh Zen Strength Bowl",
      "brand": "Sunfresh",
      "imageUrls": "https://cdn0.woolworths.media/content/wowproductimages/large/090000.jpg",
      "storeId": "woolworths",
      "packageSize": "275g",
      "cupPrice": "$1.82 / 100G",
      "locations": {
        "ALL": { "price": 5, "discountRate": 29, "promo": "", "orgPrice": 7 }
      },
      "categoryIds": ["w-dairy-eggs-fridge"],
      "similarProducts": []
    },
    {
      "id": "w-92205-9343079001334",
      "name": "Sunfresh Zen Vitality Bowl",
      "brand": "Sunfresh",
      "imageUrls": "https://cdn0.woolworths.media/content/wowproductimages/large/092205.jpg",
      "storeId": "woolworths",
      "packageSize": "275g",
      "cupPrice": "$1.82 / 100G",
      "locations": {
        "ALL": { "price": 5, "discountRate": 29, "promo": "", "orgPrice": 7 }
      },
      "categoryIds": ["w-dairy-eggs-fridge"],
      "similarProducts": []
    },
    {
      "id": "w-310773-9349663000769",
      "name": "Sunny Queen 10 Organic Free Range Eggs",
      "brand": "Sunny Queen",
      "imageUrls": "https://cdn0.woolworths.media/content/wowproductimages/large/310773.jpg",
      "storeId": "woolworths",
      "packageSize": "550g",
      "cupPrice": "$1.55 / 100G",
      "locations": {
        "ALL": {
          "price": 8.5,
          "discountRate": 10,
          "promo": "",
          "orgPrice": 9.4
        }
      },
      "categoryIds": ["w-dairy-eggs-fridge"],
      "similarProducts": []
    },
    {
      "id": "w-101943-9351974041003",
      "name": "Sunrise Eggs 12 Free Range Eggs",
      "brand": "Sunrise Eggs",
      "imageUrls": "https://cdn0.woolworths.media/content/wowproductimages/large/101943.jpg",
      "storeId": "woolworths",
      "packageSize": "700g",
      "cupPrice": "$6.71 / 1KG",
      "locations": {
        "ALL": { "price": 4.7, "discountRate": 6, "promo": "", "orgPrice": 5 }
      },
      "categoryIds": ["w-dairy-eggs-fridge"],
      "similarProducts": []
    },
    {
      "id": "w-102212-9351974041065",
      "name": "Sunrise Eggs 12 Free Range Eggs",
      "brand": "Sunrise Eggs",
      "imageUrls": "https://cdn0.woolworths.media/content/wowproductimages/large/102212.jpg",
      "storeId": "woolworths",
      "packageSize": "600g",
      "cupPrice": "$7.00 / 1KG",
      "locations": {
        "ALL": {
          "price": 4.2,
          "discountRate": 7,
          "promo": "",
          "orgPrice": 4.5
        }
      },
      "categoryIds": ["w-dairy-eggs-fridge"],
      "similarProducts": []
    },
    {
      "id": "w-104353-9313025000414",
      "name": "Supreme Foods Roti Bread Garlic",
      "brand": "Supreme Foods",
      "imageUrls": "https://cdn0.woolworths.media/content/wowproductimages/large/104353.jpg",
      "storeId": "woolworths",
      "packageSize": "4pk 500g",
      "cupPrice": "$1.10 / 100G",
      "locations": {
        "ALL": {
          "price": 5.5,
          "discountRate": 15,
          "promo": "",
          "orgPrice": 6.5
        }
      },
      "categoryIds": ["w-dairy-eggs-fridge"],
      "similarProducts": []
    },
    {
      "id": "w-344206-9313025000667",
      "name": "Supreme Foods Roti Mini",
      "brand": "Supreme Foods",
      "imageUrls": "https://cdn0.woolworths.media/content/wowproductimages/large/344206.jpg",
      "storeId": "woolworths",
      "packageSize": "125g",
      "cupPrice": "$2.00 / 100G",
      "locations": {
        "ALL": {
          "price": 2.5,
          "discountRate": 17,
          "promo": "",
          "orgPrice": 3
        }
      },
      "categoryIds": ["w-dairy-eggs-fridge"],
      "similarProducts": []
    },
    {
      "id": "w-63004-9310036064619",
      "name": "Tamar Valley Yoghurt With Carmans Greek Fruit & Nut Muesli",
      "brand": "Tamar Valley",
      "imageUrls": "https://cdn0.woolworths.media/content/wowproductimages/large/063004.jpg",
      "storeId": "woolworths",
      "packageSize": "150g",
      "cupPrice": "$1.67 / 100G",
      "locations": {
        "ALL": {
          "price": 2.5,
          "discountRate": 22,
          "promo": "",
          "orgPrice": 3.2
        }
      },
      "categoryIds": ["w-dairy-eggs-fridge"],
      "similarProducts": []
    },
    {
      "id": "w-60953-9310036064602",
      "name": "Tamar Valley Yoghurt With Carmans Greek Fruit Free Muesli",
      "brand": "Tamar Valley",
      "imageUrls": "https://cdn0.woolworths.media/content/wowproductimages/large/060953.jpg",
      "storeId": "woolworths",
      "packageSize": "150g",
      "cupPrice": "$1.67 / 100G",
      "locations": {
        "ALL": {
          "price": 2.5,
          "discountRate": 22,
          "promo": "",
          "orgPrice": 3.2
        }
      },
      "categoryIds": ["w-dairy-eggs-fridge"],
      "similarProducts": []
    },
    {
      "id": "w-62834-9421017555580",
      "name": "The Collective Kefir Fig Ginger",
      "brand": "The Collective",
      "imageUrls": "https://cdn0.woolworths.media/content/wowproductimages/large/062834.jpg",
      "storeId": "woolworths",
      "packageSize": "150g",
      "cupPrice": "$1.33 / 100G",
      "locations": {
        "ALL": {
          "price": 2,
          "discountRate": 20,
          "promo": "",
          "orgPrice": 2.5
        }
      },
      "categoryIds": ["w-dairy-eggs-fridge"],
      "similarProducts": []
    },
    {
      "id": "w-62835-9421017555658",
      "name": "The Collective Natural Kefir Tub",
      "brand": "The Collective",
      "imageUrls": "https://cdn0.woolworths.media/content/wowproductimages/large/062835.jpg",
      "storeId": "woolworths",
      "packageSize": "900g",
      "cupPrice": "$0.56 / 100G",
      "locations": {
        "ALL": { "price": 5, "discountRate": 29, "promo": "", "orgPrice": 7 }
      },
      "categoryIds": ["w-dairy-eggs-fridge"],
      "similarProducts": []
    },
    {
      "id": "w-690811-9421017555092",
      "name": "The Collective Organic Strawberry Yoghurt",
      "brand": "The Collective",
      "imageUrls": "https://cdn0.woolworths.media/content/wowproductimages/large/690811.jpg",
      "storeId": "woolworths",
      "packageSize": "70g",
      "cupPrice": "$1.43 / 100G",
      "locations": {
        "ALL": {
          "price": 1,
          "discountRate": 33,
          "promo": "",
          "orgPrice": 1.5
        }
      },
      "categoryIds": ["w-dairy-eggs-fridge"],
      "similarProducts": []
    },
    {
      "id": "w-867283-9421017555481",
      "name": "The Collective Organic Vanilla Li'l Suckies",
      "brand": "The Collective",
      "imageUrls": "https://cdn0.woolworths.media/content/wowproductimages/large/867283.jpg",
      "storeId": "woolworths",
      "packageSize": "70g",
      "cupPrice": "$1.43 / 100G",
      "locations": {
        "ALL": {
          "price": 1,
          "discountRate": 33,
          "promo": "",
          "orgPrice": 1.5
        }
      },
      "categoryIds": ["w-dairy-eggs-fridge"],
      "similarProducts": []
    },
    {
      "id": "w-861824-9421017555467",
      "name": "The Collective Pro Kefir Yoghurt Pouch Blueberry",
      "brand": "The Collective",
      "imageUrls": "https://cdn0.woolworths.media/content/wowproductimages/large/861824.jpg",
      "storeId": "woolworths",
      "packageSize": "100g",
      "cupPrice": "$1.00 / 100G",
      "locations": {
        "ALL": {
          "price": 1,
          "discountRate": 33,
          "promo": "",
          "orgPrice": 1.5
        }
      },
      "categoryIds": ["w-dairy-eggs-fridge"],
      "similarProducts": []
    },
    {
      "id": "w-861823-9421017555474",
      "name": "The Collective Pro Kefir Yoghurt Pouch Strawberry",
      "brand": "The Collective",
      "imageUrls": "https://cdn0.woolworths.media/content/wowproductimages/large/861823.jpg",
      "storeId": "woolworths",
      "packageSize": "100g",
      "cupPrice": "$1.00 / 100G",
      "locations": {
        "ALL": {
          "price": 1,
          "discountRate": 33,
          "promo": "",
          "orgPrice": 1.5
        }
      },
      "categoryIds": ["w-dairy-eggs-fridge"],
      "similarProducts": []
    },
    {
      "id": "w-690859-9421017555023",
      "name": "The Collective Straight Up Unsweetened Yoghurt",
      "brand": "The Collective",
      "imageUrls": "https://cdn0.woolworths.media/content/wowproductimages/large/690859.jpg",
      "storeId": "woolworths",
      "packageSize": "900g",
      "cupPrice": "$0.56 / 100G",
      "locations": {
        "ALL": { "price": 5, "discountRate": 29, "promo": "", "orgPrice": 7 }
      },
      "categoryIds": ["w-dairy-eggs-fridge"],
      "similarProducts": []
    },
    {
      "id": "w-677938-9340784004858",
      "name": "The Goods Kimchi Traditional",
      "brand": "The Goods",
      "imageUrls": "https://cdn0.woolworths.media/content/wowproductimages/large/677938.jpg",
      "storeId": "woolworths",
      "packageSize": "430g",
      "cupPrice": "$13.95 / 1KG",
      "locations": {
        "ALL": { "price": 6, "discountRate": 25, "promo": "", "orgPrice": 8 }
      },
      "categoryIds": ["w-dairy-eggs-fridge"],
      "similarProducts": []
    },
    {
      "id": "w-93087-9326034000313",
      "name": "The Real Natural Tasty Cheddar Cheese Block",
      "brand": "The Real",
      "imageUrls": "https://cdn0.woolworths.media/content/wowproductimages/large/093087.jpg",
      "storeId": "woolworths",
      "packageSize": "500g",
      "cupPrice": "$12.00 / 1KG",
      "locations": {
        "ALL": {
          "price": 6,
          "discountRate": 20,
          "promo": "",
          "orgPrice": 7.5
        }
      },
      "categoryIds": ["w-dairy-eggs-fridge"],
      "similarProducts": []
    },
    {
      "id": "w-91589-9326034000320",
      "name": "The Real Natural Tasty Cheese Block",
      "brand": "The Real",
      "imageUrls": "https://cdn0.woolworths.media/content/wowproductimages/large/091589.jpg",
      "storeId": "woolworths",
      "packageSize": "1kg",
      "cupPrice": "$8.00 / 1KG",
      "locations": {
        "ALL": { "price": 8, "discountRate": 20, "promo": "", "orgPrice": 10 }
      },
      "categoryIds": ["w-dairy-eggs-fridge"],
      "similarProducts": []
    },
    {
      "id": "w-92536-9326034000269",
      "name": "The Real Natural Tasty Cheese Slices",
      "brand": "The Real",
      "imageUrls": "https://cdn0.woolworths.media/content/wowproductimages/large/092536.jpg",
      "storeId": "woolworths",
      "packageSize": "500g",
      "cupPrice": "$14.00 / 1KG",
      "locations": {
        "ALL": { "price": 7, "discountRate": 13, "promo": "", "orgPrice": 8 }
      },
      "categoryIds": ["w-dairy-eggs-fridge"],
      "similarProducts": []
    },
    {
      "id": "w-93403-9326034000054",
      "name": "The Real Shredded Tasty Cheese",
      "brand": "The Real",
      "imageUrls": "https://cdn0.woolworths.media/content/wowproductimages/large/093403.jpg",
      "storeId": "woolworths",
      "packageSize": "2kg",
      "cupPrice": "$7.50 / 1KG",
      "locations": {
        "ALL": {
          "price": 15,
          "discountRate": 25,
          "promo": "",
          "orgPrice": 20
        }
      },
      "categoryIds": ["w-dairy-eggs-fridge"],
      "similarProducts": []
    },
    {
      "id": "w-94254-9311594036339",
      "name": "The Smokeman Brothers Pulled Chicken",
      "brand": "The Smokeman Brothers",
      "imageUrls": "https://cdn0.woolworths.media/content/wowproductimages/large/094254.jpg",
      "storeId": "woolworths",
      "packageSize": "400g",
      "cupPrice": "$2.50 / 100G",
      "locations": {
        "ALL": {
          "price": 10,
          "discountRate": 17,
          "promo": "",
          "orgPrice": 12
        }
      },
      "categoryIds": ["w-dairy-eggs-fridge"],
      "similarProducts": []
    },
    {
      "id": "w-94435-9311594036315",
      "name": "The Smokeman Brothers Pulled Chipotle Pork",
      "brand": "The Smokeman Brothers",
      "imageUrls": "https://cdn0.woolworths.media/content/wowproductimages/large/094435.jpg",
      "storeId": "woolworths",
      "packageSize": "400g",
      "cupPrice": "$2.50 / 100G",
      "locations": {
        "ALL": {
          "price": 10,
          "discountRate": 17,
          "promo": "",
          "orgPrice": 12
        }
      },
      "categoryIds": ["w-dairy-eggs-fridge"],
      "similarProducts": []
    },
    {
      "id": "w-94474-9311594036308",
      "name": "The Smokeman Brothers Smokey Beef Brisket",
      "brand": "The Smokeman Brothers",
      "imageUrls": "https://cdn0.woolworths.media/content/wowproductimages/large/094474.jpg",
      "storeId": "woolworths",
      "packageSize": "400g",
      "cupPrice": "$2.50 / 100G",
      "locations": {
        "ALL": {
          "price": 10,
          "discountRate": 17,
          "promo": "",
          "orgPrice": 12
        }
      },
      "categoryIds": ["w-dairy-eggs-fridge"],
      "similarProducts": []
    },
    {
      "id": "w-586414-9350007007597",
      "name": "Toscano Chocolate Truffle",
      "brand": "Toscano",
      "imageUrls": "https://cdn0.woolworths.media/content/wowproductimages/large/586414.jpg",
      "storeId": "woolworths",
      "packageSize": "450g",
      "cupPrice": "$1.44 / 100G",
      "locations": {
        "ALL": {
          "price": 6.5,
          "discountRate": 19,
          "promo": "",
          "orgPrice": 8
        }
      },
      "categoryIds": ["w-dairy-eggs-fridge"],
      "similarProducts": []
    },
    {
      "id": "w-83847-9310036062387",
      "name": "Vaalia Plus 10g Protein Yoghurt Blueberry",
      "brand": "Vaalia",
      "imageUrls": "https://cdn0.woolworths.media/content/wowproductimages/large/083847.jpg",
      "storeId": "woolworths",
      "packageSize": "150g",
      "cupPrice": "$1.00 / 100G",
      "locations": {
        "ALL": {
          "price": 1.5,
          "discountRate": 33,
          "promo": "",
          "orgPrice": 2.25
        }
      },
      "categoryIds": ["w-dairy-eggs-fridge"],
      "similarProducts": []
    },
    {
      "id": "w-83315-9310036062370",
      "name": "Vaalia Plus 10g Protein Yoghurt Strawberry",
      "brand": "Vaalia",
      "imageUrls": "https://cdn0.woolworths.media/content/wowproductimages/large/083315.jpg",
      "storeId": "woolworths",
      "packageSize": "150g",
      "cupPrice": "$1.00 / 100G",
      "locations": {
        "ALL": {
          "price": 1.5,
          "discountRate": 33,
          "promo": "",
          "orgPrice": 2.25
        }
      },
      "categoryIds": ["w-dairy-eggs-fridge"],
      "similarProducts": []
    },
    {
      "id": "w-31727-9310052122539",
      "name": "Western Star Original Spreadable",
      "brand": "Western Star",
      "imageUrls": "https://cdn0.woolworths.media/content/wowproductimages/large/031727.jpg",
      "storeId": "woolworths",
      "packageSize": "375g",
      "cupPrice": "$1.07 / 100G",
      "locations": {
        "ALL": { "price": 4, "discountRate": 20, "promo": "", "orgPrice": 5 }
      },
      "categoryIds": ["w-dairy-eggs-fridge"],
      "similarProducts": []
    },
    {
      "id": "w-199418-9310052123222",
      "name": "Western Star Spreadable Supersoft",
      "brand": "Western Star",
      "imageUrls": "https://cdn0.woolworths.media/content/wowproductimages/large/199418.jpg",
      "storeId": "woolworths",
      "packageSize": "375g",
      "cupPrice": "$1.07 / 100G",
      "locations": {
        "ALL": { "price": 4, "discountRate": 20, "promo": "", "orgPrice": 5 }
      },
      "categoryIds": ["w-dairy-eggs-fridge"],
      "similarProducts": []
    },
    {
      "id": "w-88194-9421016152001",
      "name": "Westgold Full Cream Milk Powder",
      "brand": "Westgold",
      "imageUrls": "https://cdn0.woolworths.media/content/wowproductimages/large/088194.jpg",
      "storeId": "woolworths",
      "packageSize": "1l",
      "cupPrice": "$0.80 / 100G",
      "locations": {
        "ALL": { "price": 8, "discountRate": 20, "promo": "", "orgPrice": 10 }
      },
      "categoryIds": ["w-dairy-eggs-fridge", "w-drinks"],
      "similarProducts": []
    },
    {
      "id": "w-87769-9421016153060",
      "name": "Westgold Full Cream Uht Milk",
      "brand": "Westgold",
      "imageUrls": "https://cdn0.woolworths.media/content/wowproductimages/large/087769.jpg",
      "storeId": "woolworths",
      "packageSize": "1kg",
      "cupPrice": "$1.50 / 1L",
      "locations": {
        "ALL": {
          "price": 1.5,
          "discountRate": 14,
          "promo": "",
          "orgPrice": 1.75
        }
      },
      "categoryIds": ["w-dairy-eggs-fridge", "w-drinks"],
      "similarProducts": []
    },
    {
      "id": "w-86558-9339454000351",
      "name": "Wicked Sister Chocolate Panna Cotta With Salted Caramel",
      "brand": "Wicked Sister",
      "imageUrls": "https://cdn0.woolworths.media/content/wowproductimages/large/086558.jpg",
      "storeId": "woolworths",
      "packageSize": "2 x150g",
      "cupPrice": "$0.70 / 100G",
      "locations": {
        "ALL": {
          "price": 2.1,
          "discountRate": 50,
          "promo": "",
          "orgPrice": 4.2
        }
      },
      "categoryIds": ["w-dairy-eggs-fridge"],
      "similarProducts": []
    },
    {
      "id": "w-793002-9339454000207",
      "name": "Wicked Sister Coconut Pudding",
      "brand": "Wicked Sister",
      "imageUrls": "https://cdn0.woolworths.media/content/wowproductimages/large/793002.jpg",
      "storeId": "woolworths",
      "packageSize": "2x170g",
      "cupPrice": "$0.62 / 100G",
      "locations": {
        "ALL": {
          "price": 2.1,
          "discountRate": 50,
          "promo": "",
          "orgPrice": 4.2
        }
      },
      "categoryIds": ["w-dairy-eggs-fridge"],
      "similarProducts": []
    },
    {
      "id": "w-94368-9339454000344",
      "name": "Wicked Sister Strawberry Panna Cotta",
      "brand": "Wicked Sister",
      "imageUrls": "https://cdn0.woolworths.media/content/wowproductimages/large/094368.jpg",
      "storeId": "woolworths",
      "packageSize": "150g x2 pack",
      "cupPrice": "$0.70 / 100G",
      "locations": {
        "ALL": {
          "price": 2.1,
          "discountRate": 50,
          "promo": "",
          "orgPrice": 4.2
        }
      },
      "categoryIds": ["w-dairy-eggs-fridge"],
      "similarProducts": []
    },
    {
      "id": "w-793015-9339454000214",
      "name": "Wicked Sister Vanilla Bean Creme Caramel",
      "brand": "Wicked Sister",
      "imageUrls": "https://cdn0.woolworths.media/content/wowproductimages/large/793015.jpg",
      "storeId": "woolworths",
      "packageSize": "2x150g",
      "cupPrice": "$0.70 / 100G",
      "locations": {
        "ALL": {
          "price": 2.1,
          "discountRate": 50,
          "promo": "",
          "orgPrice": 4.2
        }
      },
      "categoryIds": ["w-dairy-eggs-fridge"],
      "similarProducts": []
    },
    {
      "id": "w-793013-9339454000184",
      "name": "Wicked Sister Vanilla Bean Rice Pudding",
      "brand": "Wicked Sister",
      "imageUrls": "https://cdn0.woolworths.media/content/wowproductimages/large/793013.jpg",
      "storeId": "woolworths",
      "packageSize": "2x170g",
      "cupPrice": "$0.62 / 100G",
      "locations": {
        "ALL": {
          "price": 2.1,
          "discountRate": 50,
          "promo": "",
          "orgPrice": 4.2
        }
      },
      "categoryIds": ["w-dairy-eggs-fridge"],
      "similarProducts": []
    },
    {
      "id": "w-872204-9339454000306",
      "name": "Wicked Sister Vanilla Creme Brulee",
      "brand": "Wicked Sister",
      "imageUrls": "https://cdn0.woolworths.media/content/wowproductimages/large/872204.jpg",
      "storeId": "woolworths",
      "packageSize": "100g x2 pack",
      "cupPrice": "$1.05 / 100G",
      "locations": {
        "ALL": {
          "price": 2.1,
          "discountRate": 50,
          "promo": "",
          "orgPrice": 4.2
        }
      },
      "categoryIds": ["w-dairy-eggs-fridge"],
      "similarProducts": []
    },
    {
      "id": "w-840657-9312726002888",
      "name": "Willow Farm Hommus",
      "brand": "Willow Farm",
      "imageUrls": "https://cdn0.woolworths.media/content/wowproductimages/large/840657.jpg",
      "storeId": "woolworths",
      "packageSize": "1kg",
      "cupPrice": "$0.50 / 100G",
      "locations": {
        "ALL": { "price": 5, "discountRate": 9, "promo": "", "orgPrice": 5.5 }
      },
      "categoryIds": ["w-dairy-eggs-fridge"],
      "similarProducts": []
    },
    {
      "id": "w-807373-9310560022390",
      "name": "Wise Bunny Almond Yoghurt Natural",
      "brand": "Wise Bunny",
      "imageUrls": "https://cdn0.woolworths.media/content/wowproductimages/large/807373.jpg",
      "storeId": "woolworths",
      "packageSize": "600g",
      "cupPrice": "$0.75 / 100G",
      "locations": {
        "ALL": {
          "price": 4.5,
          "discountRate": 36,
          "promo": "",
          "orgPrice": 7
        }
      },
      "categoryIds": ["w-dairy-eggs-fridge"],
      "similarProducts": []
    },
    {
      "id": "w-807374-9310560022406",
      "name": "Wise Bunny Almond Yoghurt Strawberry",
      "brand": "Wise Bunny",
      "imageUrls": "https://cdn0.woolworths.media/content/wowproductimages/large/807374.jpg",
      "storeId": "woolworths",
      "packageSize": "600g",
      "cupPrice": "$0.75 / 100G",
      "locations": {
        "ALL": {
          "price": 4.5,
          "discountRate": 36,
          "promo": "",
          "orgPrice": 7
        }
      },
      "categoryIds": ["w-dairy-eggs-fridge"],
      "similarProducts": []
    },
    {
      "id": "w-827225-9300633718428",
      "name": "Woolworths Angus Beef Lasagne",
      "brand": "Woolworths",
      "imageUrls": "https://cdn0.woolworths.media/content/wowproductimages/large/827225.jpg",
      "storeId": "woolworths",
      "packageSize": "700g",
      "cupPrice": "$1.29 / 100G",
      "locations": {
        "ALL": {
          "price": 9,
          "discountRate": 10,
          "promo": "",
          "orgPrice": 9.99
        }
      },
      "categoryIds": ["w-dairy-eggs-fridge"],
      "similarProducts": []
    },
    {
      "id": "w-669777-9339687022465",
      "name": "Woolworths Banana Flavoured Custard",
      "brand": "Woolworths",
      "imageUrls": "https://cdn0.woolworths.media/content/wowproductimages/large/669777.jpg",
      "storeId": "woolworths",
      "packageSize": "85g",
      "cupPrice": "$7.06 / 1KG",
      "locations": {
        "ALL": {
          "price": 0.6,
          "discountRate": 37,
          "promo": "",
          "orgPrice": 0.95
        }
      },
      "categoryIds": ["w-dairy-eggs-fridge"],
      "similarProducts": []
    },
    {
      "id": "w-51728-9339687102723",
      "name": "Woolworths Beef Rendang",
      "brand": "Woolworths",
      "imageUrls": "https://cdn0.woolworths.media/content/wowproductimages/large/051728.jpg",
      "storeId": "woolworths",
      "packageSize": "400g",
      "cupPrice": "$2.00 / 100G",
      "locations": {
        "ALL": { "price": 8, "discountRate": 11, "promo": "", "orgPrice": 9 }
      },
      "categoryIds": ["w-dairy-eggs-fridge"],
      "similarProducts": []
    },
    {
      "id": "w-53733-9339687104352",
      "name": "Woolworths Butter Chicken",
      "brand": "Woolworths",
      "imageUrls": "https://cdn0.woolworths.media/content/wowproductimages/large/053733.jpg",
      "storeId": "woolworths",
      "packageSize": "400g",
      "cupPrice": "$2.00 / 100G",
      "locations": {
        "ALL": { "price": 8, "discountRate": 11, "promo": "", "orgPrice": 9 }
      },
      "categoryIds": ["w-dairy-eggs-fridge"],
      "similarProducts": []
    },
    {
      "id": "w-51730-9339687102747",
      "name": "Woolworths Chicken Red Thai Curry",
      "brand": "Woolworths",
      "imageUrls": "https://cdn0.woolworths.media/content/wowproductimages/large/051730.jpg",
      "storeId": "woolworths",
      "packageSize": "400g",
      "cupPrice": "$2.00 / 100G",
      "locations": {
        "ALL": { "price": 8, "discountRate": 11, "promo": "", "orgPrice": 9 }
      },
      "categoryIds": ["w-dairy-eggs-fridge"],
      "similarProducts": []
    },
    {
      "id": "w-78198-9339687151448",
      "name": "Woolworths Chicken Tikka Bites",
      "brand": "Woolworths",
      "imageUrls": "https://cdn0.woolworths.media/content/wowproductimages/large/078198.jpg",
      "storeId": "woolworths",
      "packageSize": "200g",
      "cupPrice": "$2.75 / 100G",
      "locations": {
        "ALL": {
          "price": 5.5,
          "discountRate": 15,
          "promo": "",
          "orgPrice": 6.5
        }
      },
      "categoryIds": ["w-dairy-eggs-fridge"],
      "similarProducts": []
    },
    {
      "id": "w-852486-9339687085057",
      "name": "Woolworths Choc Cherry Flavoured Custard",
      "brand": "Woolworths",
      "imageUrls": "https://cdn0.woolworths.media/content/wowproductimages/large/852486.jpg",
      "storeId": "woolworths",
      "packageSize": "85g",
      "cupPrice": "$7.06 / 1KG",
      "locations": {
        "ALL": {
          "price": 0.6,
          "discountRate": 37,
          "promo": "",
          "orgPrice": 0.95
        }
      },
      "categoryIds": ["w-dairy-eggs-fridge"],
      "similarProducts": []
    },
    {
      "id": "w-852485-9339687085040",
      "name": "Woolworths Creamy Bickie Flavoured Custard",
      "brand": "Woolworths",
      "imageUrls": "https://cdn0.woolworths.media/content/wowproductimages/large/852485.jpg",
      "storeId": "woolworths",
      "packageSize": "85g",
      "cupPrice": "$7.06 / 1KG",
      "locations": {
        "ALL": {
          "price": 0.6,
          "discountRate": 37,
          "promo": "",
          "orgPrice": 0.95
        }
      },
      "categoryIds": ["w-dairy-eggs-fridge"],
      "similarProducts": []
    },
    {
      "id": "w-767946-9300633448424",
      "name": "Woolworths Fresh Lasagne Beef",
      "brand": "Woolworths",
      "imageUrls": "https://cdn0.woolworths.media/content/wowproductimages/large/767946.jpg",
      "storeId": "woolworths",
      "packageSize": "400g",
      "cupPrice": "$1.75 / 100G",
      "locations": {
        "ALL": { "price": 7, "discountRate": 7, "promo": "", "orgPrice": 7.5 }
      },
      "categoryIds": ["w-dairy-eggs-fridge"],
      "similarProducts": []
    },
    {
      "id": "w-820119-9339687079896",
      "name": "Woolworths Hearty Beef & Vegetable Soup",
      "brand": "Woolworths",
      "imageUrls": "https://cdn0.woolworths.media/content/wowproductimages/large/820119.jpg",
      "storeId": "woolworths",
      "packageSize": "500g",
      "cupPrice": "$0.80 / 100G",
      "locations": {
        "ALL": { "price": 4, "discountRate": 20, "promo": "", "orgPrice": 5 }
      },
      "categoryIds": ["w-dairy-eggs-fridge"],
      "similarProducts": []
    },
    {
      "id": "w-80001-9339687154975",
      "name": "Woolworths Hearty Chicken & Vegetable Soup",
      "brand": "Woolworths",
      "imageUrls": "https://cdn0.woolworths.media/content/wowproductimages/large/080001.jpg",
      "storeId": "woolworths",
      "packageSize": "500g",
      "cupPrice": "$0.80 / 100G",
      "locations": {
        "ALL": { "price": 4, "discountRate": 20, "promo": "", "orgPrice": 5 }
      },
      "categoryIds": ["w-dairy-eggs-fridge"],
      "similarProducts": []
    },
    {
      "id": "w-820118-9339687079889",
      "name": "Woolworths Hearty Lamb & Barley Soup",
      "brand": "Woolworths",
      "imageUrls": "https://cdn0.woolworths.media/content/wowproductimages/large/820118.jpg",
      "storeId": "woolworths",
      "packageSize": "500g",
      "cupPrice": "$0.80 / 100G",
      "locations": {
        "ALL": { "price": 4, "discountRate": 20, "promo": "", "orgPrice": 5 }
      },
      "categoryIds": ["w-dairy-eggs-fridge"],
      "similarProducts": []
    },
    {
      "id": "w-820173-9339687079933",
      "name": "Woolworths Hearty Peppered Steak Soup",
      "brand": "Woolworths",
      "imageUrls": "https://cdn0.woolworths.media/content/wowproductimages/large/820173.jpg",
      "storeId": "woolworths",
      "packageSize": "500g",
      "cupPrice": "$0.80 / 100G",
      "locations": {
        "ALL": { "price": 4, "discountRate": 20, "promo": "", "orgPrice": 5 }
      },
      "categoryIds": ["w-dairy-eggs-fridge"],
      "similarProducts": []
    },
    {
      "id": "w-80000-9339687154968",
      "name": "Woolworths Hearty Spiced Lentil Soup",
      "brand": "Woolworths",
      "imageUrls": "https://cdn0.woolworths.media/content/wowproductimages/large/080000.jpg",
      "storeId": "woolworths",
      "packageSize": "500g",
      "cupPrice": "$0.80 / 100G",
      "locations": {
        "ALL": { "price": 4, "discountRate": 20, "promo": "", "orgPrice": 5 }
      },
      "categoryIds": ["w-dairy-eggs-fridge"],
      "similarProducts": []
    },
    {
      "id": "w-78197-9339687151431",
      "name": "Woolworths Hearty Vegetable Lasagne",
      "brand": "Woolworths",
      "imageUrls": "https://cdn0.woolworths.media/content/wowproductimages/large/078197.jpg",
      "storeId": "woolworths",
      "packageSize": "700g",
      "cupPrice": "$1.43 / 100G",
      "locations": {
        "ALL": { "price": 10, "discountRate": 9, "promo": "", "orgPrice": 11 }
      },
      "categoryIds": ["w-dairy-eggs-fridge"],
      "similarProducts": []
    },
    {
      "id": "w-688516-9339687045730",
      "name": "Woolworths Italian Cheese Blend",
      "brand": "Woolworths",
      "imageUrls": "https://cdn0.woolworths.media/content/wowproductimages/large/688516.jpg",
      "storeId": "woolworths",
      "packageSize": "250g",
      "cupPrice": "$16.00 / 1KG",
      "locations": {
        "ALL": { "price": 4, "discountRate": 5, "promo": "", "orgPrice": 4.2 }
      },
      "categoryIds": ["w-dairy-eggs-fridge"],
      "similarProducts": []
    },
    {
      "id": "w-688517-9339687045747",
      "name": "Woolworths Mexican Cheese Blend",
      "brand": "Woolworths",
      "imageUrls": "https://cdn0.woolworths.media/content/wowproductimages/large/688517.jpg",
      "storeId": "woolworths",
      "packageSize": "250g",
      "cupPrice": "$16.00 / 1KG",
      "locations": {
        "ALL": { "price": 4, "discountRate": 5, "promo": "", "orgPrice": 4.2 }
      },
      "categoryIds": ["w-dairy-eggs-fridge"],
      "similarProducts": []
    },
    {
      "id": "w-827221-9300633718381",
      "name": "Woolworths Penne Boscaiola",
      "brand": "Woolworths",
      "imageUrls": "https://cdn0.woolworths.media/content/wowproductimages/large/827221.jpg",
      "storeId": "woolworths",
      "packageSize": "350g",
      "cupPrice": "$1.43 / 100G",
      "locations": {
        "ALL": {
          "price": 5,
          "discountRate": 33,
          "promo": "2 for $12.00",
          "orgPrice": 7.5
        }
      },
      "categoryIds": ["w-dairy-eggs-fridge"],
      "similarProducts": []
    },
    {
      "id": "w-51729-9339687102730",
      "name": "Woolworths South Indian Curry",
      "brand": "Woolworths",
      "imageUrls": "https://cdn0.woolworths.media/content/wowproductimages/large/051729.jpg",
      "storeId": "woolworths",
      "packageSize": "400g",
      "cupPrice": "$2.00 / 100G",
      "locations": {
        "ALL": { "price": 8, "discountRate": 11, "promo": "", "orgPrice": 9 }
      },
      "categoryIds": ["w-dairy-eggs-fridge"],
      "similarProducts": []
    },
    {
      "id": "w-78192-9339687151400",
      "name": "Woolworths Turmeric & Vegetable Rice",
      "brand": "Woolworths",
      "imageUrls": "https://cdn0.woolworths.media/content/wowproductimages/large/078192.jpg",
      "storeId": "woolworths",
      "packageSize": "300g",
      "cupPrice": "$1.17 / 100G",
      "locations": {
        "ALL": {
          "price": 3.5,
          "discountRate": 13,
          "promo": "",
          "orgPrice": 4
        }
      },
      "categoryIds": ["w-dairy-eggs-fridge"],
      "similarProducts": []
    },
    {
      "id": "w-84937-9300658409363",
      "name": "Yogo Choc Yogo & Caramel Flavoured Drops",
      "brand": "Yogo",
      "imageUrls": "https://cdn0.woolworths.media/content/wowproductimages/large/084937.jpg",
      "storeId": "woolworths",
      "packageSize": "150g",
      "cupPrice": "$1.67 / 100G",
      "locations": {
        "ALL": {
          "price": 2.5,
          "discountRate": 12,
          "promo": "",
          "orgPrice": 2.85
        }
      },
      "categoryIds": ["w-dairy-eggs-fridge"],
      "similarProducts": []
    },
    {
      "id": "w-85160-9300658409370",
      "name": "Yogo Choc Yogo & Honeycomb Bites",
      "brand": "Yogo",
      "imageUrls": "https://cdn0.woolworths.media/content/wowproductimages/large/085160.jpg",
      "storeId": "woolworths",
      "packageSize": "150g",
      "cupPrice": "$1.67 / 100G",
      "locations": {
        "ALL": {
          "price": 2.5,
          "discountRate": 12,
          "promo": "",
          "orgPrice": 2.85
        }
      },
      "categoryIds": ["w-dairy-eggs-fridge"],
      "similarProducts": []
    },
    {
      "id": "w-156294-9300658401398",
      "name": "Yogo Chocolate With Choc Chip Dessert",
      "brand": "Yogo",
      "imageUrls": "https://cdn0.woolworths.media/content/wowproductimages/large/156294.jpg",
      "storeId": "woolworths",
      "packageSize": "150g",
      "cupPrice": "$1.67 / 100G",
      "locations": {
        "ALL": {
          "price": 2.5,
          "discountRate": 12,
          "promo": "",
          "orgPrice": 2.85
        }
      },
      "categoryIds": ["w-dairy-eggs-fridge"],
      "similarProducts": []
    },
    {
      "id": "w-156295-9300658401374",
      "name": "Yogo Chocolate With Mini M&m's Dessert",
      "brand": "Yogo",
      "imageUrls": "https://cdn0.woolworths.media/content/wowproductimages/large/156295.jpg",
      "storeId": "woolworths",
      "packageSize": "150g",
      "cupPrice": "$1.67 / 100G",
      "locations": {
        "ALL": {
          "price": 2.5,
          "discountRate": 12,
          "promo": "",
          "orgPrice": 2.85
        }
      },
      "categoryIds": ["w-dairy-eggs-fridge"],
      "similarProducts": []
    },
    {
      "id": "w-258617-9300658403132",
      "name": "Yoplait Le Rice Pudding Classic Vanilla",
      "brand": "Yoplait",
      "imageUrls": "https://cdn0.woolworths.media/content/wowproductimages/large/258617.jpg",
      "storeId": "woolworths",
      "packageSize": "2x150g",
      "cupPrice": "$0.83 / 100G",
      "locations": {
        "ALL": {
          "price": 2.5,
          "discountRate": 21,
          "promo": "",
          "orgPrice": 3.15
        }
      },
      "categoryIds": ["w-dairy-eggs-fridge"],
      "similarProducts": []
    },
    {
      "id": "w-374587-9300658404955",
      "name": "Yoplait Petit Miam Blueberry",
      "brand": "Yoplait",
      "imageUrls": "https://cdn0.woolworths.media/content/wowproductimages/large/374587.jpg",
      "storeId": "woolworths",
      "packageSize": "70g",
      "cupPrice": "$1.14 / 100G",
      "locations": {
        "ALL": {
          "price": 0.8,
          "discountRate": 20,
          "promo": "",
          "orgPrice": 1
        }
      },
      "categoryIds": ["w-dairy-eggs-fridge", "w-lunch-box"],
      "similarProducts": []
    },
    {
      "id": "w-312191-9310199027568",
      "name": "Yoplait Petit Miam Strawberry",
      "brand": "Yoplait",
      "imageUrls": "https://cdn0.woolworths.media/content/wowproductimages/large/312191.jpg",
      "storeId": "woolworths",
      "packageSize": "70g",
      "cupPrice": "$1.14 / 100G",
      "locations": {
        "ALL": {
          "price": 0.8,
          "discountRate": 20,
          "promo": "",
          "orgPrice": 1
        }
      },
      "categoryIds": ["w-dairy-eggs-fridge", "w-lunch-box"],
      "similarProducts": []
    },
    {
      "id": "w-955270-9300658406706",
      "name": "Yoplait Petit Miam Vanilla",
      "brand": "Yoplait",
      "imageUrls": "https://cdn0.woolworths.media/content/wowproductimages/large/955270.jpg",
      "storeId": "woolworths",
      "packageSize": "70g",
      "cupPrice": "$1.14 / 100G",
      "locations": {
        "ALL": {
          "price": 0.8,
          "discountRate": 20,
          "promo": "",
          "orgPrice": 1
        }
      },
      "categoryIds": ["w-dairy-eggs-fridge", "w-lunch-box"],
      "similarProducts": []
    },
    {
      "id": "w-312195-9310199027575",
      "name": "Yoplait Petit Miam Banana",
      "brand": "Yoplait",
      "imageUrls": "https://cdn0.woolworths.media/content/wowproductimages/large/312195.jpg",
      "storeId": "woolworths",
      "packageSize": "70g",
      "cupPrice": "$1.14 / 100G",
      "locations": {
        "ALL": {
          "price": 0.8,
          "discountRate": 20,
          "promo": "",
          "orgPrice": 1
        }
      },
      "categoryIds": ["w-dairy-eggs-fridge", "w-lunch-box"],
      "similarProducts": []
    },
    {
      "id": "w-83803-9317444003308",
      "name": "Yumi's Avocado With Sea Salt Dip",
      "brand": "Yumi's",
      "imageUrls": "https://cdn0.woolworths.media/content/wowproductimages/large/083803.jpg",
      "storeId": "woolworths",
      "packageSize": "65g x3 pack",
      "cupPrice": "$1.79 / 100G",
      "locations": {
        "ALL": {
          "price": 3.5,
          "discountRate": 13,
          "promo": "",
          "orgPrice": 4
        }
      },
      "categoryIds": ["w-dairy-eggs-fridge"],
      "similarProducts": []
    },
    {
      "id": "w-92303-9317444003476",
      "name": "Yumi's Classic Veggie Burger",
      "brand": "Yumi's",
      "imageUrls": "https://cdn0.woolworths.media/content/wowproductimages/large/092303.jpg",
      "storeId": "woolworths",
      "packageSize": "250g",
      "cupPrice": "$24.00 / 1KG",
      "locations": {
        "ALL": { "price": 6, "discountRate": 14, "promo": "", "orgPrice": 7 }
      },
      "categoryIds": ["w-dairy-eggs-fridge"],
      "similarProducts": []
    },
    {
      "id": "w-81500-9317444002882",
      "name": "Yumi's Mini Hommus",
      "brand": "Yumi's",
      "imageUrls": "https://cdn0.woolworths.media/content/wowproductimages/large/081500.jpg",
      "storeId": "woolworths",
      "packageSize": "65g x3 pack",
      "cupPrice": "$1.28 / 100G",
      "locations": {
        "ALL": {
          "price": 2.5,
          "discountRate": 17,
          "promo": "",
          "orgPrice": 3
        }
      },
      "categoryIds": ["w-dairy-eggs-fridge"],
      "similarProducts": []
    },
    {
      "id": "w-345092-9317444001694",
      "name": "Yumi's Original Falafel Balls",
      "brand": "Yumi's",
      "imageUrls": "https://cdn0.woolworths.media/content/wowproductimages/large/345092.jpg",
      "storeId": "woolworths",
      "packageSize": "225g",
      "cupPrice": "$17.78 / 1KG",
      "locations": {
        "ALL": { "price": 4, "discountRate": 20, "promo": "", "orgPrice": 5 }
      },
      "categoryIds": ["w-dairy-eggs-fridge"],
      "similarProducts": []
    },
    {
      "id": "w-83614-9317444003315",
      "name": "Yumi's Red Capsicum & Roasted Cashews Dip",
      "brand": "Yumi's",
      "imageUrls": "https://cdn0.woolworths.media/content/wowproductimages/large/083614.jpg",
      "storeId": "woolworths",
      "packageSize": "3x65g",
      "cupPrice": "$1.79 / 100G",
      "locations": {
        "ALL": {
          "price": 3.5,
          "discountRate": 13,
          "promo": "",
          "orgPrice": 4
        }
      },
      "categoryIds": ["w-dairy-eggs-fridge"],
      "similarProducts": []
    },
    {
      "id": "w-82397-9317444003322",
      "name": "Yumi's Roasted Beetroot Hommus Dip",
      "brand": "Yumi's",
      "imageUrls": "https://cdn0.woolworths.media/content/wowproductimages/large/082397.jpg",
      "storeId": "woolworths",
      "packageSize": "3x65g",
      "cupPrice": "$1.79 / 100G",
      "locations": {
        "ALL": {
          "price": 3.5,
          "discountRate": 13,
          "promo": "",
          "orgPrice": 4
        }
      },
      "categoryIds": ["w-dairy-eggs-fridge"],
      "similarProducts": []
    },
    {
      "id": "w-706642-9317444001717",
      "name": "Yumi's Sesame Falafel Balls",
      "brand": "Yumi's",
      "imageUrls": "https://cdn0.woolworths.media/content/wowproductimages/large/706642.jpg",
      "storeId": "woolworths",
      "packageSize": "225g",
      "cupPrice": "$17.78 / 1KG",
      "locations": {
        "ALL": { "price": 4, "discountRate": 20, "promo": "", "orgPrice": 5 }
      },
      "categoryIds": ["w-dairy-eggs-fridge"],
      "similarProducts": []
    },
    {
      "id": "w-85415-9317444003155",
      "name": "Yumi's Sweet Potato & Roasted Cashew",
      "brand": "Yumi's",
      "imageUrls": "https://cdn0.woolworths.media/content/wowproductimages/large/085415.jpg",
      "storeId": "woolworths",
      "packageSize": "65g x3 pack",
      "cupPrice": "$1.79 / 100G",
      "locations": {
        "ALL": {
          "price": 3.5,
          "discountRate": 13,
          "promo": "",
          "orgPrice": 4
        }
      },
      "categoryIds": ["w-dairy-eggs-fridge"],
      "similarProducts": []
    },
    {
      "id": "w-280499-9421001851650",
      "name": "Abe's Bagel Bakery Marlborough Seasalt Bagel Crisps",
      "brand": "Abe's Bagel Bakery",
      "imageUrls": "https://cdn0.woolworths.media/content/wowproductimages/large/280499.jpg",
      "storeId": "woolworths",
      "packageSize": "150g",
      "cupPrice": "$1.67 / 100G",
      "locations": {
        "ALL": {
          "price": 2.5,
          "discountRate": 22,
          "promo": "",
          "orgPrice": 3.2
        }
      },
      "categoryIds": ["w-pantry"],
      "similarProducts": []
    },
    {
      "id": "w-267931-9421001851551",
      "name": "Abe's Bagel Bakery Roasted Garlic Bagel Crisps",
      "brand": "Abe's Bagel Bakery",
      "imageUrls": "https://cdn0.woolworths.media/content/wowproductimages/large/267931.jpg",
      "storeId": "woolworths",
      "packageSize": "150g",
      "cupPrice": "$1.67 / 100G",
      "locations": {
        "ALL": {
          "price": 2.5,
          "discountRate": 22,
          "promo": "",
          "orgPrice": 3.2
        }
      },
      "categoryIds": ["w-pantry"],
      "similarProducts": []
    },
    {
      "id": "w-661811-9421001851612",
      "name": "Abe's Bagel Bakery Vegemite Bagel Bites",
      "brand": "Abe's Bagel Bakery",
      "imageUrls": "https://cdn0.woolworths.media/content/wowproductimages/large/661811.jpg",
      "storeId": "woolworths",
      "packageSize": "150g",
      "cupPrice": "$1.67 / 100G",
      "locations": {
        "ALL": {
          "price": 2.5,
          "discountRate": 22,
          "promo": "",
          "orgPrice": 3.2
        }
      },
      "categoryIds": ["w-pantry"],
      "similarProducts": []
    },
    {
      "id": "w-661997-9300619572396",
      "name": "Aeroplane Chocolate Mousse Mix",
      "brand": "Aeroplane",
      "imageUrls": "https://cdn0.woolworths.media/content/wowproductimages/large/661997.jpg",
      "storeId": "woolworths",
      "packageSize": "65g",
      "cupPrice": "$2.69 / 100G",
      "locations": {
        "ALL": {
          "price": 1.75,
          "discountRate": 22,
          "promo": "",
          "orgPrice": 2.25
        }
      },
      "categoryIds": ["w-pantry"],
      "similarProducts": []
    },
    {
      "id": "w-5669-9300619571221",
      "name": "Aeroplane Jelly Lite Lime",
      "brand": "Aeroplane",
      "imageUrls": "https://cdn0.woolworths.media/content/wowproductimages/large/005669.jpg",
      "storeId": "woolworths",
      "packageSize": "2x9g",
      "cupPrice": "$9.44 / 100G",
      "locations": {
        "ALL": {
          "price": 1.7,
          "discountRate": 11,
          "promo": "",
          "orgPrice": 1.9
        }
      },
      "categoryIds": ["w-pantry"],
      "similarProducts": []
    },
    {
      "id": "w-348802-9300619571689",
      "name": "Aeroplane Jelly Lite Mango Passionfruit",
      "brand": "Aeroplane",
      "imageUrls": "https://cdn0.woolworths.media/content/wowproductimages/large/348802.jpg",
      "storeId": "woolworths",
      "packageSize": "2x9g",
      "cupPrice": "$9.44 / 100G",
      "locations": {
        "ALL": {
          "price": 1.7,
          "discountRate": 11,
          "promo": "",
          "orgPrice": 1.9
        }
      },
      "categoryIds": ["w-pantry"],
      "similarProducts": []
    },
    {
      "id": "w-5678-9300619571573",
      "name": "Aeroplane Jelly Lite Orange Mango",
      "brand": "Aeroplane",
      "imageUrls": "https://cdn0.woolworths.media/content/wowproductimages/large/005678.jpg",
      "storeId": "woolworths",
      "packageSize": "2x9g",
      "cupPrice": "$9.44 / 100G",
      "locations": {
        "ALL": {
          "price": 1.7,
          "discountRate": 11,
          "promo": "",
          "orgPrice": 1.9
        }
      },
      "categoryIds": ["w-pantry"],
      "similarProducts": []
    },
    {
      "id": "w-172715-9300619109752",
      "name": "Aeroplane Jelly Lite Pineapple",
      "brand": "Aeroplane",
      "imageUrls": "https://cdn0.woolworths.media/content/wowproductimages/large/172715.jpg",
      "storeId": "woolworths",
      "packageSize": "2x9g",
      "cupPrice": "$9.44 / 100G",
      "locations": {
        "ALL": {
          "price": 1.7,
          "discountRate": 11,
          "promo": "",
          "orgPrice": 1.9
        }
      },
      "categoryIds": ["w-pantry"],
      "similarProducts": []
    },
    {
      "id": "w-105926-9300619110055",
      "name": "Aeroplane Jelly Lite Port Wine",
      "brand": "Aeroplane",
      "imageUrls": "https://cdn0.woolworths.media/content/wowproductimages/large/105926.jpg",
      "storeId": "woolworths",
      "packageSize": "2x9g",
      "cupPrice": "$9.44 / 100G",
      "locations": {
        "ALL": {
          "price": 1.7,
          "discountRate": 11,
          "promo": "",
          "orgPrice": 1.9
        }
      },
      "categoryIds": ["w-pantry"],
      "similarProducts": []
    },
    {
      "id": "w-36721-9300619571214",
      "name": "Aeroplane Jelly Lite Raspberry",
      "brand": "Aeroplane",
      "imageUrls": "https://cdn0.woolworths.media/content/wowproductimages/large/036721.jpg",
      "storeId": "woolworths",
      "packageSize": "2x9g",
      "cupPrice": "$9.44 / 100G",
      "locations": {
        "ALL": {
          "price": 1.7,
          "discountRate": 11,
          "promo": "",
          "orgPrice": 1.9
        }
      },
      "categoryIds": ["w-pantry"],
      "similarProducts": []
    },
    {
      "id": "w-5665-9300619571207",
      "name": "Aeroplane Jelly Lite Strawberry",
      "brand": "Aeroplane",
      "imageUrls": "https://cdn0.woolworths.media/content/wowproductimages/large/005665.jpg",
      "storeId": "woolworths",
      "packageSize": "2x9g",
      "cupPrice": "$9.44 / 100G",
      "locations": {
        "ALL": {
          "price": 1.7,
          "discountRate": 11,
          "promo": "",
          "orgPrice": 1.9
        }
      },
      "categoryIds": ["w-pantry"],
      "similarProducts": []
    },
    {
      "id": "w-754480-9300619571856",
      "name": "Aeroplane Jelly Lite Twin Lemon",
      "brand": "Aeroplane",
      "imageUrls": "https://cdn0.woolworths.media/content/wowproductimages/large/754480.jpg",
      "storeId": "woolworths",
      "packageSize": "2x9g",
      "cupPrice": "$9.44 / 100G",
      "locations": {
        "ALL": {
          "price": 1.7,
          "discountRate": 11,
          "promo": "",
          "orgPrice": 1.9
        }
      },
      "categoryIds": ["w-pantry"],
      "similarProducts": []
    },
    {
      "id": "w-380903-9300619571719",
      "name": "Aeroplane Jelly Lite Vanilla Berry",
      "brand": "Aeroplane",
      "imageUrls": "https://cdn0.woolworths.media/content/wowproductimages/large/380903.jpg",
      "storeId": "woolworths",
      "packageSize": "2x9g",
      "cupPrice": "$9.44 / 100G",
      "locations": {
        "ALL": {
          "price": 1.7,
          "discountRate": 11,
          "promo": "",
          "orgPrice": 1.9
        }
      },
      "categoryIds": ["w-pantry"],
      "similarProducts": []
    },
    {
      "id": "w-350110-9300619571702",
      "name": "Aeroplane Jelly Reduced Sugar Lime",
      "brand": "Aeroplane",
      "imageUrls": "https://cdn0.woolworths.media/content/wowproductimages/large/350110.jpg",
      "storeId": "woolworths",
      "packageSize": "85g",
      "cupPrice": "$1.18 / 100G",
      "locations": {
        "ALL": {
          "price": 1,
          "discountRate": 20,
          "promo": "",
          "orgPrice": 1.25
        }
      },
      "categoryIds": ["w-pantry"],
      "similarProducts": []
    },
    {
      "id": "w-310375-9300683501186",
      "name": "Aeroplane Jelly Reduced Sugar Raspberry",
      "brand": "Aeroplane",
      "imageUrls": "https://cdn0.woolworths.media/content/wowproductimages/large/310375.jpg",
      "storeId": "woolworths",
      "packageSize": "85g",
      "cupPrice": "$1.18 / 100G",
      "locations": {
        "ALL": {
          "price": 1,
          "discountRate": 20,
          "promo": "",
          "orgPrice": 1.25
        }
      },
      "categoryIds": ["w-pantry"],
      "similarProducts": []
    },
    {
      "id": "w-310379-9300683501193",
      "name": "Aeroplane Jelly Reduced Sugar Strawberry",
      "brand": "Aeroplane",
      "imageUrls": "https://cdn0.woolworths.media/content/wowproductimages/large/310379.jpg",
      "storeId": "woolworths",
      "packageSize": "85g",
      "cupPrice": "$1.18 / 100G",
      "locations": {
        "ALL": {
          "price": 1,
          "discountRate": 20,
          "promo": "",
          "orgPrice": 1.25
        }
      },
      "categoryIds": ["w-pantry"],
      "similarProducts": []
    },
    {
      "id": "w-754525-9300619571863",
      "name": "Aeroplane Jelly Naturals Blackcurrant",
      "brand": "Aeroplane",
      "imageUrls": "https://cdn0.woolworths.media/content/wowproductimages/large/754525.jpg",
      "storeId": "woolworths",
      "packageSize": "85g",
      "cupPrice": "$1.18 / 100G",
      "locations": {
        "ALL": {
          "price": 1,
          "discountRate": 20,
          "promo": "",
          "orgPrice": 1.25
        }
      },
      "categoryIds": ["w-pantry"],
      "similarProducts": []
    },
    {
      "id": "w-518053-9300619571924",
      "name": "Aeroplane Ready To Eat Jelly Blackcurrant",
      "brand": "Aeroplane",
      "imageUrls": "https://cdn0.woolworths.media/content/wowproductimages/large/518053.jpg",
      "storeId": "woolworths",
      "packageSize": "120g",
      "cupPrice": "$1.00 / 100G",
      "locations": {
        "ALL": {
          "price": 1.2,
          "discountRate": 14,
          "promo": "",
          "orgPrice": 1.4
        }
      },
      "categoryIds": ["w-pantry", "w-lunch-box"],
      "similarProducts": []
    },
    {
      "id": "w-518052-9300619572310",
      "name": "Aeroplane Ready To Eat Jelly Pineapple",
      "brand": "Aeroplane",
      "imageUrls": "https://cdn0.woolworths.media/content/wowproductimages/large/518052.jpg",
      "storeId": "woolworths",
      "packageSize": "120g",
      "cupPrice": "$1.00 / 100G",
      "locations": {
        "ALL": {
          "price": 1.2,
          "discountRate": 14,
          "promo": "",
          "orgPrice": 1.4
        }
      },
      "categoryIds": ["w-pantry", "w-lunch-box"],
      "similarProducts": []
    },
    {
      "id": "w-754521-9300619571917",
      "name": "Aeroplane Ready To Eat Jelly Raspberry",
      "brand": "Aeroplane",
      "imageUrls": "https://cdn0.woolworths.media/content/wowproductimages/large/754521.jpg",
      "storeId": "woolworths",
      "packageSize": "120g",
      "cupPrice": "$1.00 / 100G",
      "locations": {
        "ALL": {
          "price": 1.2,
          "discountRate": 14,
          "promo": "",
          "orgPrice": 1.4
        }
      },
      "categoryIds": ["w-pantry", "w-lunch-box"],
      "similarProducts": []
    },
    {
      "id": "w-754498-9300619571894",
      "name": "Aeroplane Ready To Eat Jelly Strawberry",
      "brand": "Aeroplane",
      "imageUrls": "https://cdn0.woolworths.media/content/wowproductimages/large/754498.jpg",
      "storeId": "woolworths",
      "packageSize": "120g",
      "cupPrice": "$1.00 / 100G",
      "locations": {
        "ALL": {
          "price": 1.2,
          "discountRate": 14,
          "promo": "",
          "orgPrice": 1.4
        }
      },
      "categoryIds": ["w-pantry", "w-lunch-box"],
      "similarProducts": []
    },
    {
      "id": "w-754460-9300619571900",
      "name": "Aeroplane Ready To Eat Orange Jelly",
      "brand": "Aeroplane",
      "imageUrls": "https://cdn0.woolworths.media/content/wowproductimages/large/754460.jpg",
      "storeId": "woolworths",
      "packageSize": "120g",
      "cupPrice": "$1.00 / 100G",
      "locations": {
        "ALL": {
          "price": 1.2,
          "discountRate": 14,
          "promo": "",
          "orgPrice": 1.4
        }
      },
      "categoryIds": ["w-pantry", "w-lunch-box"],
      "similarProducts": []
    },
    {
      "id": "w-2955-9300625298136",
      "name": "Allen's Anticol Throat Lozenge",
      "brand": "Allen's",
      "imageUrls": "https://cdn0.woolworths.media/content/wowproductimages/large/002955.jpg",
      "storeId": "woolworths",
      "packageSize": "3 pack",
      "cupPrice": "$0.12 / 1EA",
      "locations": {
        "ALL": {
          "price": 3.5,
          "discountRate": 13,
          "promo": "",
          "orgPrice": 4
        }
      },
      "categoryIds": ["w-pantry"],
      "similarProducts": []
    },
    {
      "id": "w-36833-93625234",
      "name": "Allen's Anticol Throat Lozenge Vapour Action",
      "brand": "Allen's",
      "imageUrls": "https://cdn0.woolworths.media/content/wowproductimages/large/036833.jpg",
      "storeId": "woolworths",
      "packageSize": "10 pack",
      "cupPrice": "$0.18 / 1EA",
      "locations": {
        "ALL": {
          "price": 1.8,
          "discountRate": 18,
          "promo": "",
          "orgPrice": 2.2
        }
      },
      "categoryIds": ["w-pantry"],
      "similarProducts": []
    },
    {
      "id": "w-76616-9300605131392",
      "name": "Allen's Bites Mini Chocolate Bananas",
      "brand": "Allen's",
      "imageUrls": "https://cdn0.woolworths.media/content/wowproductimages/large/076616.jpg",
      "storeId": "woolworths",
      "packageSize": "120g",
      "cupPrice": "$2.92 / 100G",
      "locations": {
        "ALL": {
          "price": 3.5,
          "discountRate": 22,
          "promo": "",
          "orgPrice": 4.5
        }
      },
      "categoryIds": ["w-pantry"],
      "similarProducts": []
    },
    {
      "id": "w-187057-9300605252103",
      "name": "Allen's Butter-menthol Throat Lozenge Liquid Centre Honey",
      "brand": "Allen's",
      "imageUrls": "https://cdn0.woolworths.media/content/wowproductimages/large/187057.jpg",
      "storeId": "woolworths",
      "packageSize": "3x10 pack",
      "cupPrice": "$0.12 / 1EA",
      "locations": {
        "ALL": {
          "price": 3.5,
          "discountRate": 13,
          "promo": "",
          "orgPrice": 4
        }
      },
      "categoryIds": ["w-pantry"],
      "similarProducts": []
    },
    {
      "id": "w-2867-9300625298150",
      "name": "Allen's Butter-menthol Throat Lozenge",
      "brand": "Allen's",
      "imageUrls": "https://cdn0.woolworths.media/content/wowproductimages/large/002867.jpg",
      "storeId": "woolworths",
      "packageSize": "3 pack",
      "cupPrice": "$0.12 / 1EA",
      "locations": {
        "ALL": {
          "price": 3.5,
          "discountRate": 13,
          "promo": "",
          "orgPrice": 4
        }
      },
      "categoryIds": ["w-pantry"],
      "similarProducts": []
    },
    {
      "id": "w-82705-8593893768819",
      "name": "Allen's Sourz Tangy Randoms",
      "brand": "Allen's",
      "imageUrls": "https://cdn0.woolworths.media/content/wowproductimages/large/082705.jpg",
      "storeId": "woolworths",
      "packageSize": "170g",
      "cupPrice": "$1.18 / 100G",
      "locations": {
        "ALL": { "price": 2, "discountRate": 33, "promo": "", "orgPrice": 3 }
      },
      "categoryIds": ["w-pantry"],
      "similarProducts": []
    },
    {
      "id": "w-198678-9300602357658",
      "name": "Always Fresh Dolmades",
      "brand": "Always Fresh",
      "imageUrls": "https://cdn0.woolworths.media/content/wowproductimages/large/198678.jpg",
      "storeId": "woolworths",
      "packageSize": "280g",
      "cupPrice": "$11.43 / 1KG",
      "locations": {
        "ALL": {
          "price": 3.2,
          "discountRate": 20,
          "promo": "",
          "orgPrice": 4
        }
      },
      "categoryIds": ["w-pantry"],
      "similarProducts": []
    },
    {
      "id": "w-58576-9300602363758",
      "name": "Always Fresh Green Peppercorns",
      "brand": "Always Fresh",
      "imageUrls": "https://cdn0.woolworths.media/content/wowproductimages/large/058576.jpg",
      "storeId": "woolworths",
      "packageSize": "100g",
      "cupPrice": "$0.30 / 10G",
      "locations": {
        "ALL": {
          "price": 3,
          "discountRate": 20,
          "promo": "",
          "orgPrice": 3.75
        }
      },
      "categoryIds": ["w-pantry"],
      "similarProducts": []
    },
    {
      "id": "w-26963-9300602363437",
      "name": "Always Fresh Mini Grissini Rosemary",
      "brand": "Always Fresh",
      "imageUrls": "https://cdn0.woolworths.media/content/wowproductimages/large/026963.jpg",
      "storeId": "woolworths",
      "packageSize": "6 pack",
      "cupPrice": "$2.27 / 100G",
      "locations": {
        "ALL": { "price": 3, "discountRate": 25, "promo": "", "orgPrice": 4 }
      },
      "categoryIds": ["w-pantry"],
      "similarProducts": []
    },
    {
      "id": "w-76083-9310121013430",
      "name": "Angas Park Apricot Diced",
      "brand": "Angas Park",
      "imageUrls": "https://cdn0.woolworths.media/content/wowproductimages/large/076083.jpg",
      "storeId": "woolworths",
      "packageSize": "200g",
      "cupPrice": "$22.50 / 1KG",
      "locations": {
        "ALL": {
          "price": 4.5,
          "discountRate": 25,
          "promo": "",
          "orgPrice": 6
        }
      },
      "categoryIds": ["w-pantry"],
      "similarProducts": []
    },
    {
      "id": "w-247348-9310121001826",
      "name": "Angas Park Apricot Soft & Juicy Snack Pack",
      "brand": "Angas Park",
      "imageUrls": "https://cdn0.woolworths.media/content/wowproductimages/large/247348.jpg",
      "storeId": "woolworths",
      "packageSize": "8x25g",
      "cupPrice": "$18.75 / 1KG",
      "locations": {
        "ALL": {
          "price": 3.75,
          "discountRate": 50,
          "promo": "",
          "orgPrice": 7.5
        }
      },
      "categoryIds": ["w-pantry", "w-lunch-box"],
      "similarProducts": []
    },
    {
      "id": "w-782597-9310121012006",
      "name": "Angas Park Cranberries Dark Chocolate",
      "brand": "Angas Park",
      "imageUrls": "https://cdn0.woolworths.media/content/wowproductimages/large/782597.jpg",
      "storeId": "woolworths",
      "packageSize": "125g",
      "cupPrice": "$30.00 / 1KG",
      "locations": {
        "ALL": {
          "price": 3.75,
          "discountRate": 20,
          "promo": "",
          "orgPrice": 4.7
        }
      },
      "categoryIds": ["w-pantry"],
      "similarProducts": []
    },
    {
      "id": "w-229894-9310121002175",
      "name": "Angas Park Figs Soft N Juicy",
      "brand": "Angas Park",
      "imageUrls": "https://cdn0.woolworths.media/content/wowproductimages/large/229894.jpg",
      "storeId": "woolworths",
      "packageSize": "250g",
      "cupPrice": "$12.80 / 1KG",
      "locations": {
        "ALL": {
          "price": 3.2,
          "discountRate": 29,
          "promo": "",
          "orgPrice": 4.5
        }
      },
      "categoryIds": ["w-pantry"],
      "similarProducts": []
    },
    {
      "id": "w-57242-9310121081064",
      "name": "Angas Park Fruit Mix Salad",
      "brand": "Angas Park",
      "imageUrls": "https://cdn0.woolworths.media/content/wowproductimages/large/057242.jpg",
      "storeId": "woolworths",
      "packageSize": "500g",
      "cupPrice": "$18.00 / 1KG",
      "locations": {
        "ALL": { "price": 9, "discountRate": 10, "promo": "", "orgPrice": 10 }
      },
      "categoryIds": ["w-pantry"],
      "similarProducts": []
    },
    {
      "id": "w-39152-9310121021275",
      "name": "Angas Park Prunes Large",
      "brand": "Angas Park",
      "imageUrls": "https://cdn0.woolworths.media/content/wowproductimages/large/039152.jpg",
      "storeId": "woolworths",
      "packageSize": "1kg",
      "cupPrice": "$5.90 / 1KG",
      "locations": {
        "ALL": {
          "price": 5.9,
          "discountRate": 28,
          "promo": "",
          "orgPrice": 8.25
        }
      },
      "categoryIds": ["w-pantry"],
      "similarProducts": []
    },
    {
      "id": "w-226836-9310092000507",
      "name": "Ardmona Rich & Thick Basil & Garlic Tomatoes",
      "brand": "Ardmona",
      "imageUrls": "https://cdn0.woolworths.media/content/wowproductimages/large/226836.jpg",
      "storeId": "woolworths",
      "packageSize": "410g",
      "cupPrice": "$3.66 / 1KG",
      "locations": {
        "ALL": {
          "price": 1.5,
          "discountRate": 17,
          "promo": "",
          "orgPrice": 1.8
        }
      },
      "categoryIds": ["w-pantry"],
      "similarProducts": []
    },
    {
      "id": "w-230649-9310092000521",
      "name": "Ardmona Rich & Thick Classic Finely Chopped Tomatoes",
      "brand": "Ardmona",
      "imageUrls": "https://cdn0.woolworths.media/content/wowproductimages/large/230649.jpg",
      "storeId": "woolworths",
      "packageSize": "410g",
      "cupPrice": "$3.66 / 1KG",
      "locations": {
        "ALL": {
          "price": 1.5,
          "discountRate": 17,
          "promo": "",
          "orgPrice": 1.8
        }
      },
      "categoryIds": ["w-pantry"],
      "similarProducts": []
    },
    {
      "id": "w-320238-9324127000431",
      "name": "Arkadia Chai Tea Spice",
      "brand": "Arkadia",
      "imageUrls": "https://cdn0.woolworths.media/content/wowproductimages/large/320238.jpg",
      "storeId": "woolworths",
      "packageSize": "240g",
      "cupPrice": "$2.29 / 100G",
      "locations": {
        "ALL": {
          "price": 5.5,
          "discountRate": 15,
          "promo": "",
          "orgPrice": 6.5
        }
      },
      "categoryIds": ["w-pantry"],
      "similarProducts": []
    },
    {
      "id": "w-320237-9324127000448",
      "name": "Arkadia Chai Tea Vanilla",
      "brand": "Arkadia",
      "imageUrls": "https://cdn0.woolworths.media/content/wowproductimages/large/320237.jpg",
      "storeId": "woolworths",
      "packageSize": "240g",
      "cupPrice": "$2.29 / 100G",
      "locations": {
        "ALL": {
          "price": 5.5,
          "discountRate": 15,
          "promo": "",
          "orgPrice": 6.5
        }
      },
      "categoryIds": ["w-pantry"],
      "similarProducts": []
    },
    {
      "id": "w-94606-9324127004019",
      "name": "Arkadia Chai Tea Low Sugar",
      "brand": "Arkadia",
      "imageUrls": "https://cdn0.woolworths.media/content/wowproductimages/large/094606.jpg",
      "storeId": "woolworths",
      "packageSize": "240g",
      "cupPrice": "$2.29 / 100G",
      "locations": {
        "ALL": {
          "price": 5.5,
          "discountRate": 15,
          "promo": "",
          "orgPrice": 6.5
        }
      },
      "categoryIds": ["w-pantry", "w-drinks"],
      "similarProducts": []
    },
    {
      "id": "w-66051-9315090210613",
      "name": "Arnold's Farm Almond & Cashew Protein Clusters",
      "brand": "Arnold's Farm",
      "imageUrls": "https://cdn0.woolworths.media/content/wowproductimages/large/066051.jpg",
      "storeId": "woolworths",
      "packageSize": "400g",
      "cupPrice": "$1.25 / 100G",
      "locations": {
        "ALL": { "price": 5, "discountRate": 29, "promo": "", "orgPrice": 7 }
      },
      "categoryIds": ["w-pantry"],
      "similarProducts": []
    },
    {
      "id": "w-65796-9315090210606",
      "name": "Arnold's Farm Prebiotic Muesli Apple & Caramel",
      "brand": "Arnold's Farm",
      "imageUrls": "https://cdn0.woolworths.media/content/wowproductimages/large/065796.jpg",
      "storeId": "woolworths",
      "packageSize": "500g",
      "cupPrice": "$1.25 / 100G",
      "locations": {
        "ALL": { "price": 5, "discountRate": 29, "promo": "", "orgPrice": 7 }
      },
      "categoryIds": ["w-pantry"],
      "similarProducts": []
    },
    {
      "id": "w-875161-9315090209174",
      "name": "Arnold's Farm Premium Blend Orange Cranberry & Cocoa Granola",
      "brand": "Arnold's Farm",
      "imageUrls": "https://cdn0.woolworths.media/content/wowproductimages/large/875161.jpg",
      "storeId": "woolworths",
      "packageSize": "500g",
      "cupPrice": "$1.00 / 100G",
      "locations": {
        "ALL": { "price": 5, "discountRate": 29, "promo": "", "orgPrice": 7 }
      },
      "categoryIds": ["w-pantry"],
      "similarProducts": []
    },
    {
      "id": "w-875156-9315090209181",
      "name": "Arnold's Farm Premium Blend Tofe Apple Granola",
      "brand": "Arnold's Farm",
      "imageUrls": "https://cdn0.woolworths.media/content/wowproductimages/large/875156.jpg",
      "storeId": "woolworths",
      "packageSize": "500g",
      "cupPrice": "$1.00 / 100G",
      "locations": {
        "ALL": { "price": 5, "discountRate": 29, "promo": "", "orgPrice": 7 }
      },
      "categoryIds": ["w-pantry"],
      "similarProducts": []
    },
    {
      "id": "w-30588-9315090209723",
      "name": "Arnold's Farm Snack Bar Banana Split",
      "brand": "Arnold's Farm",
      "imageUrls": "https://cdn0.woolworths.media/content/wowproductimages/large/030588.jpg",
      "storeId": "woolworths",
      "packageSize": "210g",
      "cupPrice": "$1.43 / 100G",
      "locations": {
        "ALL": { "price": 3, "discountRate": 40, "promo": "", "orgPrice": 5 }
      },
      "categoryIds": ["w-pantry"],
      "similarProducts": []
    },
    {
      "id": "w-28981-9315090209730",
      "name": "Arnold's Farm Snack Bar Peanut Butter",
      "brand": "Arnold's Farm",
      "imageUrls": "https://cdn0.woolworths.media/content/wowproductimages/large/028981.jpg",
      "storeId": "woolworths",
      "packageSize": "210g",
      "cupPrice": "$1.43 / 100G",
      "locations": {
        "ALL": { "price": 3, "discountRate": 40, "promo": "", "orgPrice": 5 }
      },
      "categoryIds": ["w-pantry"],
      "similarProducts": []
    },
    {
      "id": "w-28951-9315090209747",
      "name": "Arnold's Farm Snack Bar Raspberry Ripple",
      "brand": "Arnold's Farm",
      "imageUrls": "https://cdn0.woolworths.media/content/wowproductimages/large/028951.jpg",
      "storeId": "woolworths",
      "packageSize": "210g",
      "cupPrice": "$1.43 / 100G",
      "locations": {
        "ALL": { "price": 3, "discountRate": 40, "promo": "", "orgPrice": 5 }
      },
      "categoryIds": ["w-pantry"],
      "similarProducts": []
    },
    {
      "id": "w-36032-9310072001708",
      "name": "Arnott's Biscuit Orange Slice",
      "brand": "Arnott's",
      "imageUrls": "https://cdn0.woolworths.media/content/wowproductimages/large/036032.jpg",
      "storeId": "woolworths",
      "packageSize": "250g",
      "cupPrice": "$0.80 / 100G",
      "locations": {
        "ALL": { "price": 2, "discountRate": 33, "promo": "", "orgPrice": 3 }
      },
      "categoryIds": ["w-pantry"],
      "similarProducts": []
    },
    {
      "id": "w-36033-9310072001784",
      "name": "Arnott's Biscuits Shortbread Cream",
      "brand": "Arnott's",
      "imageUrls": "https://cdn0.woolworths.media/content/wowproductimages/large/036033.jpg",
      "storeId": "woolworths",
      "packageSize": "250g",
      "cupPrice": "$0.80 / 100G",
      "locations": {
        "ALL": { "price": 2, "discountRate": 33, "promo": "", "orgPrice": 3 }
      },
      "categoryIds": ["w-pantry"],
      "similarProducts": []
    },
    {
      "id": "w-36269-9310072000824",
      "name": "Arnott's Cheds",
      "brand": "Arnott's",
      "imageUrls": "https://cdn0.woolworths.media/content/wowproductimages/large/036269.jpg",
      "storeId": "woolworths",
      "packageSize": "250g",
      "cupPrice": "$1.20 / 100G",
      "locations": {
        "ALL": { "price": 3, "discountRate": 25, "promo": "", "orgPrice": 4 }
      },
      "categoryIds": ["w-pantry"],
      "similarProducts": []
    },
    {
      "id": "w-36064-9310072000985",
      "name": "Arnott's Chocolate Teddy Bear",
      "brand": "Arnott's",
      "imageUrls": "https://cdn0.woolworths.media/content/wowproductimages/large/036064.jpg",
      "storeId": "woolworths",
      "packageSize": "200g",
      "cupPrice": "$1.00 / 100G",
      "locations": {
        "ALL": {
          "price": 2,
          "discountRate": 20,
          "promo": "",
          "orgPrice": 2.5
        }
      },
      "categoryIds": ["w-pantry"],
      "similarProducts": []
    },
    {
      "id": "w-25-9310072004488",
      "name": "Arnott's Chocolate Caramel Crowns",
      "brand": "Arnott's",
      "imageUrls": "https://cdn0.woolworths.media/content/wowproductimages/large/000025.jpg",
      "storeId": "woolworths",
      "packageSize": "200g",
      "cupPrice": "$1.00 / 100G",
      "locations": {
        "ALL": {
          "price": 2,
          "discountRate": 20,
          "promo": "",
          "orgPrice": 2.5
        }
      },
      "categoryIds": ["w-pantry"],
      "similarProducts": []
    },
    {
      "id": "w-36216-9310072000381",
      "name": "Arnott's Chocolate Monte",
      "brand": "Arnott's",
      "imageUrls": "https://cdn0.woolworths.media/content/wowproductimages/large/036216.jpg",
      "storeId": "woolworths",
      "packageSize": "200g",
      "cupPrice": "$1.00 / 100G",
      "locations": {
        "ALL": {
          "price": 2,
          "discountRate": 20,
          "promo": "",
          "orgPrice": 2.5
        }
      },
      "categoryIds": ["w-pantry"],
      "similarProducts": []
    },
    {
      "id": "w-36056-9310072000015",
      "name": "Arnott's Country Cheese",
      "brand": "Arnott's",
      "imageUrls": "https://cdn0.woolworths.media/content/wowproductimages/large/036056.jpg",
      "storeId": "woolworths",
      "packageSize": "250g",
      "cupPrice": "$1.20 / 100G",
      "locations": {
        "ALL": { "price": 3, "discountRate": 25, "promo": "", "orgPrice": 4 }
      },
      "categoryIds": ["w-pantry"],
      "similarProducts": []
    },
    {
      "id": "w-24723-9310072001531",
      "name": "Arnott's Custard Creams",
      "brand": "Arnott's",
      "imageUrls": "https://cdn0.woolworths.media/content/wowproductimages/large/024723.jpg",
      "storeId": "woolworths",
      "packageSize": "250g",
      "cupPrice": "$0.80 / 100G",
      "locations": {
        "ALL": { "price": 2, "discountRate": 33, "promo": "", "orgPrice": 3 }
      },
      "categoryIds": ["w-pantry"],
      "similarProducts": []
    },
    {
      "id": "w-104874-9310072031859",
      "name": "Arnott's Dare Iced Coffee Slice Biscuits",
      "brand": "Arnott's",
      "imageUrls": "https://cdn0.woolworths.media/content/wowproductimages/large/104874.jpg",
      "storeId": "woolworths",
      "packageSize": "185g",
      "cupPrice": "$1.08 / 100G",
      "locations": {
        "ALL": {
          "price": 2,
          "discountRate": 20,
          "promo": "",
          "orgPrice": 2.5
        }
      },
      "categoryIds": ["w-pantry"],
      "similarProducts": []
    },
    {
      "id": "w-30949-9310072000862",
      "name": "Arnott's Delta Creams",
      "brand": "Arnott's",
      "imageUrls": "https://cdn0.woolworths.media/content/wowproductimages/large/030949.jpg",
      "storeId": "woolworths",
      "packageSize": "250g",
      "cupPrice": "$0.80 / 100G",
      "locations": {
        "ALL": { "price": 2, "discountRate": 33, "promo": "", "orgPrice": 3 }
      },
      "categoryIds": ["w-pantry"],
      "similarProducts": []
    },
    {
      "id": "w-36058-9310072000374",
      "name": "Arnott's Gaiety Chocolate",
      "brand": "Arnott's",
      "imageUrls": "https://cdn0.woolworths.media/content/wowproductimages/large/036058.jpg",
      "storeId": "woolworths",
      "packageSize": "160g",
      "cupPrice": "$1.25 / 100G",
      "locations": {
        "ALL": {
          "price": 2,
          "discountRate": 20,
          "promo": "",
          "orgPrice": 2.5
        }
      },
      "categoryIds": ["w-pantry"],
      "similarProducts": []
    },
    {
      "id": "w-689838-9310072030616",
      "name": "Arnott's Jatz Mini Multipack",
      "brand": "Arnott's",
      "imageUrls": "https://cdn0.woolworths.media/content/wowproductimages/large/689838.jpg",
      "storeId": "woolworths",
      "packageSize": "184g",
      "cupPrice": "$1.63 / 100G",
      "locations": {
        "ALL": { "price": 3, "discountRate": 25, "promo": "", "orgPrice": 4 }
      },
      "categoryIds": ["w-pantry", "w-lunch-box"],
      "similarProducts": []
    },
    {
      "id": "w-36720-9310072002095",
      "name": "Arnott's Kingston Creams",
      "brand": "Arnott's",
      "imageUrls": "https://cdn0.woolworths.media/content/wowproductimages/large/036720.jpg",
      "storeId": "woolworths",
      "packageSize": "200g",
      "cupPrice": "$1.00 / 100G",
      "locations": {
        "ALL": { "price": 2, "discountRate": 33, "promo": "", "orgPrice": 3 }
      },
      "categoryIds": ["w-pantry"],
      "similarProducts": []
    },
    {
      "id": "w-36029-9310072001654",
      "name": "Arnott's Lemon Crisp",
      "brand": "Arnott's",
      "imageUrls": "https://cdn0.woolworths.media/content/wowproductimages/large/036029.jpg",
      "storeId": "woolworths",
      "packageSize": "250g",
      "cupPrice": "$0.80 / 100G",
      "locations": {
        "ALL": { "price": 2, "discountRate": 33, "promo": "", "orgPrice": 3 }
      },
      "categoryIds": ["w-pantry"],
      "similarProducts": []
    },
    {
      "id": "w-641526-9310072029955",
      "name": "Arnott's Mini Scotch Finger",
      "brand": "Arnott's",
      "imageUrls": "https://cdn0.woolworths.media/content/wowproductimages/large/641526.jpg",
      "storeId": "woolworths",
      "packageSize": "8 pack",
      "cupPrice": "$1.50 / 100G",
      "locations": {
        "ALL": { "price": 3, "discountRate": 25, "promo": "", "orgPrice": 4 }
      },
      "categoryIds": ["w-pantry", "w-lunch-box"],
      "similarProducts": []
    },
    {
      "id": "w-641534-9310072029863",
      "name": "Arnott's Mini Chocolate Chip Cookies",
      "brand": "Arnott's",
      "imageUrls": "https://cdn0.woolworths.media/content/wowproductimages/large/641534.jpg",
      "storeId": "woolworths",
      "packageSize": "7pk 175g",
      "cupPrice": "$1.71 / 100G",
      "locations": {
        "ALL": { "price": 3, "discountRate": 25, "promo": "", "orgPrice": 4 }
      },
      "categoryIds": ["w-pantry", "w-lunch-box"],
      "similarProducts": []
    },
    {
      "id": "w-97521-9310072029627",
      "name": "Arnott's Mini Milk Arrowroot Letters",
      "brand": "Arnott's",
      "imageUrls": "https://cdn0.woolworths.media/content/wowproductimages/large/097521.jpg",
      "storeId": "woolworths",
      "packageSize": "8 pack",
      "cupPrice": "$1.79 / 100G",
      "locations": {
        "ALL": { "price": 3, "discountRate": 25, "promo": "", "orgPrice": 4 }
      },
      "categoryIds": ["w-pantry"],
      "similarProducts": []
    },
    {
      "id": "w-36215-9310072000275",
      "name": "Arnott's Mint Slice",
      "brand": "Arnott's",
      "imageUrls": "https://cdn0.woolworths.media/content/wowproductimages/large/036215.jpg",
      "storeId": "woolworths",
      "packageSize": "200g",
      "cupPrice": "$1.00 / 100G",
      "locations": {
        "ALL": {
          "price": 2,
          "discountRate": 20,
          "promo": "",
          "orgPrice": 2.5
        }
      },
      "categoryIds": ["w-pantry"],
      "similarProducts": []
    },
    {
      "id": "w-36031-9310072001005",
      "name": "Arnott's Monte Carlo",
      "brand": "Arnott's",
      "imageUrls": "https://cdn0.woolworths.media/content/wowproductimages/large/036031.jpg",
      "storeId": "woolworths",
      "packageSize": "250g",
      "cupPrice": "$0.80 / 100G",
      "locations": {
        "ALL": { "price": 2, "discountRate": 33, "promo": "", "orgPrice": 3 }
      },
      "categoryIds": ["w-pantry"],
      "similarProducts": []
    },
    {
      "id": "w-36072-9310072001746",
      "name": "Arnott's Raspberry Shortcake",
      "brand": "Arnott's",
      "imageUrls": "https://cdn0.woolworths.media/content/wowproductimages/large/036072.jpg",
      "storeId": "woolworths",
      "packageSize": "250g",
      "cupPrice": "$0.80 / 100G",
      "locations": {
        "ALL": { "price": 2, "discountRate": 33, "promo": "", "orgPrice": 3 }
      },
      "categoryIds": ["w-pantry"],
      "similarProducts": []
    },
    {
      "id": "w-69036-9310072000619",
      "name": "Arnott's Royals Milk Chocolate",
      "brand": "Arnott's",
      "imageUrls": "https://cdn0.woolworths.media/content/wowproductimages/large/069036.jpg",
      "storeId": "woolworths",
      "packageSize": "200g",
      "cupPrice": "$1.00 / 100G",
      "locations": {
        "ALL": {
          "price": 2,
          "discountRate": 20,
          "promo": "",
          "orgPrice": 2.5
        }
      },
      "categoryIds": ["w-pantry"],
      "similarProducts": []
    },
    {
      "id": "w-609093-9310072029023",
      "name": "Arnott's Scotch Finger Choc Chip",
      "brand": "Arnott's",
      "imageUrls": "https://cdn0.woolworths.media/content/wowproductimages/large/609093.jpg",
      "storeId": "woolworths",
      "packageSize": "232g",
      "cupPrice": "$0.86 / 100G",
      "locations": {
        "ALL": { "price": 2, "discountRate": 33, "promo": "", "orgPrice": 3 }
      },
      "categoryIds": ["w-pantry"],
      "similarProducts": []
    },
    {
      "id": "w-46808-9310072009544",
      "name": "Arnott's Scotch Finger Chocolate Coated Biscuits",
      "brand": "Arnott's",
      "imageUrls": "https://cdn0.woolworths.media/content/wowproductimages/large/046808.jpg",
      "storeId": "woolworths",
      "packageSize": "250g",
      "cupPrice": "$0.80 / 100G",
      "locations": {
        "ALL": {
          "price": 2,
          "discountRate": 20,
          "promo": "",
          "orgPrice": 2.5
        }
      },
      "categoryIds": ["w-pantry"],
      "similarProducts": []
    },
    {
      "id": "w-36013-9310072001777",
      "name": "Arnott's Scotch Finger",
      "brand": "Arnott's",
      "imageUrls": "https://cdn0.woolworths.media/content/wowproductimages/large/036013.jpg",
      "storeId": "woolworths",
      "packageSize": "250g",
      "cupPrice": "$0.80 / 100G",
      "locations": {
        "ALL": { "price": 2, "discountRate": 33, "promo": "", "orgPrice": 3 }
      },
      "categoryIds": ["w-pantry"],
      "similarProducts": []
    },
    {
      "id": "w-36035-9310072000046",
      "name": "Arnott's Sesame Cracker Wheat",
      "brand": "Arnott's",
      "imageUrls": "https://cdn0.woolworths.media/content/wowproductimages/large/036035.jpg",
      "storeId": "woolworths",
      "packageSize": "250g",
      "cupPrice": "$1.20 / 100G",
      "locations": {
        "ALL": { "price": 3, "discountRate": 25, "promo": "", "orgPrice": 4 }
      },
      "categoryIds": ["w-pantry"],
      "similarProducts": []
    },
    {
      "id": "w-384244-9310072026282",
      "name": "Arnott's Shapes Cheddar",
      "brand": "Arnott's",
      "imageUrls": "https://cdn0.woolworths.media/content/wowproductimages/large/384244.jpg",
      "storeId": "woolworths",
      "packageSize": "175g",
      "cupPrice": "$0.91 / 100G",
      "locations": {
        "ALL": {
          "price": 1.6,
          "discountRate": 50,
          "promo": "",
          "orgPrice": 3.2
        }
      },
      "categoryIds": ["w-pantry"],
      "similarProducts": []
    },
    {
      "id": "w-384247-9310072026275",
      "name": "Arnott's Shapes Cheese & Bacon",
      "brand": "Arnott's",
      "imageUrls": "https://cdn0.woolworths.media/content/wowproductimages/large/384247.jpg",
      "storeId": "woolworths",
      "packageSize": "180g",
      "cupPrice": "$0.89 / 100G",
      "locations": {
        "ALL": {
          "price": 1.6,
          "discountRate": 50,
          "promo": "",
          "orgPrice": 3.2
        }
      },
      "categoryIds": ["w-pantry"],
      "similarProducts": []
    },
    {
      "id": "w-384245-9310072026312",
      "name": "Arnott's Shapes Chicken Crimpy",
      "brand": "Arnott's",
      "imageUrls": "https://cdn0.woolworths.media/content/wowproductimages/large/384245.jpg",
      "storeId": "woolworths",
      "packageSize": "175g",
      "cupPrice": "$0.91 / 100G",
      "locations": {
        "ALL": {
          "price": 1.6,
          "discountRate": 50,
          "promo": "",
          "orgPrice": 3.2
        }
      },
      "categoryIds": ["w-pantry"],
      "similarProducts": []
    },
    {
      "id": "w-641535-9310072030067",
      "name": "Arnott's Shapes Mini Chicken Crimpy",
      "brand": "Arnott's",
      "imageUrls": "https://cdn0.woolworths.media/content/wowproductimages/large/641535.jpg",
      "storeId": "woolworths",
      "packageSize": "8 pack",
      "cupPrice": "$1.50 / 100G",
      "locations": {
        "ALL": { "price": 3, "discountRate": 25, "promo": "", "orgPrice": 4 }
      },
      "categoryIds": ["w-pantry", "w-lunch-box"],
      "similarProducts": []
    },
    {
      "id": "w-254928-9310072023205",
      "name": "Arnott's Shapes Nacho Cheese",
      "brand": "Arnott's",
      "imageUrls": "https://cdn0.woolworths.media/content/wowproductimages/large/254928.jpg",
      "storeId": "woolworths",
      "packageSize": "160g",
      "cupPrice": "$1.00 / 100G",
      "locations": {
        "ALL": {
          "price": 1.6,
          "discountRate": 50,
          "promo": "",
          "orgPrice": 3.2
        }
      },
      "categoryIds": ["w-pantry"],
      "similarProducts": []
    },
    {
      "id": "w-485436-9310072028866",
      "name": "Arnott's Shapes Original Bbq",
      "brand": "Arnott's",
      "imageUrls": "https://cdn0.woolworths.media/content/wowproductimages/large/485436.jpg",
      "storeId": "woolworths",
      "packageSize": "175g",
      "cupPrice": "$0.91 / 100G",
      "locations": {
        "ALL": {
          "price": 1.6,
          "discountRate": 50,
          "promo": "",
          "orgPrice": 3.2
        }
      },
      "categoryIds": ["w-pantry"],
      "similarProducts": []
    },
    {
      "id": "w-515173-9310072028903",
      "name": "Arnott's Shapes Original Pizza",
      "brand": "Arnott's",
      "imageUrls": "https://cdn0.woolworths.media/content/wowproductimages/large/515173.jpg",
      "storeId": "woolworths",
      "packageSize": "190g",
      "cupPrice": "$0.84 / 100G",
      "locations": {
        "ALL": {
          "price": 1.6,
          "discountRate": 50,
          "promo": "",
          "orgPrice": 3.2
        }
      },
      "categoryIds": ["w-pantry"],
      "similarProducts": []
    },
    {
      "id": "w-641531-9310072029450",
      "name": "Arnott's Shapes Originals Pizza",
      "brand": "Arnott's",
      "imageUrls": "https://cdn0.woolworths.media/content/wowproductimages/large/641531.jpg",
      "storeId": "woolworths",
      "packageSize": "8 pack",
      "cupPrice": "$1.50 / 100G",
      "locations": {
        "ALL": { "price": 3, "discountRate": 25, "promo": "", "orgPrice": 4 }
      },
      "categoryIds": ["w-pantry", "w-lunch-box"],
      "similarProducts": []
    },
    {
      "id": "w-384246-9310072026299",
      "name": "Arnott's Shapes Savoury",
      "brand": "Arnott's",
      "imageUrls": "https://cdn0.woolworths.media/content/wowproductimages/large/384246.jpg",
      "storeId": "woolworths",
      "packageSize": "185g",
      "cupPrice": "$0.86 / 100G",
      "locations": {
        "ALL": {
          "price": 1.6,
          "discountRate": 50,
          "promo": "",
          "orgPrice": 3.2
        }
      },
      "categoryIds": ["w-pantry"],
      "similarProducts": []
    },
    {
      "id": "w-812783-9310072030821",
      "name": "Arnott's Shapes Vegemite & Cheese",
      "brand": "Arnott's",
      "imageUrls": "https://cdn0.woolworths.media/content/wowproductimages/large/812783.jpg",
      "storeId": "woolworths",
      "packageSize": "165g",
      "cupPrice": "$0.97 / 100G",
      "locations": {
        "ALL": {
          "price": 1.6,
          "discountRate": 50,
          "promo": "",
          "orgPrice": 3.2
        }
      },
      "categoryIds": ["w-pantry"],
      "similarProducts": []
    },
    {
      "id": "w-812784-9310072030838",
      "name": "Arnott's Shapes Vegemite & Cheese",
      "brand": "Arnott's",
      "imageUrls": "https://cdn0.woolworths.media/content/wowproductimages/large/812784.jpg",
      "storeId": "woolworths",
      "packageSize": "200g",
      "cupPrice": "$1.50 / 100G",
      "locations": {
        "ALL": { "price": 3, "discountRate": 25, "promo": "", "orgPrice": 4 }
      },
      "categoryIds": ["w-pantry"],
      "similarProducts": []
    },
    {
      "id": "w-95851-9310072031927",
      "name": "Arnott's Shapes Lamb & Rosemary",
      "brand": "Arnott's",
      "imageUrls": "https://cdn0.woolworths.media/content/wowproductimages/large/095851.jpg",
      "storeId": "woolworths",
      "packageSize": "165g",
      "cupPrice": "$0.97 / 100G",
      "locations": {
        "ALL": {
          "price": 1.6,
          "discountRate": 50,
          "promo": "",
          "orgPrice": 3.2
        }
      },
      "categoryIds": ["w-pantry"],
      "similarProducts": []
    },
    {
      "id": "w-117822-9310072018867",
      "name": "Arnott's Tee Vee Snacks Malt Sticks",
      "brand": "Arnott's",
      "imageUrls": "https://cdn0.woolworths.media/content/wowproductimages/large/117822.jpg",
      "storeId": "woolworths",
      "packageSize": "175g",
      "cupPrice": "$1.14 / 100G",
      "locations": {
        "ALL": {
          "price": 2,
          "discountRate": 20,
          "promo": "",
          "orgPrice": 2.5
        }
      },
      "categoryIds": ["w-pantry"],
      "similarProducts": []
    },
    {
      "id": "w-188562-9310072018843",
      "name": "Arnott's Tee Vee Snacks Original",
      "brand": "Arnott's",
      "imageUrls": "https://cdn0.woolworths.media/content/wowproductimages/large/188562.jpg",
      "storeId": "woolworths",
      "packageSize": "175g",
      "cupPrice": "$1.14 / 100G",
      "locations": {
        "ALL": {
          "price": 2,
          "discountRate": 20,
          "promo": "",
          "orgPrice": 2.5
        }
      },
      "categoryIds": ["w-pantry"],
      "similarProducts": []
    },
    {
      "id": "w-105072-9310072031866",
      "name": "Arnott's Teevee Snacks Chocolate Milk",
      "brand": "Arnott's",
      "imageUrls": "https://cdn0.woolworths.media/content/wowproductimages/large/105072.jpg",
      "storeId": "woolworths",
      "packageSize": "165g",
      "cupPrice": "$1.21 / 100G",
      "locations": {
        "ALL": {
          "price": 2,
          "discountRate": 20,
          "promo": "",
          "orgPrice": 2.5
        }
      },
      "categoryIds": ["w-pantry"],
      "similarProducts": []
    },
    {
      "id": "w-117833-9310072001210",
      "name": "Arnott's Tim Tam Chewy Caramel",
      "brand": "Arnott's",
      "imageUrls": "https://cdn0.woolworths.media/content/wowproductimages/large/117833.jpg",
      "storeId": "woolworths",
      "packageSize": "175g",
      "cupPrice": "$1.43 / 100G",
      "locations": {
        "ALL": {
          "price": 2.5,
          "discountRate": 32,
          "promo": "",
          "orgPrice": 3.65
        }
      },
      "categoryIds": ["w-pantry"],
      "similarProducts": []
    },
    {
      "id": "w-32257-9310072013855",
      "name": "Arnott's Tim Tam Choc Double Coated",
      "brand": "Arnott's",
      "imageUrls": "https://cdn0.woolworths.media/content/wowproductimages/large/032257.jpg",
      "storeId": "woolworths",
      "packageSize": "200g",
      "cupPrice": "$1.25 / 100G",
      "locations": {
        "ALL": {
          "price": 2.5,
          "discountRate": 32,
          "promo": "",
          "orgPrice": 3.65
        }
      },
      "categoryIds": ["w-pantry"],
      "similarProducts": []
    },
    {
      "id": "w-574338-9310072029979",
      "name": "Arnott's Tim Tam Choc Mint",
      "brand": "Arnott's",
      "imageUrls": "https://cdn0.woolworths.media/content/wowproductimages/large/574338.jpg",
      "storeId": "woolworths",
      "packageSize": "160g",
      "cupPrice": "$1.56 / 100G",
      "locations": {
        "ALL": {
          "price": 2.5,
          "discountRate": 32,
          "promo": "",
          "orgPrice": 3.65
        }
      },
      "categoryIds": ["w-pantry"],
      "similarProducts": []
    },
    {
      "id": "w-36066-9310072000282",
      "name": "Arnott's Tim Tam Chocolate Original",
      "brand": "Arnott's",
      "imageUrls": "https://cdn0.woolworths.media/content/wowproductimages/large/036066.jpg",
      "storeId": "woolworths",
      "packageSize": "200g",
      "cupPrice": "$1.25 / 100G",
      "locations": {
        "ALL": {
          "price": 2.5,
          "discountRate": 32,
          "promo": "",
          "orgPrice": 3.65
        }
      },
      "categoryIds": ["w-pantry"],
      "similarProducts": []
    },
    {
      "id": "w-89972-9310072012599",
      "name": "Arnott's Tim Tam Classic Dark",
      "brand": "Arnott's",
      "imageUrls": "https://cdn0.woolworths.media/content/wowproductimages/large/089972.jpg",
      "storeId": "woolworths",
      "packageSize": "200g",
      "cupPrice": "$1.25 / 100G",
      "locations": {
        "ALL": {
          "price": 2.5,
          "discountRate": 32,
          "promo": "",
          "orgPrice": 3.65
        }
      },
      "categoryIds": ["w-pantry"],
      "similarProducts": []
    },
    {
      "id": "w-332047-9310072025155",
      "name": "Arnott's Tim Tam White",
      "brand": "Arnott's",
      "imageUrls": "https://cdn0.woolworths.media/content/wowproductimages/large/332047.jpg",
      "storeId": "woolworths",
      "packageSize": "165g",
      "cupPrice": "$1.52 / 100G",
      "locations": {
        "ALL": {
          "price": 2.5,
          "discountRate": 32,
          "promo": "",
          "orgPrice": 3.65
        }
      },
      "categoryIds": ["w-pantry"],
      "similarProducts": []
    },
    {
      "id": "w-80436-9310072031538",
      "name": "Arnott's Tim Tam Crafted Collection Manuka Honey & Cream",
      "brand": "Arnott's",
      "imageUrls": "https://cdn0.woolworths.media/content/wowproductimages/large/080436.jpg",
      "storeId": "woolworths",
      "packageSize": "160g",
      "cupPrice": "$1.56 / 100G",
      "locations": {
        "ALL": {
          "price": 2.5,
          "discountRate": 32,
          "promo": "",
          "orgPrice": 3.65
        }
      },
      "categoryIds": ["w-pantry"],
      "similarProducts": []
    },
    {
      "id": "w-80434-9310072031514",
      "name": "Arnott's Tim Tam Crafted Collection Murray River Salted Caramel",
      "brand": "Arnott's",
      "imageUrls": "https://cdn0.woolworths.media/content/wowproductimages/large/080434.jpg",
      "storeId": "woolworths",
      "packageSize": "160g",
      "cupPrice": "$1.43 / 100G",
      "locations": {
        "ALL": {
          "price": 2.5,
          "discountRate": 32,
          "promo": "",
          "orgPrice": 3.65
        }
      },
      "categoryIds": ["w-pantry"],
      "similarProducts": []
    },
    {
      "id": "w-80399-9310072031545",
      "name": "Arnott's Tim Tam Crafted Gisborne Orange & Dark Chocolate",
      "brand": "Arnott's",
      "imageUrls": "https://cdn0.woolworths.media/content/wowproductimages/large/080399.jpg",
      "storeId": "woolworths",
      "packageSize": "160g",
      "cupPrice": "$1.56 / 100G",
      "locations": {
        "ALL": {
          "price": 2.5,
          "discountRate": 32,
          "promo": "",
          "orgPrice": 3.65
        }
      },
      "categoryIds": ["w-pantry"],
      "similarProducts": []
    },
    {
      "id": "w-80435-9310072031521",
      "name": "Arnott's Tim Tam Crafted Sunshine Coast Strawberries & Cream",
      "brand": "Arnott's",
      "imageUrls": "https://cdn0.woolworths.media/content/wowproductimages/large/080435.jpg",
      "storeId": "woolworths",
      "packageSize": "160g",
      "cupPrice": "$1.56 / 100G",
      "locations": {
        "ALL": {
          "price": 2.5,
          "discountRate": 32,
          "promo": "",
          "orgPrice": 3.65
        }
      },
      "categoryIds": ["w-pantry"],
      "similarProducts": []
    },
    {
      "id": "w-689922-9310072029559",
      "name": "Arnott's Tiny Teddy Chocolate",
      "brand": "Arnott's",
      "imageUrls": "https://cdn0.woolworths.media/content/wowproductimages/large/689922.jpg",
      "storeId": "woolworths",
      "packageSize": "8 pack",
      "cupPrice": "$1.50 / 100G",
      "locations": {
        "ALL": { "price": 3, "discountRate": 25, "promo": "", "orgPrice": 4 }
      },
      "categoryIds": ["w-pantry", "w-lunch-box"],
      "similarProducts": []
    },
    {
      "id": "w-641538-9310072029542",
      "name": "Arnott's Tiny Teddy Hundreds & Thousands",
      "brand": "Arnott's",
      "imageUrls": "https://cdn0.woolworths.media/content/wowproductimages/large/641538.jpg",
      "storeId": "woolworths",
      "packageSize": "8 pack",
      "cupPrice": "$1.63 / 100G",
      "locations": {
        "ALL": { "price": 3, "discountRate": 25, "promo": "", "orgPrice": 4 }
      },
      "categoryIds": ["w-pantry"],
      "similarProducts": []
    },
    {
      "id": "w-212875-9310072020259",
      "name": "Arnott's Wagon Wheels Mini",
      "brand": "Arnott's",
      "imageUrls": "https://cdn0.woolworths.media/content/wowproductimages/large/212875.jpg",
      "storeId": "woolworths",
      "packageSize": "190g",
      "cupPrice": "$1.05 / 100G",
      "locations": {
        "ALL": {
          "price": 2,
          "discountRate": 20,
          "promo": "",
          "orgPrice": 2.5
        }
      },
      "categoryIds": ["w-pantry"],
      "similarProducts": []
    },
    {
      "id": "w-641527-9310072029443",
      "name": "Arnott's Shapes Originals Barbecue",
      "brand": "Arnott's",
      "imageUrls": "https://cdn0.woolworths.media/content/wowproductimages/large/641527.jpg",
      "storeId": "woolworths",
      "packageSize": "8 pack",
      "cupPrice": "$1.50 / 100G",
      "locations": {
        "ALL": { "price": 3, "discountRate": 25, "promo": "", "orgPrice": 4 }
      },
      "categoryIds": ["w-pantry", "w-lunch-box"],
      "similarProducts": []
    },
    {
      "id": "w-16988-5060074627447",
      "name": "Atkins Low Carb Bread Mix",
      "brand": "Atkins",
      "imageUrls": "https://cdn0.woolworths.media/content/wowproductimages/large/016988.jpg",
      "storeId": "woolworths",
      "packageSize": "400g",
      "cupPrice": "$0.79 / 100G",
      "locations": {
        "ALL": {
          "price": 3.15,
          "discountRate": 50,
          "promo": "",
          "orgPrice": 6.35
        }
      },
      "categoryIds": ["w-pantry"],
      "similarProducts": []
    },
    {
      "id": "w-493527-9417986942759",
      "name": "Aunt Betty's Creamy Rice Dairy Free Coconut Milk",
      "brand": "Aunt Betty's",
      "imageUrls": "https://cdn0.woolworths.media/content/wowproductimages/large/493527.jpg",
      "storeId": "woolworths",
      "packageSize": "240g",
      "cupPrice": "$0.83 / 100G",
      "locations": {
        "ALL": { "price": 2, "discountRate": 33, "promo": "", "orgPrice": 3 }
      },
      "categoryIds": ["w-pantry", "w-lunch-box"],
      "similarProducts": []
    },
    {
      "id": "w-493528-9417986942742",
      "name": "Aunt Betty's Creamy Rice Dessert Apple & Cinnamon",
      "brand": "Aunt Betty's",
      "imageUrls": "https://cdn0.woolworths.media/content/wowproductimages/large/493528.jpg",
      "storeId": "woolworths",
      "packageSize": "240g",
      "cupPrice": "$0.83 / 100G",
      "locations": {
        "ALL": { "price": 2, "discountRate": 33, "promo": "", "orgPrice": 3 }
      },
      "categoryIds": ["w-pantry", "w-lunch-box"],
      "similarProducts": []
    },
    {
      "id": "w-493529-9417986942827",
      "name": "Aunt Betty's Creamy Rice Dessert Natural Vanilla",
      "brand": "Aunt Betty's",
      "imageUrls": "https://cdn0.woolworths.media/content/wowproductimages/large/493529.jpg",
      "storeId": "woolworths",
      "packageSize": "240g",
      "cupPrice": "$0.83 / 100G",
      "locations": {
        "ALL": { "price": 2, "discountRate": 33, "promo": "", "orgPrice": 3 }
      },
      "categoryIds": ["w-pantry", "w-lunch-box"],
      "similarProducts": []
    },
    {
      "id": "w-297788-9310974002605",
      "name": "Aussie Drops Eucalyptus Share Pack",
      "brand": "Aussie Drops",
      "imageUrls": "https://cdn0.woolworths.media/content/wowproductimages/large/297788.jpg",
      "storeId": "woolworths",
      "packageSize": "150g bag",
      "cupPrice": "$1.87 / 100G",
      "locations": {
        "ALL": { "price": 2.8, "discountRate": 7, "promo": "", "orgPrice": 3 }
      },
      "categoryIds": ["w-pantry"],
      "similarProducts": []
    },
    {
      "id": "w-85776-9352744000398",
      "name": "Australian Organic Food Co 100% Australian Organic Tomato & Basil Soup",
      "brand": "Australian Organic Food Co",
      "imageUrls": "https://cdn0.woolworths.media/content/wowproductimages/large/085776.jpg",
      "storeId": "woolworths",
      "packageSize": "330g",
      "cupPrice": "$0.91 / 100G",
      "locations": {
        "ALL": {
          "price": 3,
          "discountRate": 33,
          "promo": "",
          "orgPrice": 4.5
        }
      },
      "categoryIds": ["w-pantry"],
      "similarProducts": []
    },
    {
      "id": "w-678711-9352744000053",
      "name": "Australian Organic Food Co 8 Vegetable Minestrone Soup",
      "brand": "Australian Organic Food Co",
      "imageUrls": "https://cdn0.woolworths.media/content/wowproductimages/large/678711.jpg",
      "storeId": "woolworths",
      "packageSize": "330g",
      "cupPrice": "$0.91 / 100G",
      "locations": {
        "ALL": {
          "price": 3,
          "discountRate": 33,
          "promo": "",
          "orgPrice": 4.5
        }
      },
      "categoryIds": ["w-pantry"],
      "similarProducts": []
    },
    {
      "id": "w-678348-9352744000022",
      "name": "Australian Organic Food Co Chicken Spelt & Vegetable Soup",
      "brand": "Australian Organic Food Co",
      "imageUrls": "https://cdn0.woolworths.media/content/wowproductimages/large/678348.jpg",
      "storeId": "woolworths",
      "packageSize": "330g",
      "cupPrice": "$0.91 / 100G",
      "locations": {
        "ALL": {
          "price": 3,
          "discountRate": 33,
          "promo": "",
          "orgPrice": 4.5
        }
      },
      "categoryIds": ["w-pantry"],
      "similarProducts": []
    },
    {
      "id": "w-678381-9352744000060",
      "name": "Australian Organic Food Co Chickpea & Vegetable Soup",
      "brand": "Australian Organic Food Co",
      "imageUrls": "https://cdn0.woolworths.media/content/wowproductimages/large/678381.jpg",
      "storeId": "woolworths",
      "packageSize": "330g",
      "cupPrice": "$0.91 / 100G",
      "locations": {
        "ALL": {
          "price": 3,
          "discountRate": 33,
          "promo": "",
          "orgPrice": 4.5
        }
      },
      "categoryIds": ["w-pantry"],
      "similarProducts": []
    },
    {
      "id": "w-64129-9352744000268",
      "name": "Australian Organic Food Co Classic Tomato Passata",
      "brand": "Australian Organic Food Co",
      "imageUrls": "https://cdn0.woolworths.media/content/wowproductimages/large/064129.jpg",
      "storeId": "woolworths",
      "packageSize": "500g",
      "cupPrice": "$0.64 / 100G",
      "locations": {
        "ALL": {
          "price": 3.2,
          "discountRate": 20,
          "promo": "",
          "orgPrice": 4
        }
      },
      "categoryIds": ["w-pantry"],
      "similarProducts": []
    },
    {
      "id": "w-678717-9352744000077",
      "name": "Australian Organic Food Co Potato & Leek Soup",
      "brand": "Australian Organic Food Co",
      "imageUrls": "https://cdn0.woolworths.media/content/wowproductimages/large/678717.jpg",
      "storeId": "woolworths",
      "packageSize": "330g",
      "cupPrice": "$0.91 / 100G",
      "locations": {
        "ALL": {
          "price": 3,
          "discountRate": 33,
          "promo": "",
          "orgPrice": 4.5
        }
      },
      "categoryIds": ["w-pantry"],
      "similarProducts": []
    },
    {
      "id": "w-678349-9352744000046",
      "name": "Australian Organic Food Co Pumpkin & Sweet Potato Soup",
      "brand": "Australian Organic Food Co",
      "imageUrls": "https://cdn0.woolworths.media/content/wowproductimages/large/678349.jpg",
      "storeId": "woolworths",
      "packageSize": "330g",
      "cupPrice": "$0.91 / 100G",
      "locations": {
        "ALL": {
          "price": 3,
          "discountRate": 33,
          "promo": "",
          "orgPrice": 4.5
        }
      },
      "categoryIds": ["w-pantry"],
      "similarProducts": []
    },
    {
      "id": "w-78921-8076809513739",
      "name": "Barilla Pasta Sauce Basilico Tomato Basil",
      "brand": "Barilla",
      "imageUrls": "https://cdn0.woolworths.media/content/wowproductimages/large/078921.jpg",
      "storeId": "woolworths",
      "packageSize": "400g",
      "cupPrice": "$0.70 / 100G",
      "locations": {
        "ALL": {
          "price": 2.8,
          "discountRate": 25,
          "promo": "",
          "orgPrice": 3.75
        }
      },
      "categoryIds": ["w-pantry"],
      "similarProducts": []
    },
    {
      "id": "w-315578-8076809513654",
      "name": "Barilla Pasta Sauce Bolognaise",
      "brand": "Barilla",
      "imageUrls": "https://cdn0.woolworths.media/content/wowproductimages/large/315578.jpg",
      "storeId": "woolworths",
      "packageSize": "400g",
      "cupPrice": "$0.70 / 100G",
      "locations": {
        "ALL": {
          "price": 2.8,
          "discountRate": 25,
          "promo": "",
          "orgPrice": 3.75
        }
      },
      "categoryIds": ["w-pantry"],
      "similarProducts": []
    },
    {
      "id": "w-146359-8076809513692",
      "name": "Barilla Pasta Sauce Napoletana",
      "brand": "Barilla",
      "imageUrls": "https://cdn0.woolworths.media/content/wowproductimages/large/146359.jpg",
      "storeId": "woolworths",
      "packageSize": "400g",
      "cupPrice": "$0.70 / 100G",
      "locations": {
        "ALL": {
          "price": 2.8,
          "discountRate": 25,
          "promo": "",
          "orgPrice": 3.75
        }
      },
      "categoryIds": ["w-pantry"],
      "similarProducts": []
    },
    {
      "id": "w-200132-8076809521543",
      "name": "Barilla Pasta Sauce Ricotta",
      "brand": "Barilla",
      "imageUrls": "https://cdn0.woolworths.media/content/wowproductimages/large/200132.jpg",
      "storeId": "woolworths",
      "packageSize": "400g",
      "cupPrice": "$0.70 / 100G",
      "locations": {
        "ALL": {
          "price": 2.8,
          "discountRate": 25,
          "promo": "",
          "orgPrice": 3.75
        }
      },
      "categoryIds": ["w-pantry"],
      "similarProducts": []
    },
    {
      "id": "w-529632-8076809571920",
      "name": "Barilla Pasta Sauce Red Wine & Garlic",
      "brand": "Barilla",
      "imageUrls": "https://cdn0.woolworths.media/content/wowproductimages/large/529632.jpg",
      "storeId": "woolworths",
      "packageSize": "400g",
      "cupPrice": "$0.70 / 100G",
      "locations": {
        "ALL": {
          "price": 2.8,
          "discountRate": 25,
          "promo": "",
          "orgPrice": 3.75
        }
      },
      "categoryIds": ["w-pantry"],
      "similarProducts": []
    },
    {
      "id": "w-845906-9352042002100",
      "name": "Bega Simply Nuts Crunchy",
      "brand": "Bega",
      "imageUrls": "https://cdn0.woolworths.media/content/wowproductimages/large/845906.jpg",
      "storeId": "woolworths",
      "packageSize": "325g",
      "cupPrice": "$1.23 / 100G",
      "locations": {
        "ALL": { "price": 4, "discountRate": 20, "promo": "", "orgPrice": 5 }
      },
      "categoryIds": ["w-pantry"],
      "similarProducts": []
    },
    {
      "id": "w-845907-9352042002124",
      "name": "Bega Simply Nuts No Added Salt",
      "brand": "Bega",
      "imageUrls": "https://cdn0.woolworths.media/content/wowproductimages/large/845907.jpg",
      "storeId": "woolworths",
      "packageSize": "325g",
      "cupPrice": "$1.23 / 100G",
      "locations": {
        "ALL": { "price": 4, "discountRate": 20, "promo": "", "orgPrice": 5 }
      },
      "categoryIds": ["w-pantry"],
      "similarProducts": []
    },
    {
      "id": "w-845897-9352042002117",
      "name": "Bega Simply Nuts Smooth",
      "brand": "Bega",
      "imageUrls": "https://cdn0.woolworths.media/content/wowproductimages/large/845897.jpg",
      "storeId": "woolworths",
      "packageSize": "325g",
      "cupPrice": "$1.23 / 100G",
      "locations": {
        "ALL": { "price": 4, "discountRate": 20, "promo": "", "orgPrice": 5 }
      },
      "categoryIds": ["w-pantry"],
      "similarProducts": []
    },
    {
      "id": "w-60611-9352042002575",
      "name": "Bega Simply Nuts Crunchiest Peanut Butter",
      "brand": "Bega",
      "imageUrls": "https://cdn0.woolworths.media/content/wowproductimages/large/060611.jpg",
      "storeId": "woolworths",
      "packageSize": "325g",
      "cupPrice": "$1.23 / 100G",
      "locations": {
        "ALL": { "price": 4, "discountRate": 20, "promo": "", "orgPrice": 5 }
      },
      "categoryIds": ["w-pantry"],
      "similarProducts": []
    },
    {
      "id": "w-97578-9352042002612",
      "name": "Bega Simply Nuts Crunchy Dark Roast Peanut Butter",
      "brand": "Bega",
      "imageUrls": "https://cdn0.woolworths.media/content/wowproductimages/large/097578.jpg",
      "storeId": "woolworths",
      "packageSize": "315g",
      "cupPrice": "$1.27 / 100G",
      "locations": {
        "ALL": { "price": 4, "discountRate": 20, "promo": "", "orgPrice": 5 }
      },
      "categoryIds": ["w-pantry"],
      "similarProducts": []
    },
    {
      "id": "w-786364-9300650011427",
      "name": "Belvita Chocolate Breakfast Biscuits",
      "brand": "Belvita",
      "imageUrls": "https://cdn0.woolworths.media/content/wowproductimages/large/786364.jpg",
      "storeId": "woolworths",
      "packageSize": "300g",
      "cupPrice": "$1.00 / 100G",
      "locations": {
        "ALL": { "price": 3, "discountRate": 25, "promo": "", "orgPrice": 4 }
      },
      "categoryIds": ["w-pantry", "w-lunch-box"],
      "similarProducts": []
    },
    {
      "id": "w-715942-7622300689582",
      "name": "Belvita Fruit & Fibre Breakfast Biscuits",
      "brand": "Belvita",
      "imageUrls": "https://cdn0.woolworths.media/content/wowproductimages/large/715942.jpg",
      "storeId": "woolworths",
      "packageSize": "300g",
      "cupPrice": "$1.00 / 100G",
      "locations": {
        "ALL": { "price": 3, "discountRate": 25, "promo": "", "orgPrice": 4 }
      },
      "categoryIds": ["w-pantry", "w-lunch-box"],
      "similarProducts": []
    },
    {
      "id": "w-738494-7622300689568",
      "name": "Belvita Honey & Nut Breakfast Biscuits",
      "brand": "Belvita",
      "imageUrls": "https://cdn0.woolworths.media/content/wowproductimages/large/738494.jpg",
      "storeId": "woolworths",
      "packageSize": "300g",
      "cupPrice": "$1.00 / 100G",
      "locations": {
        "ALL": { "price": 3, "discountRate": 25, "promo": "", "orgPrice": 4 }
      },
      "categoryIds": ["w-pantry"],
      "similarProducts": []
    },
    {
      "id": "w-715921-7622300689605",
      "name": "Belvita Milk & Cereal Breakfast Biscuits",
      "brand": "Belvita",
      "imageUrls": "https://cdn0.woolworths.media/content/wowproductimages/large/715921.jpg",
      "storeId": "woolworths",
      "packageSize": "300g",
      "cupPrice": "$1.00 / 100G",
      "locations": {
        "ALL": { "price": 3, "discountRate": 25, "promo": "", "orgPrice": 4 }
      },
      "categoryIds": ["w-pantry", "w-lunch-box"],
      "similarProducts": []
    },
    {
      "id": "w-81788-9310034001654",
      "name": "Belvita Soft Bake Bites Dark Choc Chip",
      "brand": "Belvita",
      "imageUrls": "https://cdn0.woolworths.media/content/wowproductimages/large/081788.jpg",
      "storeId": "woolworths",
      "packageSize": "110g",
      "cupPrice": "$2.73 / 100G",
      "locations": {
        "ALL": {
          "price": 3,
          "discountRate": 33,
          "promo": "",
          "orgPrice": 4.5
        }
      },
      "categoryIds": ["w-pantry"],
      "similarProducts": []
    },
    {
      "id": "w-83272-9310034001616",
      "name": "Belvita Soft Bake Bites Raspberry & Vanilla Bean",
      "brand": "Belvita",
      "imageUrls": "https://cdn0.woolworths.media/content/wowproductimages/large/083272.jpg",
      "storeId": "woolworths",
      "packageSize": "110g",
      "cupPrice": "$2.73 / 100G",
      "locations": {
        "ALL": {
          "price": 3,
          "discountRate": 33,
          "promo": "",
          "orgPrice": 4.5
        }
      },
      "categoryIds": ["w-pantry"],
      "similarProducts": []
    },
    {
      "id": "w-304977-9415559040017",
      "name": "Best Foods Real Mayonnaise",
      "brand": "Best Foods",
      "imageUrls": "https://cdn0.woolworths.media/content/wowproductimages/large/304977.jpg",
      "storeId": "woolworths",
      "packageSize": "405g",
      "cupPrice": "$1.19 / 100G",
      "locations": {
        "ALL": {
          "price": 4.8,
          "discountRate": 20,
          "promo": "",
          "orgPrice": 6
        }
      },
      "categoryIds": ["w-pantry"],
      "similarProducts": []
    },
    {
      "id": "w-969729-9316401201412",
      "name": "Bhuja Ancient Grains Mix",
      "brand": "Bhuja",
      "imageUrls": "https://cdn0.woolworths.media/content/wowproductimages/large/969729.jpg",
      "storeId": "woolworths",
      "packageSize": "140g",
      "cupPrice": "$1.79 / 100G",
      "locations": {
        "ALL": {
          "price": 2.5,
          "discountRate": 35,
          "promo": "",
          "orgPrice": 3.85
        }
      },
      "categoryIds": ["w-pantry"],
      "similarProducts": []
    },
    {
      "id": "w-969732-9316401201450",
      "name": "Bhuja Beer Mix",
      "brand": "Bhuja",
      "imageUrls": "https://cdn0.woolworths.media/content/wowproductimages/large/969732.jpg",
      "storeId": "woolworths",
      "packageSize": "160g",
      "cupPrice": "$15.63 / 1KG",
      "locations": {
        "ALL": {
          "price": 2.5,
          "discountRate": 35,
          "promo": "",
          "orgPrice": 3.85
        }
      },
      "categoryIds": ["w-pantry"],
      "similarProducts": []
    },
    {
      "id": "w-452214-9316401201474",
      "name": "Bhuja Cracker Mix",
      "brand": "Bhuja",
      "imageUrls": "https://cdn0.woolworths.media/content/wowproductimages/large/452214.jpg",
      "storeId": "woolworths",
      "packageSize": "200g",
      "cupPrice": "$1.25 / 100G",
      "locations": {
        "ALL": {
          "price": 2.5,
          "discountRate": 35,
          "promo": "",
          "orgPrice": 3.85
        }
      },
      "categoryIds": ["w-pantry"],
      "similarProducts": []
    },
    {
      "id": "w-452213-9316401201467",
      "name": "Bhuja Mix Original",
      "brand": "Bhuja",
      "imageUrls": "https://cdn0.woolworths.media/content/wowproductimages/large/452213.jpg",
      "storeId": "woolworths",
      "packageSize": "200g",
      "cupPrice": "$1.25 / 100G",
      "locations": {
        "ALL": {
          "price": 2.5,
          "discountRate": 35,
          "promo": "",
          "orgPrice": 3.85
        }
      },
      "categoryIds": ["w-pantry"],
      "similarProducts": []
    },
    {
      "id": "w-313445-9316401200491",
      "name": "Bhuja Nut Mix",
      "brand": "Bhuja",
      "imageUrls": "https://cdn0.woolworths.media/content/wowproductimages/large/313445.jpg",
      "storeId": "woolworths",
      "packageSize": "150g",
      "cupPrice": "$16.67 / 1KG",
      "locations": {
        "ALL": {
          "price": 2.5,
          "discountRate": 35,
          "promo": "",
          "orgPrice": 3.85
        }
      },
      "categoryIds": ["w-pantry"],
      "similarProducts": []
    },
    {
      "id": "w-63083-3045320016062",
      "name": "Bonne Maman Apricot Jam",
      "brand": "Bonne Maman",
      "imageUrls": "https://cdn0.woolworths.media/content/wowproductimages/large/063083.jpg",
      "storeId": "woolworths",
      "packageSize": "370g",
      "cupPrice": "$1.08 / 100G",
      "locations": {
        "ALL": {
          "price": 4,
          "discountRate": 23,
          "promo": "",
          "orgPrice": 5.2
        }
      },
      "categoryIds": ["w-pantry"],
      "similarProducts": []
    },
    {
      "id": "w-769172-3608580746485",
      "name": "Bonne Maman Caramel Spread Spread",
      "brand": "Bonne Maman",
      "imageUrls": "https://cdn0.woolworths.media/content/wowproductimages/large/769172.jpg",
      "storeId": "woolworths",
      "packageSize": "380g",
      "cupPrice": "$1.05 / 100G",
      "locations": {
        "ALL": {
          "price": 4,
          "discountRate": 23,
          "promo": "",
          "orgPrice": 5.2
        }
      },
      "categoryIds": ["w-pantry"],
      "similarProducts": []
    },
    {
      "id": "w-582094-3045320003611",
      "name": "Bonne Maman Conserve Blackberry",
      "brand": "Bonne Maman",
      "imageUrls": "https://cdn0.woolworths.media/content/wowproductimages/large/582094.jpg",
      "storeId": "woolworths",
      "packageSize": "370g",
      "cupPrice": "$1.08 / 100G",
      "locations": {
        "ALL": {
          "price": 4,
          "discountRate": 23,
          "promo": "",
          "orgPrice": 5.2
        }
      },
      "categoryIds": ["w-pantry"],
      "similarProducts": []
    },
    {
      "id": "w-67146-3045320016086",
      "name": "Bonne Maman Orange Marmalade",
      "brand": "Bonne Maman",
      "imageUrls": "https://cdn0.woolworths.media/content/wowproductimages/large/067146.jpg",
      "storeId": "woolworths",
      "packageSize": "370g",
      "cupPrice": "$1.08 / 100G",
      "locations": {
        "ALL": {
          "price": 4,
          "discountRate": 23,
          "promo": "",
          "orgPrice": 5.2
        }
      },
      "categoryIds": ["w-pantry"],
      "similarProducts": []
    },
    {
      "id": "w-49905-3045320017052",
      "name": "Bonne Maman Raspberry Jam",
      "brand": "Bonne Maman",
      "imageUrls": "https://cdn0.woolworths.media/content/wowproductimages/large/049905.jpg",
      "storeId": "woolworths",
      "packageSize": "370g",
      "cupPrice": "$1.08 / 100G",
      "locations": {
        "ALL": {
          "price": 4,
          "discountRate": 23,
          "promo": "",
          "orgPrice": 5.2
        }
      },
      "categoryIds": ["w-pantry"],
      "similarProducts": []
    },
    {
      "id": "w-63040-3045320016055",
      "name": "Bonne Maman Strawberry Conserve",
      "brand": "Bonne Maman",
      "imageUrls": "https://cdn0.woolworths.media/content/wowproductimages/large/063040.jpg",
      "storeId": "woolworths",
      "packageSize": "370g",
      "cupPrice": "$1.08 / 100G",
      "locations": {
        "ALL": {
          "price": 4,
          "discountRate": 23,
          "promo": "",
          "orgPrice": 5.2
        }
      },
      "categoryIds": ["w-pantry"],
      "similarProducts": []
    },
    {
      "id": "w-51628-5000159523073",
      "name": "Bounty Chocolate Bar",
      "brand": "Bounty",
      "imageUrls": "https://cdn0.woolworths.media/content/wowproductimages/large/051628.jpg",
      "storeId": "woolworths",
      "packageSize": "56g",
      "cupPrice": "$1.79 / 100G",
      "locations": {
        "ALL": { "price": 1, "discountRate": 50, "promo": "", "orgPrice": 2 }
      },
      "categoryIds": ["w-pantry"],
      "similarProducts": []
    },
    {
      "id": "w-246335-66613004026",
      "name": "Brunswick Sardines In Olive Oil",
      "brand": "Brunswick",
      "imageUrls": "https://cdn0.woolworths.media/content/wowproductimages/large/246335.jpg",
      "storeId": "woolworths",
      "packageSize": "106g",
      "cupPrice": "$11.32 / 1KG",
      "locations": {
        "ALL": {
          "price": 1.2,
          "discountRate": 37,
          "promo": "",
          "orgPrice": 1.9
        }
      },
      "categoryIds": ["w-pantry"],
      "similarProducts": []
    },
    {
      "id": "w-24811-66613152697",
      "name": "Brunswick Sardines In Springwater No Added Salt",
      "brand": "Brunswick",
      "imageUrls": "https://cdn0.woolworths.media/content/wowproductimages/large/024811.jpg",
      "storeId": "woolworths",
      "packageSize": "106g",
      "cupPrice": "$11.32 / 1KG",
      "locations": {
        "ALL": {
          "price": 1.2,
          "discountRate": 37,
          "promo": "",
          "orgPrice": 1.9
        }
      },
      "categoryIds": ["w-pantry"],
      "similarProducts": []
    },
    {
      "id": "w-38844-66613000066",
      "name": "Brunswick Sardines Tomato Sauce",
      "brand": "Brunswick",
      "imageUrls": "https://cdn0.woolworths.media/content/wowproductimages/large/038844.jpg",
      "storeId": "woolworths",
      "packageSize": "106g",
      "cupPrice": "$11.32 / 1KG",
      "locations": {
        "ALL": {
          "price": 1.2,
          "discountRate": 37,
          "promo": "",
          "orgPrice": 1.9
        }
      },
      "categoryIds": ["w-pantry"],
      "similarProducts": []
    },
    {
      "id": "w-59315-9310371143802",
      "name": "Buderim Dark Chocolate Coated Ginger",
      "brand": "Buderim",
      "imageUrls": "https://cdn0.woolworths.media/content/wowproductimages/large/059315.jpg",
      "storeId": "woolworths",
      "packageSize": "150g",
      "cupPrice": "$26.33 / 1KG",
      "locations": {
        "ALL": {
          "price": 3.95,
          "discountRate": 15,
          "promo": "",
          "orgPrice": 4.65
        }
      },
      "categoryIds": ["w-pantry"],
      "similarProducts": []
    },
    {
      "id": "w-7620-9310371200154",
      "name": "Buderim Ginger Crystallised",
      "brand": "Buderim",
      "imageUrls": "https://cdn0.woolworths.media/content/wowproductimages/large/007620.jpg",
      "storeId": "woolworths",
      "packageSize": "250g",
      "cupPrice": "$17.40 / 1KG",
      "locations": {
        "ALL": {
          "price": 4.35,
          "discountRate": 17,
          "promo": "",
          "orgPrice": 5.25
        }
      },
      "categoryIds": ["w-pantry"],
      "similarProducts": []
    },
    {
      "id": "w-95873-9300657043667",
      "name": "Bull's-eye Dark Beer Bbq Sauce",
      "brand": "Bull's-eye",
      "imageUrls": "https://cdn0.woolworths.media/content/wowproductimages/large/095873.jpg",
      "storeId": "woolworths",
      "packageSize": "300ml",
      "cupPrice": "$1.17 / 100ML",
      "locations": {
        "ALL": {
          "price": 3.5,
          "discountRate": 13,
          "promo": "",
          "orgPrice": 4
        }
      },
      "categoryIds": ["w-pantry"],
      "similarProducts": []
    },
    {
      "id": "w-880527-9300657043629",
      "name": "Bull's-eye Smokey Bacon Bbq Sauce",
      "brand": "Bull's-eye",
      "imageUrls": "https://cdn0.woolworths.media/content/wowproductimages/large/880527.jpg",
      "storeId": "woolworths",
      "packageSize": "300ml",
      "cupPrice": "$1.17 / 100ML",
      "locations": {
        "ALL": {
          "price": 3.5,
          "discountRate": 13,
          "promo": "",
          "orgPrice": 4
        }
      },
      "categoryIds": ["w-pantry"],
      "similarProducts": []
    },
    {
      "id": "w-880916-9300657043636",
      "name": "Bull's-eye Sweet Whiskey Glaze",
      "brand": "Bull's-eye",
      "imageUrls": "https://cdn0.woolworths.media/content/wowproductimages/large/880916.jpg",
      "storeId": "woolworths",
      "packageSize": "300ml",
      "cupPrice": "$1.17 / 100ML",
      "locations": {
        "ALL": {
          "price": 3.5,
          "discountRate": 13,
          "promo": "",
          "orgPrice": 4
        }
      },
      "categoryIds": ["w-pantry"],
      "similarProducts": []
    },
    {
      "id": "w-478354-9325121001035",
      "name": "Bushells Powdered Coffee Classic",
      "brand": "Bushells",
      "imageUrls": "https://cdn0.woolworths.media/content/wowproductimages/large/478354.jpg",
      "storeId": "woolworths",
      "packageSize": "200g",
      "cupPrice": "$2.45 / 100G",
      "locations": {
        "ALL": {
          "price": 4.9,
          "discountRate": 18,
          "promo": "",
          "orgPrice": 6
        }
      },
      "categoryIds": ["w-pantry", "w-drinks"],
      "similarProducts": []
    },
    {
      "id": "w-490219-9300617052937",
      "name": "Cadbury Baking Chocolate Chips White",
      "brand": "Cadbury",
      "imageUrls": "https://cdn0.woolworths.media/content/wowproductimages/large/490219.jpg",
      "storeId": "woolworths",
      "packageSize": "200g",
      "cupPrice": "$1.50 / 100G",
      "locations": {
        "ALL": {
          "price": 3,
          "discountRate": 29,
          "promo": "",
          "orgPrice": 4.25
        }
      },
      "categoryIds": ["w-pantry"],
      "similarProducts": []
    },
    {
      "id": "w-813878-9300617066224",
      "name": "Cadbury Baking Dark Chocolate 70% Cacao",
      "brand": "Cadbury",
      "imageUrls": "https://cdn0.woolworths.media/content/wowproductimages/large/813878.jpg",
      "storeId": "woolworths",
      "packageSize": "180g",
      "cupPrice": "$1.67 / 100G",
      "locations": {
        "ALL": {
          "price": 3,
          "discountRate": 26,
          "promo": "",
          "orgPrice": 4.05
        }
      },
      "categoryIds": ["w-pantry"],
      "similarProducts": []
    },
    {
      "id": "w-828994-9300617046059",
      "name": "Cadbury Baking Dark Chocolate Chips",
      "brand": "Cadbury",
      "imageUrls": "https://cdn0.woolworths.media/content/wowproductimages/large/828994.jpg",
      "storeId": "woolworths",
      "packageSize": "200g",
      "cupPrice": "$1.50 / 100G",
      "locations": {
        "ALL": {
          "price": 3,
          "discountRate": 29,
          "promo": "",
          "orgPrice": 4.25
        }
      },
      "categoryIds": ["w-pantry"],
      "similarProducts": []
    },
    {
      "id": "w-829009-9300617046134",
      "name": "Cadbury Baking Dark Chocolate Melts",
      "brand": "Cadbury",
      "imageUrls": "https://cdn0.woolworths.media/content/wowproductimages/large/829009.jpg",
      "storeId": "woolworths",
      "packageSize": "225g",
      "cupPrice": "$1.33 / 100G",
      "locations": {
        "ALL": {
          "price": 3,
          "discountRate": 29,
          "promo": "",
          "orgPrice": 4.25
        }
      },
      "categoryIds": ["w-pantry"],
      "similarProducts": []
    },
    {
      "id": "w-813868-9300617066262",
      "name": "Cadbury Baking Dark Chocolate Block",
      "brand": "Cadbury",
      "imageUrls": "https://cdn0.woolworths.media/content/wowproductimages/large/813868.jpg",
      "storeId": "woolworths",
      "packageSize": "180g",
      "cupPrice": "$1.67 / 100G",
      "locations": {
        "ALL": {
          "price": 3,
          "discountRate": 26,
          "promo": "",
          "orgPrice": 4.05
        }
      },
      "categoryIds": ["w-pantry"],
      "similarProducts": []
    },
    {
      "id": "w-829004-9300617046219",
      "name": "Cadbury Baking Milk Chocolate Chips",
      "brand": "Cadbury",
      "imageUrls": "https://cdn0.woolworths.media/content/wowproductimages/large/829004.jpg",
      "storeId": "woolworths",
      "packageSize": "200g",
      "cupPrice": "$1.50 / 100G",
      "locations": {
        "ALL": {
          "price": 3,
          "discountRate": 29,
          "promo": "",
          "orgPrice": 4.25
        }
      },
      "categoryIds": ["w-pantry"],
      "similarProducts": []
    },
    {
      "id": "w-829005-9300617046172",
      "name": "Cadbury Baking Milk Chocolate Melts",
      "brand": "Cadbury",
      "imageUrls": "https://cdn0.woolworths.media/content/wowproductimages/large/829005.jpg",
      "storeId": "woolworths",
      "packageSize": "225g",
      "cupPrice": "$1.33 / 100G",
      "locations": {
        "ALL": {
          "price": 3,
          "discountRate": 29,
          "promo": "",
          "orgPrice": 4.25
        }
      },
      "categoryIds": ["w-pantry"],
      "similarProducts": []
    },
    {
      "id": "w-813865-9300617066125",
      "name": "Cadbury Baking Milk Chocolate Block",
      "brand": "Cadbury",
      "imageUrls": "https://cdn0.woolworths.media/content/wowproductimages/large/813865.jpg",
      "storeId": "woolworths",
      "packageSize": "180g",
      "cupPrice": "$1.67 / 100G",
      "locations": {
        "ALL": {
          "price": 3,
          "discountRate": 26,
          "promo": "",
          "orgPrice": 4.05
        }
      },
      "categoryIds": ["w-pantry"],
      "similarProducts": []
    },
    {
      "id": "w-813880-9300617066170",
      "name": "Cadbury Baking White Chocolate",
      "brand": "Cadbury",
      "imageUrls": "https://cdn0.woolworths.media/content/wowproductimages/large/813880.jpg",
      "storeId": "woolworths",
      "packageSize": "180g",
      "cupPrice": "$1.67 / 100G",
      "locations": {
        "ALL": {
          "price": 3,
          "discountRate": 26,
          "promo": "",
          "orgPrice": 4.05
        }
      },
      "categoryIds": ["w-pantry"],
      "similarProducts": []
    },
    {
      "id": "w-829006-9300617046257",
      "name": "Cadbury Baking White Chocolate Melts",
      "brand": "Cadbury",
      "imageUrls": "https://cdn0.woolworths.media/content/wowproductimages/large/829006.jpg",
      "storeId": "woolworths",
      "packageSize": "225g",
      "cupPrice": "$1.33 / 100G",
      "locations": {
        "ALL": {
          "price": 3,
          "discountRate": 29,
          "promo": "",
          "orgPrice": 4.25
        }
      },
      "categoryIds": ["w-pantry"],
      "similarProducts": []
    },
    {
      "id": "w-225067-9300617302834",
      "name": "Cadbury Boost",
      "brand": "Cadbury",
      "imageUrls": "https://cdn0.woolworths.media/content/wowproductimages/large/225067.jpg",
      "storeId": "woolworths",
      "packageSize": "60g bar",
      "cupPrice": "$2.50 / 100G",
      "locations": {
        "ALL": {
          "price": 1.5,
          "discountRate": 25,
          "promo": "",
          "orgPrice": 2
        }
      },
      "categoryIds": ["w-pantry"],
      "similarProducts": []
    },
    {
      "id": "w-828973-9300617070771",
      "name": "Cadbury Caramels",
      "brand": "Cadbury",
      "imageUrls": "https://cdn0.woolworths.media/content/wowproductimages/large/828973.jpg",
      "storeId": "woolworths",
      "packageSize": "160g",
      "cupPrice": "$1.25 / 100G",
      "locations": {
        "ALL": { "price": 2, "discountRate": 50, "promo": "", "orgPrice": 4 }
      },
      "categoryIds": ["w-pantry"],
      "similarProducts": []
    },
    {
      "id": "w-56949-9300617075547",
      "name": "Cadbury Caramilk Block",
      "brand": "Cadbury",
      "imageUrls": "https://cdn0.woolworths.media/content/wowproductimages/large/056949.jpg",
      "storeId": "woolworths",
      "packageSize": "180g",
      "cupPrice": "$1.39 / 100G",
      "locations": {
        "ALL": {
          "price": 2.5,
          "discountRate": 50,
          "promo": "",
          "orgPrice": 5
        }
      },
      "categoryIds": ["w-pantry"],
      "similarProducts": []
    },
    {
      "id": "w-320108-9300617408741",
      "name": "Cadbury Cherry Ripe",
      "brand": "Cadbury",
      "imageUrls": "https://cdn0.woolworths.media/content/wowproductimages/large/320108.jpg",
      "storeId": "woolworths",
      "packageSize": "52g bar",
      "cupPrice": "$2.88 / 100G",
      "locations": {
        "ALL": {
          "price": 1.5,
          "discountRate": 25,
          "promo": "",
          "orgPrice": 2
        }
      },
      "categoryIds": ["w-pantry"],
      "similarProducts": []
    },
    {
      "id": "w-843820-9300617045182",
      "name": "Cadbury Cherry Ripe Double Dipped",
      "brand": "Cadbury",
      "imageUrls": "https://cdn0.woolworths.media/content/wowproductimages/large/843820.jpg",
      "storeId": "woolworths",
      "packageSize": "47g bar",
      "cupPrice": "$3.19 / 100G",
      "locations": {
        "ALL": {
          "price": 1.5,
          "discountRate": 25,
          "promo": "",
          "orgPrice": 2
        }
      },
      "categoryIds": ["w-pantry"],
      "similarProducts": []
    },
    {
      "id": "w-653420-9300617061304",
      "name": "Cadbury Cookie Crunchy Choc Filled",
      "brand": "Cadbury",
      "imageUrls": "https://cdn0.woolworths.media/content/wowproductimages/large/653420.jpg",
      "storeId": "woolworths",
      "packageSize": "156g",
      "cupPrice": "$1.60 / 100G",
      "locations": {
        "ALL": {
          "price": 2.5,
          "discountRate": 29,
          "promo": "",
          "orgPrice": 3.5
        }
      },
      "categoryIds": ["w-pantry"],
      "similarProducts": []
    },
    {
      "id": "w-653431-9300617061342",
      "name": "Cadbury Cookie Soft Choc Chip",
      "brand": "Cadbury",
      "imageUrls": "https://cdn0.woolworths.media/content/wowproductimages/large/653431.jpg",
      "storeId": "woolworths",
      "packageSize": "156g",
      "cupPrice": "$1.60 / 100G",
      "locations": {
        "ALL": {
          "price": 2.5,
          "discountRate": 29,
          "promo": "",
          "orgPrice": 3.5
        }
      },
      "categoryIds": ["w-pantry"],
      "similarProducts": []
    },
    {
      "id": "w-653421-9300617061380",
      "name": "Cadbury Cookie Soft Double Choc",
      "brand": "Cadbury",
      "imageUrls": "https://cdn0.woolworths.media/content/wowproductimages/large/653421.jpg",
      "storeId": "woolworths",
      "packageSize": "156g",
      "cupPrice": "$1.60 / 100G",
      "locations": {
        "ALL": {
          "price": 2.5,
          "discountRate": 29,
          "promo": "",
          "orgPrice": 3.5
        }
      },
      "categoryIds": ["w-pantry"],
      "similarProducts": []
    },
    {
      "id": "w-874215-9300617073987",
      "name": "Cadbury Creamy Hazelnut Crunch",
      "brand": "Cadbury",
      "imageUrls": "https://cdn0.woolworths.media/content/wowproductimages/large/874215.jpg",
      "storeId": "woolworths",
      "packageSize": "170g",
      "cupPrice": "$1.47 / 100G",
      "locations": {
        "ALL": {
          "price": 2.5,
          "discountRate": 50,
          "promo": "",
          "orgPrice": 5
        }
      },
      "categoryIds": ["w-pantry"],
      "similarProducts": []
    },
    {
      "id": "w-874216-9300617074007",
      "name": "Cadbury Crispy Mint Creme",
      "brand": "Cadbury",
      "imageUrls": "https://cdn0.woolworths.media/content/wowproductimages/large/874216.jpg",
      "storeId": "woolworths",
      "packageSize": "175g",
      "cupPrice": "$1.43 / 100G",
      "locations": {
        "ALL": {
          "price": 2.5,
          "discountRate": 50,
          "promo": "",
          "orgPrice": 5
        }
      },
      "categoryIds": ["w-pantry"],
      "similarProducts": []
    },
    {
      "id": "w-98368-9300617322863",
      "name": "Cadbury Crunchie",
      "brand": "Cadbury",
      "imageUrls": "https://cdn0.woolworths.media/content/wowproductimages/large/098368.jpg",
      "storeId": "woolworths",
      "packageSize": "50g bar",
      "cupPrice": "$3.00 / 100G",
      "locations": {
        "ALL": {
          "price": 1.5,
          "discountRate": 25,
          "promo": "",
          "orgPrice": 2
        }
      },
      "categoryIds": ["w-pantry"],
      "similarProducts": []
    },
    {
      "id": "w-814620-9300617065173",
      "name": "Cadbury Dairy Milk Black Forest",
      "brand": "Cadbury",
      "imageUrls": "https://cdn0.woolworths.media/content/wowproductimages/large/814620.jpg",
      "storeId": "woolworths",
      "packageSize": "180g",
      "cupPrice": "$1.39 / 100G",
      "locations": {
        "ALL": {
          "price": 2.5,
          "discountRate": 50,
          "promo": "",
          "orgPrice": 5
        }
      },
      "categoryIds": ["w-pantry"],
      "similarProducts": []
    },
    {
      "id": "w-814622-9300617064978",
      "name": "Cadbury Dairy Milk Caramello",
      "brand": "Cadbury",
      "imageUrls": "https://cdn0.woolworths.media/content/wowproductimages/large/814622.jpg",
      "storeId": "woolworths",
      "packageSize": "180g",
      "cupPrice": "$1.39 / 100G",
      "locations": {
        "ALL": {
          "price": 2.5,
          "discountRate": 50,
          "promo": "",
          "orgPrice": 5
        }
      },
      "categoryIds": ["w-pantry"],
      "similarProducts": []
    },
    {
      "id": "w-814479-9300617064879",
      "name": "Cadbury Dairy Milk Chocolate",
      "brand": "Cadbury",
      "imageUrls": "https://cdn0.woolworths.media/content/wowproductimages/large/814479.jpg",
      "storeId": "woolworths",
      "packageSize": "180g",
      "cupPrice": "$1.39 / 100G",
      "locations": {
        "ALL": {
          "price": 2.5,
          "discountRate": 50,
          "promo": "",
          "orgPrice": 5
        }
      },
      "categoryIds": ["w-pantry"],
      "similarProducts": []
    },
    {
      "id": "w-814628-9300617065425",
      "name": "Cadbury Dairy Milk Crunchie",
      "brand": "Cadbury",
      "imageUrls": "https://cdn0.woolworths.media/content/wowproductimages/large/814628.jpg",
      "storeId": "woolworths",
      "packageSize": "180g",
      "cupPrice": "$1.39 / 100G",
      "locations": {
        "ALL": {
          "price": 2.5,
          "discountRate": 50,
          "promo": "",
          "orgPrice": 5
        }
      },
      "categoryIds": ["w-pantry"],
      "similarProducts": []
    },
    {
      "id": "w-814559-9300617065029",
      "name": "Cadbury Dairy Milk Fruit & Nut",
      "brand": "Cadbury",
      "imageUrls": "https://cdn0.woolworths.media/content/wowproductimages/large/814559.jpg",
      "storeId": "woolworths",
      "packageSize": "180g",
      "cupPrice": "$1.39 / 100G",
      "locations": {
        "ALL": {
          "price": 2.5,
          "discountRate": 50,
          "promo": "",
          "orgPrice": 5
        }
      },
      "categoryIds": ["w-pantry"],
      "similarProducts": []
    },
    {
      "id": "w-814558-9300617064923",
      "name": "Cadbury Dairy Milk Hazelnut",
      "brand": "Cadbury",
      "imageUrls": "https://cdn0.woolworths.media/content/wowproductimages/large/814558.jpg",
      "storeId": "woolworths",
      "packageSize": "180g",
      "cupPrice": "$1.39 / 100G",
      "locations": {
        "ALL": {
          "price": 2.5,
          "discountRate": 50,
          "promo": "",
          "orgPrice": 5
        }
      },
      "categoryIds": ["w-pantry"],
      "similarProducts": []
    },
    {
      "id": "w-814478-9300617065272",
      "name": "Cadbury Dairy Milk Peppermint",
      "brand": "Cadbury",
      "imageUrls": "https://cdn0.woolworths.media/content/wowproductimages/large/814478.jpg",
      "storeId": "woolworths",
      "packageSize": "180g",
      "cupPrice": "$1.39 / 100G",
      "locations": {
        "ALL": {
          "price": 2.5,
          "discountRate": 50,
          "promo": "",
          "orgPrice": 5
        }
      },
      "categoryIds": ["w-pantry"],
      "similarProducts": []
    },
    {
      "id": "w-814621-9300617065227",
      "name": "Cadbury Dairy Milk Roast Almond",
      "brand": "Cadbury",
      "imageUrls": "https://cdn0.woolworths.media/content/wowproductimages/large/814621.jpg",
      "storeId": "woolworths",
      "packageSize": "180g",
      "cupPrice": "$1.39 / 100G",
      "locations": {
        "ALL": {
          "price": 2.5,
          "discountRate": 50,
          "promo": "",
          "orgPrice": 5
        }
      },
      "categoryIds": ["w-pantry"],
      "similarProducts": []
    },
    {
      "id": "w-814626-9300617065128",
      "name": "Cadbury Dairy Milk Snack",
      "brand": "Cadbury",
      "imageUrls": "https://cdn0.woolworths.media/content/wowproductimages/large/814626.jpg",
      "storeId": "woolworths",
      "packageSize": "180g",
      "cupPrice": "$1.39 / 100G",
      "locations": {
        "ALL": {
          "price": 2.5,
          "discountRate": 50,
          "promo": "",
          "orgPrice": 5
        }
      },
      "categoryIds": ["w-pantry"],
      "similarProducts": []
    },
    {
      "id": "w-814624-9300617065074",
      "name": "Cadbury Dairy Milk Top Deck",
      "brand": "Cadbury",
      "imageUrls": "https://cdn0.woolworths.media/content/wowproductimages/large/814624.jpg",
      "storeId": "woolworths",
      "packageSize": "180g",
      "cupPrice": "$1.39 / 100G",
      "locations": {
        "ALL": {
          "price": 2.5,
          "discountRate": 50,
          "promo": "",
          "orgPrice": 5
        }
      },
      "categoryIds": ["w-pantry"],
      "similarProducts": []
    },
    {
      "id": "w-814833-9300617064770",
      "name": "Cadbury Dairy Milk Turkish Delight",
      "brand": "Cadbury",
      "imageUrls": "https://cdn0.woolworths.media/content/wowproductimages/large/814833.jpg",
      "storeId": "woolworths",
      "packageSize": "180g",
      "cupPrice": "$1.39 / 100G",
      "locations": {
        "ALL": {
          "price": 2.5,
          "discountRate": 50,
          "promo": "",
          "orgPrice": 5
        }
      },
      "categoryIds": ["w-pantry"],
      "similarProducts": []
    },
    {
      "id": "w-814641-9300617064527",
      "name": "Cadbury Dairy Milk With Oreo",
      "brand": "Cadbury",
      "imageUrls": "https://cdn0.woolworths.media/content/wowproductimages/large/814641.jpg",
      "storeId": "woolworths",
      "packageSize": "162g",
      "cupPrice": "$1.54 / 100G",
      "locations": {
        "ALL": {
          "price": 2.5,
          "discountRate": 50,
          "promo": "",
          "orgPrice": 5
        }
      },
      "categoryIds": ["w-pantry"],
      "similarProducts": []
    },
    {
      "id": "w-8877-9300617041962",
      "name": "Cadbury Dairy Milk Chocolate Caramello",
      "brand": "Cadbury",
      "imageUrls": "https://cdn0.woolworths.media/content/wowproductimages/large/008877.jpg",
      "storeId": "woolworths",
      "packageSize": "55g bar",
      "cupPrice": "$2.73 / 100G",
      "locations": {
        "ALL": {
          "price": 1.5,
          "discountRate": 25,
          "promo": "",
          "orgPrice": 2
        }
      },
      "categoryIds": ["w-pantry"],
      "similarProducts": []
    },
    {
      "id": "w-328896-9300617043089",
      "name": "Cadbury Dairy Milk Chocolate Fruit & Nut",
      "brand": "Cadbury",
      "imageUrls": "https://cdn0.woolworths.media/content/wowproductimages/large/328896.jpg",
      "storeId": "woolworths",
      "packageSize": "50g bar",
      "cupPrice": "$3.00 / 100G",
      "locations": {
        "ALL": {
          "price": 1.5,
          "discountRate": 25,
          "promo": "",
          "orgPrice": 2
        }
      },
      "categoryIds": ["w-pantry"],
      "similarProducts": []
    },
    {
      "id": "w-747315-9300617073420",
      "name": "Cadbury Dairy Milk Chocolate Gift Box",
      "brand": "Cadbury",
      "imageUrls": "https://cdn0.woolworths.media/content/wowproductimages/large/747315.jpg",
      "storeId": "woolworths",
      "packageSize": "220g",
      "cupPrice": "$3.27 / 100G",
      "locations": {
        "ALL": {
          "price": 7.2,
          "discountRate": 40,
          "promo": "",
          "orgPrice": 12
        }
      },
      "categoryIds": ["w-pantry"],
      "similarProducts": []
    },
    {
      "id": "w-8874-9300617042068",
      "name": "Cadbury Dairy Milk Chocolate Hazelnut",
      "brand": "Cadbury",
      "imageUrls": "https://cdn0.woolworths.media/content/wowproductimages/large/008874.jpg",
      "storeId": "woolworths",
      "packageSize": "55g bar",
      "cupPrice": "$2.73 / 100G",
      "locations": {
        "ALL": {
          "price": 1.5,
          "discountRate": 25,
          "promo": "",
          "orgPrice": 2
        }
      },
      "categoryIds": ["w-pantry"],
      "similarProducts": []
    },
    {
      "id": "w-3158-9300617320319",
      "name": "Cadbury Dairy Milk Chocolate",
      "brand": "Cadbury",
      "imageUrls": "https://cdn0.woolworths.media/content/wowproductimages/large/003158.jpg",
      "storeId": "woolworths",
      "packageSize": "55g roll",
      "cupPrice": "$2.73 / 100G",
      "locations": {
        "ALL": {
          "price": 1.5,
          "discountRate": 25,
          "promo": "",
          "orgPrice": 2
        }
      },
      "categoryIds": ["w-pantry"],
      "similarProducts": []
    },
    {
      "id": "w-320105-9300617042310",
      "name": "Cadbury Dairy Milk Chocolate",
      "brand": "Cadbury",
      "imageUrls": "https://cdn0.woolworths.media/content/wowproductimages/large/320105.jpg",
      "storeId": "woolworths",
      "packageSize": "50g bar",
      "cupPrice": "$3.00 / 100G",
      "locations": {
        "ALL": {
          "price": 1.5,
          "discountRate": 25,
          "promo": "",
          "orgPrice": 2
        }
      },
      "categoryIds": ["w-pantry"],
      "similarProducts": []
    },
    {
      "id": "w-701666-9300617070146",
      "name": "Cadbury Dairy Milk Freddo Milky Top Bar",
      "brand": "Cadbury",
      "imageUrls": "https://cdn0.woolworths.media/content/wowproductimages/large/701666.jpg",
      "storeId": "woolworths",
      "packageSize": "45g",
      "cupPrice": "$3.33 / 100G",
      "locations": {
        "ALL": {
          "price": 1.5,
          "discountRate": 25,
          "promo": "",
          "orgPrice": 2
        }
      },
      "categoryIds": ["w-pantry"],
      "similarProducts": []
    },
    {
      "id": "w-326628-9300617411031",
      "name": "Cadbury Dairy Milk Freddo Frog",
      "brand": "Cadbury",
      "imageUrls": "https://cdn0.woolworths.media/content/wowproductimages/large/326628.jpg",
      "storeId": "woolworths",
      "packageSize": "35g",
      "cupPrice": "$2.29 / 100G",
      "locations": {
        "ALL": {
          "price": 0.8,
          "discountRate": 20,
          "promo": "",
          "orgPrice": 1
        }
      },
      "categoryIds": ["w-pantry"],
      "similarProducts": []
    },
    {
      "id": "w-85094-9300617289432",
      "name": "Cadbury Dairy Milk Marble Chocolate Bar",
      "brand": "Cadbury",
      "imageUrls": "https://cdn0.woolworths.media/content/wowproductimages/large/085094.jpg",
      "storeId": "woolworths",
      "packageSize": "54g",
      "cupPrice": "$2.78 / 100G",
      "locations": {
        "ALL": {
          "price": 1.5,
          "discountRate": 25,
          "promo": "",
          "orgPrice": 2
        }
      },
      "categoryIds": ["w-pantry"],
      "similarProducts": []
    },
    {
      "id": "w-85093-9300617075653",
      "name": "Cadbury Dairy Milk Marble Chocolate Block",
      "brand": "Cadbury",
      "imageUrls": "https://cdn0.woolworths.media/content/wowproductimages/large/085093.jpg",
      "storeId": "woolworths",
      "packageSize": "173g",
      "cupPrice": "$1.45 / 100G",
      "locations": {
        "ALL": {
          "price": 2.5,
          "discountRate": 50,
          "promo": "",
          "orgPrice": 5
        }
      },
      "categoryIds": ["w-pantry"],
      "similarProducts": []
    },
    {
      "id": "w-814894-9300617065722",
      "name": "Cadbury Dairy Milk Marvellous Creations Jelly Popping Candy",
      "brand": "Cadbury",
      "imageUrls": "https://cdn0.woolworths.media/content/wowproductimages/large/814894.jpg",
      "storeId": "woolworths",
      "packageSize": "190g",
      "cupPrice": "$1.32 / 100G",
      "locations": {
        "ALL": {
          "price": 2.5,
          "discountRate": 50,
          "promo": "",
          "orgPrice": 5
        }
      },
      "categoryIds": ["w-pantry"],
      "similarProducts": []
    },
    {
      "id": "w-7108-9300617075387",
      "name": "Cadbury Dairy Milk Smores Block",
      "brand": "Cadbury",
      "imageUrls": "https://cdn0.woolworths.media/content/wowproductimages/large/007108.jpg",
      "storeId": "woolworths",
      "packageSize": "170g",
      "cupPrice": "$1.47 / 100G",
      "locations": {
        "ALL": {
          "price": 2.5,
          "discountRate": 50,
          "promo": "",
          "orgPrice": 5
        }
      },
      "categoryIds": ["w-pantry"],
      "similarProducts": []
    },
    {
      "id": "w-814632-9300617066361",
      "name": "Cadbury Dream White Chocolate",
      "brand": "Cadbury",
      "imageUrls": "https://cdn0.woolworths.media/content/wowproductimages/large/814632.jpg",
      "storeId": "woolworths",
      "packageSize": "180g",
      "cupPrice": "$1.39 / 100G",
      "locations": {
        "ALL": {
          "price": 2.5,
          "discountRate": 50,
          "promo": "",
          "orgPrice": 5
        }
      },
      "categoryIds": ["w-pantry"],
      "similarProducts": []
    },
    {
      "id": "w-142709-9300617042266",
      "name": "Cadbury Dream White Chocolate White Chocolate",
      "brand": "Cadbury",
      "imageUrls": "https://cdn0.woolworths.media/content/wowproductimages/large/142709.jpg",
      "storeId": "woolworths",
      "packageSize": "50g bar",
      "cupPrice": "$3.00 / 100G",
      "locations": {
        "ALL": {
          "price": 1.5,
          "discountRate": 25,
          "promo": "",
          "orgPrice": 2
        }
      },
      "categoryIds": ["w-pantry"],
      "similarProducts": []
    },
    {
      "id": "w-52409-9300617075332",
      "name": "Cadbury Favourites",
      "brand": "Cadbury",
      "imageUrls": "https://cdn0.woolworths.media/content/wowproductimages/large/052409.jpg",
      "storeId": "woolworths",
      "packageSize": "570g",
      "cupPrice": "$2.11 / 100G",
      "locations": {
        "ALL": {
          "price": 12,
          "discountRate": 40,
          "promo": "",
          "orgPrice": 20
        }
      },
      "categoryIds": ["w-pantry"],
      "similarProducts": []
    },
    {
      "id": "w-52434-9300617075295",
      "name": "Cadbury Favourites",
      "brand": "Cadbury",
      "imageUrls": "https://cdn0.woolworths.media/content/wowproductimages/large/052434.jpg",
      "storeId": "woolworths",
      "packageSize": "373g",
      "cupPrice": "$2.25 / 100G",
      "locations": {
        "ALL": {
          "price": 8.4,
          "discountRate": 40,
          "promo": "",
          "orgPrice": 14
        }
      },
      "categoryIds": ["w-pantry"],
      "similarProducts": []
    },
    {
      "id": "w-52433-9300617075349",
      "name": "Cadbury Favourites Party Pack",
      "brand": "Cadbury",
      "imageUrls": "https://cdn0.woolworths.media/content/wowproductimages/large/052433.jpg",
      "storeId": "woolworths",
      "packageSize": "570g",
      "cupPrice": "$2.11 / 100G",
      "locations": {
        "ALL": {
          "price": 12,
          "discountRate": 40,
          "promo": "",
          "orgPrice": 20
        }
      },
      "categoryIds": ["w-pantry"],
      "similarProducts": []
    },
    {
      "id": "w-98372-93617406",
      "name": "Cadbury Flake",
      "brand": "Cadbury",
      "imageUrls": "https://cdn0.woolworths.media/content/wowproductimages/large/098372.jpg",
      "storeId": "woolworths",
      "packageSize": "30g bar",
      "cupPrice": "$5.00 / 100G",
      "locations": {
        "ALL": {
          "price": 1.5,
          "discountRate": 25,
          "promo": "",
          "orgPrice": 2
        }
      },
      "categoryIds": ["w-pantry"],
      "similarProducts": []
    },
    {
      "id": "w-98390-9300617320289",
      "name": "Cadbury Fry's Turkish Delight",
      "brand": "Cadbury",
      "imageUrls": "https://cdn0.woolworths.media/content/wowproductimages/large/098390.jpg",
      "storeId": "woolworths",
      "packageSize": "55g bar",
      "cupPrice": "$2.73 / 100G",
      "locations": {
        "ALL": {
          "price": 1.5,
          "discountRate": 25,
          "promo": "",
          "orgPrice": 2
        }
      },
      "categoryIds": ["w-pantry"],
      "similarProducts": []
    },
    {
      "id": "w-840556-9300617044901",
      "name": "Cadbury Giant Caramello Koala",
      "brand": "Cadbury",
      "imageUrls": "https://cdn0.woolworths.media/content/wowproductimages/large/840556.jpg",
      "storeId": "woolworths",
      "packageSize": "35g",
      "cupPrice": "$2.29 / 100G",
      "locations": {
        "ALL": {
          "price": 0.8,
          "discountRate": 20,
          "promo": "",
          "orgPrice": 1
        }
      },
      "categoryIds": ["w-pantry"],
      "similarProducts": []
    },
    {
      "id": "w-65271-9300617067160",
      "name": "Cadbury Peppermint Bar",
      "brand": "Cadbury",
      "imageUrls": "https://cdn0.woolworths.media/content/wowproductimages/large/065271.jpg",
      "storeId": "woolworths",
      "packageSize": "55g",
      "cupPrice": "$2.73 / 100G",
      "locations": {
        "ALL": {
          "price": 1.5,
          "discountRate": 25,
          "promo": "",
          "orgPrice": 2
        }
      },
      "categoryIds": ["w-pantry"],
      "similarProducts": []
    },
    {
      "id": "w-320106-9300617408642",
      "name": "Cadbury Picnic",
      "brand": "Cadbury",
      "imageUrls": "https://cdn0.woolworths.media/content/wowproductimages/large/320106.jpg",
      "storeId": "woolworths",
      "packageSize": "46g bar",
      "cupPrice": "$3.26 / 100G",
      "locations": {
        "ALL": {
          "price": 1.5,
          "discountRate": 25,
          "promo": "",
          "orgPrice": 2
        }
      },
      "categoryIds": ["w-pantry"],
      "similarProducts": []
    },
    {
      "id": "w-353084-9400550521269",
      "name": "Cadbury Roses",
      "brand": "Cadbury",
      "imageUrls": "https://cdn0.woolworths.media/content/wowproductimages/large/353084.jpg",
      "storeId": "woolworths",
      "packageSize": "450g gift box",
      "cupPrice": "$2.07 / 100G",
      "locations": {
        "ALL": {
          "price": 9.3,
          "discountRate": 40,
          "promo": "",
          "orgPrice": 15.5
        }
      },
      "categoryIds": ["w-pantry"],
      "similarProducts": []
    },
    {
      "id": "w-747316-9300617071884",
      "name": "Cadbury Roses Chocolate Gift Pouch",
      "brand": "Cadbury",
      "imageUrls": "https://cdn0.woolworths.media/content/wowproductimages/large/747316.jpg",
      "storeId": "woolworths",
      "packageSize": "150g",
      "cupPrice": "$2.60 / 100G",
      "locations": {
        "ALL": {
          "price": 3.9,
          "discountRate": 40,
          "promo": "",
          "orgPrice": 6.5
        }
      },
      "categoryIds": ["w-pantry"],
      "similarProducts": []
    },
    {
      "id": "w-87855-9300617325079",
      "name": "Cadbury Time Out",
      "brand": "Cadbury",
      "imageUrls": "https://cdn0.woolworths.media/content/wowproductimages/large/087855.jpg",
      "storeId": "woolworths",
      "packageSize": "40g bar",
      "cupPrice": "$3.75 / 100G",
      "locations": {
        "ALL": {
          "price": 1.5,
          "discountRate": 25,
          "promo": "",
          "orgPrice": 2
        }
      },
      "categoryIds": ["w-pantry"],
      "similarProducts": []
    },
    {
      "id": "w-320104-9300617408710",
      "name": "Cadbury Twirl",
      "brand": "Cadbury",
      "imageUrls": "https://cdn0.woolworths.media/content/wowproductimages/large/320104.jpg",
      "storeId": "woolworths",
      "packageSize": "39g bar",
      "cupPrice": "$3.85 / 100G",
      "locations": {
        "ALL": {
          "price": 1.5,
          "discountRate": 25,
          "promo": "",
          "orgPrice": 2
        }
      },
      "categoryIds": ["w-pantry"],
      "similarProducts": []
    },
    {
      "id": "w-65270-9300617288084",
      "name": "Cadbury Twirl Caramilk",
      "brand": "Cadbury",
      "imageUrls": "https://cdn0.woolworths.media/content/wowproductimages/large/065270.jpg",
      "storeId": "woolworths",
      "packageSize": "39g",
      "cupPrice": "$3.85 / 100G",
      "locations": {
        "ALL": {
          "price": 1.5,
          "discountRate": 25,
          "promo": "",
          "orgPrice": 2
        }
      },
      "categoryIds": ["w-pantry"],
      "similarProducts": []
    },
    {
      "id": "w-77960-9351585000277",
      "name": "Calbee Golden Chipees Bacon & Cheddar",
      "brand": "Calbee",
      "imageUrls": "https://cdn0.woolworths.media/content/wowproductimages/large/077960.jpg",
      "storeId": "woolworths",
      "packageSize": "100g",
      "cupPrice": "$3.50 / 100G",
      "locations": {
        "ALL": {
          "price": 3.5,
          "discountRate": 13,
          "promo": "",
          "orgPrice": 4
        }
      },
      "categoryIds": ["w-pantry"],
      "similarProducts": []
    },
    {
      "id": "w-81995-9351585000253",
      "name": "Calbee Golden Chipees Lightly Salted",
      "brand": "Calbee",
      "imageUrls": "https://cdn0.woolworths.media/content/wowproductimages/large/081995.jpg",
      "storeId": "woolworths",
      "packageSize": "100g",
      "cupPrice": "$3.50 / 100G",
      "locations": {
        "ALL": {
          "price": 3.5,
          "discountRate": 13,
          "promo": "",
          "orgPrice": 4
        }
      },
      "categoryIds": ["w-pantry"],
      "similarProducts": []
    },
    {
      "id": "w-79351-9351585000260",
      "name": "Calbee Golden Chipees Salt & Vinegar",
      "brand": "Calbee",
      "imageUrls": "https://cdn0.woolworths.media/content/wowproductimages/large/079351.jpg",
      "storeId": "woolworths",
      "packageSize": "100g",
      "cupPrice": "$3.50 / 100G",
      "locations": {
        "ALL": {
          "price": 3.5,
          "discountRate": 13,
          "promo": "",
          "orgPrice": 4
        }
      },
      "categoryIds": ["w-pantry"],
      "similarProducts": []
    },
    {
      "id": "w-82142-9351585000215",
      "name": "Calbee Harvest Snaps Black Bean Dill Pickle",
      "brand": "Calbee",
      "imageUrls": "https://cdn0.woolworths.media/content/wowproductimages/large/082142.jpg",
      "storeId": "woolworths",
      "packageSize": "85g",
      "cupPrice": "$29.41 / 1KG",
      "locations": {
        "ALL": {
          "price": 2.5,
          "discountRate": 17,
          "promo": "",
          "orgPrice": 3
        }
      },
      "categoryIds": ["w-pantry"],
      "similarProducts": []
    },
    {
      "id": "w-820266-9300644704816",
      "name": "Campbell's Bone Broth Beef",
      "brand": "Campbell's",
      "imageUrls": "https://cdn0.woolworths.media/content/wowproductimages/large/820266.jpg",
      "storeId": "woolworths",
      "packageSize": "500ml",
      "cupPrice": "$1.12 / 100ML",
      "locations": {
        "ALL": {
          "price": 5.6,
          "discountRate": 20,
          "promo": "",
          "orgPrice": 7
        }
      },
      "categoryIds": ["w-pantry"],
      "similarProducts": []
    },
    {
      "id": "w-820275-9300644704809",
      "name": "Campbell's Bone Broth Chicken",
      "brand": "Campbell's",
      "imageUrls": "https://cdn0.woolworths.media/content/wowproductimages/large/820275.jpg",
      "storeId": "woolworths",
      "packageSize": "500ml",
      "cupPrice": "$1.12 / 100ML",
      "locations": {
        "ALL": {
          "price": 5.6,
          "discountRate": 20,
          "promo": "",
          "orgPrice": 7
        }
      },
      "categoryIds": ["w-pantry"],
      "similarProducts": []
    },
    {
      "id": "w-245573-9300644700702",
      "name": "Campbell's Chunky Canned Soup Beef Hearty & Filling",
      "brand": "Campbell's",
      "imageUrls": "https://cdn0.woolworths.media/content/wowproductimages/large/245573.jpg",
      "storeId": "woolworths",
      "packageSize": "505g",
      "cupPrice": "$0.35 / 100G",
      "locations": {
        "ALL": {
          "price": 1.75,
          "discountRate": 50,
          "promo": "",
          "orgPrice": 3.5
        }
      },
      "categoryIds": ["w-pantry"],
      "similarProducts": []
    },
    {
      "id": "w-247332-9300644700009",
      "name": "Campbell's Chunky Canned Soup Hearty Irish Stew",
      "brand": "Campbell's",
      "imageUrls": "https://cdn0.woolworths.media/content/wowproductimages/large/247332.jpg",
      "storeId": "woolworths",
      "packageSize": "505g",
      "cupPrice": "$0.35 / 100G",
      "locations": {
        "ALL": {
          "price": 1.75,
          "discountRate": 50,
          "promo": "",
          "orgPrice": 3.5
        }
      },
      "categoryIds": ["w-pantry"],
      "similarProducts": []
    },
    {
      "id": "w-245580-9300644700726",
      "name": "Campbell's Chunky Canned Soup Potato & Bacon",
      "brand": "Campbell's",
      "imageUrls": "https://cdn0.woolworths.media/content/wowproductimages/large/245580.jpg",
      "storeId": "woolworths",
      "packageSize": "505g",
      "cupPrice": "$0.35 / 100G",
      "locations": {
        "ALL": {
          "price": 1.75,
          "discountRate": 50,
          "promo": "",
          "orgPrice": 3.5
        }
      },
      "categoryIds": ["w-pantry"],
      "similarProducts": []
    },
    {
      "id": "w-245581-9300644700740",
      "name": "Campbell's Chunky Canned Soup Roast Chicken & Vegetable",
      "brand": "Campbell's",
      "imageUrls": "https://cdn0.woolworths.media/content/wowproductimages/large/245581.jpg",
      "storeId": "woolworths",
      "packageSize": "505g",
      "cupPrice": "$0.35 / 100G",
      "locations": {
        "ALL": {
          "price": 1.75,
          "discountRate": 50,
          "promo": "",
          "orgPrice": 3.5
        }
      },
      "categoryIds": ["w-pantry"],
      "similarProducts": []
    },
    {
      "id": "w-245575-9300644700719",
      "name": "Campbell's Chunky Ham & Pea Ham & Pea",
      "brand": "Campbell's",
      "imageUrls": "https://cdn0.woolworths.media/content/wowproductimages/large/245575.jpg",
      "storeId": "woolworths",
      "packageSize": "505g",
      "cupPrice": "$0.35 / 100G",
      "locations": {
        "ALL": {
          "price": 1.75,
          "discountRate": 50,
          "promo": "",
          "orgPrice": 3.5
        }
      },
      "categoryIds": ["w-pantry"],
      "similarProducts": []
    },
    {
      "id": "w-144709-9300644023566",
      "name": "Campbell's Country Ladle Canned Soup Beef & Vegetable",
      "brand": "Campbell's",
      "imageUrls": "https://cdn0.woolworths.media/content/wowproductimages/large/144709.jpg",
      "storeId": "woolworths",
      "packageSize": "500g",
      "cupPrice": "$0.35 / 100G",
      "locations": {
        "ALL": {
          "price": 1.75,
          "discountRate": 50,
          "promo": "",
          "orgPrice": 3.5
        }
      },
      "categoryIds": ["w-pantry"],
      "similarProducts": []
    },
    {
      "id": "w-45795-9300644023542",
      "name": "Campbell's Country Ladle Canned Soup Butternut Pumpkin",
      "brand": "Campbell's",
      "imageUrls": "https://cdn0.woolworths.media/content/wowproductimages/large/045795.jpg",
      "storeId": "woolworths",
      "packageSize": "505g",
      "cupPrice": "$0.35 / 100G",
      "locations": {
        "ALL": {
          "price": 1.75,
          "discountRate": 50,
          "promo": "",
          "orgPrice": 3.5
        }
      },
      "categoryIds": ["w-pantry"],
      "similarProducts": []
    },
    {
      "id": "w-186164-9300644235808",
      "name": "Campbell's Country Ladle Canned Soup Chicken & Sweet Corn",
      "brand": "Campbell's",
      "imageUrls": "https://cdn0.woolworths.media/content/wowproductimages/large/186164.jpg",
      "storeId": "woolworths",
      "packageSize": "505g",
      "cupPrice": "$0.35 / 100G",
      "locations": {
        "ALL": {
          "price": 1.75,
          "discountRate": 50,
          "promo": "",
          "orgPrice": 3.5
        }
      },
      "categoryIds": ["w-pantry"],
      "similarProducts": []
    },
    {
      "id": "w-370259-9300644702393",
      "name": "Campbell's Country Ladle Canned Soup Chicken Noodle",
      "brand": "Campbell's",
      "imageUrls": "https://cdn0.woolworths.media/content/wowproductimages/large/370259.jpg",
      "storeId": "woolworths",
      "packageSize": "500g",
      "cupPrice": "$0.35 / 100G",
      "locations": {
        "ALL": {
          "price": 1.75,
          "discountRate": 50,
          "promo": "",
          "orgPrice": 3.5
        }
      },
      "categoryIds": ["w-pantry"],
      "similarProducts": []
    },
    {
      "id": "w-204677-9300644234900",
      "name": "Campbell's Country Ladle Canned Soup Creamy Chicken",
      "brand": "Campbell's",
      "imageUrls": "https://cdn0.woolworths.media/content/wowproductimages/large/204677.jpg",
      "storeId": "woolworths",
      "packageSize": "500g",
      "cupPrice": "$0.35 / 100G",
      "locations": {
        "ALL": {
          "price": 1.75,
          "discountRate": 50,
          "promo": "",
          "orgPrice": 3.5
        }
      },
      "categoryIds": ["w-pantry"],
      "similarProducts": []
    },
    {
      "id": "w-45777-9300644023535",
      "name": "Campbell's Country Ladle Canned Soup Minestrone",
      "brand": "Campbell's",
      "imageUrls": "https://cdn0.woolworths.media/content/wowproductimages/large/045777.jpg",
      "storeId": "woolworths",
      "packageSize": "495g",
      "cupPrice": "$0.35 / 100G",
      "locations": {
        "ALL": {
          "price": 1.75,
          "discountRate": 50,
          "promo": "",
          "orgPrice": 3.5
        }
      },
      "categoryIds": ["w-pantry"],
      "similarProducts": []
    },
    {
      "id": "w-99542-9300644023559",
      "name": "Campbell's Country Ladle Canned Soup Pea & Ham",
      "brand": "Campbell's",
      "imageUrls": "https://cdn0.woolworths.media/content/wowproductimages/large/099542.jpg",
      "storeId": "woolworths",
      "packageSize": "500g",
      "cupPrice": "$0.35 / 100G",
      "locations": {
        "ALL": {
          "price": 1.75,
          "discountRate": 50,
          "promo": "",
          "orgPrice": 3.5
        }
      },
      "categoryIds": ["w-pantry"],
      "similarProducts": []
    },
    {
      "id": "w-167572-9300644235709",
      "name": "Campbell's Country Ladle Canned Soup Potato & Leek",
      "brand": "Campbell's",
      "imageUrls": "https://cdn0.woolworths.media/content/wowproductimages/large/167572.jpg",
      "storeId": "woolworths",
      "packageSize": "505g",
      "cupPrice": "$0.35 / 100G",
      "locations": {
        "ALL": {
          "price": 1.75,
          "discountRate": 50,
          "promo": "",
          "orgPrice": 3.5
        }
      },
      "categoryIds": ["w-pantry"],
      "similarProducts": []
    },
    {
      "id": "w-370260-9300644702409",
      "name": "Campbell's Country Ladle Creamy Pumpkin Creamy Pumpkin",
      "brand": "Campbell's",
      "imageUrls": "https://cdn0.woolworths.media/content/wowproductimages/large/370260.jpg",
      "storeId": "woolworths",
      "packageSize": "500g",
      "cupPrice": "$0.35 / 100G",
      "locations": {
        "ALL": {
          "price": 1.75,
          "discountRate": 50,
          "promo": "",
          "orgPrice": 3.5
        }
      },
      "categoryIds": ["w-pantry"],
      "similarProducts": []
    },
    {
      "id": "w-45931-9300644023504",
      "name": "Campbell's Country Ladle Farmhouse Vegetable",
      "brand": "Campbell's",
      "imageUrls": "https://cdn0.woolworths.media/content/wowproductimages/large/045931.jpg",
      "storeId": "woolworths",
      "packageSize": "495g",
      "cupPrice": "$0.35 / 100G",
      "locations": {
        "ALL": {
          "price": 1.75,
          "discountRate": 50,
          "promo": "",
          "orgPrice": 3.5
        }
      },
      "categoryIds": ["w-pantry"],
      "similarProducts": []
    },
    {
      "id": "w-320499-9300644701617",
      "name": "Campbell's Country Ladle Garden Vegetable & Wholegrain Barley",
      "brand": "Campbell's",
      "imageUrls": "https://cdn0.woolworths.media/content/wowproductimages/large/320499.jpg",
      "storeId": "woolworths",
      "packageSize": "500g",
      "cupPrice": "$0.35 / 100G",
      "locations": {
        "ALL": {
          "price": 1.75,
          "discountRate": 50,
          "promo": "",
          "orgPrice": 3.5
        }
      },
      "categoryIds": ["w-pantry"],
      "similarProducts": []
    },
    {
      "id": "w-30825-9300644043618",
      "name": "Campbell's Real Beef Liquid Stock",
      "brand": "Campbell's",
      "imageUrls": "https://cdn0.woolworths.media/content/wowproductimages/large/030825.jpg",
      "storeId": "woolworths",
      "packageSize": "1l",
      "cupPrice": "$0.30 / 100ML",
      "locations": {
        "ALL": { "price": 3, "discountRate": 25, "promo": "", "orgPrice": 4 }
      },
      "categoryIds": ["w-pantry"],
      "similarProducts": []
    },
    {
      "id": "w-172643-9300644432603",
      "name": "Campbell's Real Beef Liquid Stock Salt Reduced",
      "brand": "Campbell's",
      "imageUrls": "https://cdn0.woolworths.media/content/wowproductimages/large/172643.jpg",
      "storeId": "woolworths",
      "packageSize": "1l",
      "cupPrice": "$0.30 / 100ML",
      "locations": {
        "ALL": { "price": 3, "discountRate": 25, "promo": "", "orgPrice": 4 }
      },
      "categoryIds": ["w-pantry"],
      "similarProducts": []
    },
    {
      "id": "w-77750-9300644043601",
      "name": "Campbell's Real Chicken Liquid Stock",
      "brand": "Campbell's",
      "imageUrls": "https://cdn0.woolworths.media/content/wowproductimages/large/077750.jpg",
      "storeId": "woolworths",
      "packageSize": "1l",
      "cupPrice": "$0.30 / 100ML",
      "locations": {
        "ALL": { "price": 3, "discountRate": 25, "promo": "", "orgPrice": 4 }
      },
      "categoryIds": ["w-pantry"],
      "similarProducts": []
    },
    {
      "id": "w-144283-9300644043632",
      "name": "Campbell's Real Chicken Liquid Stock Salt Reduced",
      "brand": "Campbell's",
      "imageUrls": "https://cdn0.woolworths.media/content/wowproductimages/large/144283.jpg",
      "storeId": "woolworths",
      "packageSize": "1l",
      "cupPrice": "$0.30 / 100ML",
      "locations": {
        "ALL": { "price": 3, "discountRate": 25, "promo": "", "orgPrice": 4 }
      },
      "categoryIds": ["w-pantry"],
      "similarProducts": []
    },
    {
      "id": "w-83437-9300644705288",
      "name": "Campbell's Real Liquid Stock Malaysian Laksa Style",
      "brand": "Campbell's",
      "imageUrls": "https://cdn0.woolworths.media/content/wowproductimages/large/083437.jpg",
      "storeId": "woolworths",
      "packageSize": "1l",
      "cupPrice": "$0.30 / 100ML",
      "locations": {
        "ALL": { "price": 3, "discountRate": 25, "promo": "", "orgPrice": 4 }
      },
      "categoryIds": ["w-pantry"],
      "similarProducts": []
    },
    {
      "id": "w-83444-9300644705158",
      "name": "Campbell's Real Stock Thai Noodle Soup Base",
      "brand": "Campbell's",
      "imageUrls": "https://cdn0.woolworths.media/content/wowproductimages/large/083444.jpg",
      "storeId": "woolworths",
      "packageSize": "1l",
      "cupPrice": "$0.30 / 100ML",
      "locations": {
        "ALL": { "price": 3, "discountRate": 25, "promo": "", "orgPrice": 4 }
      },
      "categoryIds": ["w-pantry"],
      "similarProducts": []
    },
    {
      "id": "w-30856-9300644043625",
      "name": "Campbell's Real Vegetable Liquid Stock",
      "brand": "Campbell's",
      "imageUrls": "https://cdn0.woolworths.media/content/wowproductimages/large/030856.jpg",
      "storeId": "woolworths",
      "packageSize": "1l",
      "cupPrice": "$0.30 / 100ML",
      "locations": {
        "ALL": { "price": 3, "discountRate": 25, "promo": "", "orgPrice": 4 }
      },
      "categoryIds": ["w-pantry"],
      "similarProducts": []
    },
    {
      "id": "w-172638-9300644433006",
      "name": "Campbell's Real Vegetable Liquid Stock Salt Reduced",
      "brand": "Campbell's",
      "imageUrls": "https://cdn0.woolworths.media/content/wowproductimages/large/172638.jpg",
      "storeId": "woolworths",
      "packageSize": "1l",
      "cupPrice": "$0.30 / 100ML",
      "locations": {
        "ALL": { "price": 3, "discountRate": 25, "promo": "", "orgPrice": 4 }
      },
      "categoryIds": ["w-pantry"],
      "similarProducts": []
    },
    {
      "id": "w-97384-9300677010533",
      "name": "Capilano All Natural Choc Honey Spread",
      "brand": "Capilano",
      "imageUrls": "https://cdn0.woolworths.media/content/wowproductimages/large/097384.jpg",
      "storeId": "woolworths",
      "packageSize": "300g",
      "cupPrice": "$1.87 / 100G",
      "locations": {
        "ALL": {
          "price": 5.6,
          "discountRate": 20,
          "promo": "",
          "orgPrice": 7
        }
      },
      "categoryIds": ["w-pantry"],
      "similarProducts": []
    },
    {
      "id": "w-435286-9319133333420",
      "name": "Carman's Almond, Coconut & Chia Gourmet Porridge Sachets",
      "brand": "Carman's",
      "imageUrls": "https://cdn0.woolworths.media/content/wowproductimages/large/435286.jpg",
      "storeId": "woolworths",
      "packageSize": "320g",
      "cupPrice": "$0.94 / 100G",
      "locations": {
        "ALL": { "price": 3, "discountRate": 50, "promo": "", "orgPrice": 6 }
      },
      "categoryIds": ["w-pantry"],
      "similarProducts": []
    },
    {
      "id": "w-85096-9319133335431",
      "name": "Carman's Fibre Rich Porridge Sachets Super Seed & Vanilla Bean",
      "brand": "Carman's",
      "imageUrls": "https://cdn0.woolworths.media/content/wowproductimages/large/085096.jpg",
      "storeId": "woolworths",
      "packageSize": "6 pack",
      "cupPrice": "$1.25 / 100G",
      "locations": {
        "ALL": { "price": 3, "discountRate": 50, "promo": "", "orgPrice": 6 }
      },
      "categoryIds": ["w-pantry"],
      "similarProducts": []
    },
    {
      "id": "w-85031-9319133335424",
      "name": "Carman's Fibre Rich Probiotic Porridge Sachets Creamy Honey & Almond",
      "brand": "Carman's",
      "imageUrls": "https://cdn0.woolworths.media/content/wowproductimages/large/085031.jpg",
      "storeId": "woolworths",
      "packageSize": "6 pack",
      "cupPrice": "$1.25 / 100G",
      "locations": {
        "ALL": { "price": 3, "discountRate": 50, "promo": "", "orgPrice": 6 }
      },
      "categoryIds": ["w-pantry"],
      "similarProducts": []
    },
    {
      "id": "w-608601-9319133333666",
      "name": "Carman's Gourmet Porridge Sachets Apple Sultana & Cinnamon",
      "brand": "Carman's",
      "imageUrls": "https://cdn0.woolworths.media/content/wowproductimages/large/608601.jpg",
      "storeId": "woolworths",
      "packageSize": "8x320g",
      "cupPrice": "$0.94 / 100G",
      "locations": {
        "ALL": { "price": 3, "discountRate": 50, "promo": "", "orgPrice": 6 }
      },
      "categoryIds": ["w-pantry"],
      "similarProducts": []
    },
    {
      "id": "w-435300-9319133333925",
      "name": "Carman's Honey, Vanilla & Cinnamon Gourmet Porridge Sachets",
      "brand": "Carman's",
      "imageUrls": "https://cdn0.woolworths.media/content/wowproductimages/large/435300.jpg",
      "storeId": "woolworths",
      "packageSize": "320g",
      "cupPrice": "$0.94 / 100G",
      "locations": {
        "ALL": { "price": 3, "discountRate": 50, "promo": "", "orgPrice": 6 }
      },
      "categoryIds": ["w-pantry"],
      "similarProducts": []
    },
    {
      "id": "w-687790-9319133334243",
      "name": "Carman's Porridge 5 Grain Superseed",
      "brand": "Carman's",
      "imageUrls": "https://cdn0.woolworths.media/content/wowproductimages/large/687790.jpg",
      "storeId": "woolworths",
      "packageSize": "320g",
      "cupPrice": "$0.94 / 100G",
      "locations": {
        "ALL": { "price": 3, "discountRate": 50, "promo": "", "orgPrice": 6 }
      },
      "categoryIds": ["w-pantry"],
      "similarProducts": []
    },
    {
      "id": "w-687777-9319133334656",
      "name": "Carman's Porridge Almond Pecan Hazelnut",
      "brand": "Carman's",
      "imageUrls": "https://cdn0.woolworths.media/content/wowproductimages/large/687777.jpg",
      "storeId": "woolworths",
      "packageSize": "320g",
      "cupPrice": "$0.94 / 100G",
      "locations": {
        "ALL": { "price": 3, "discountRate": 50, "promo": "", "orgPrice": 6 }
      },
      "categoryIds": ["w-pantry"],
      "similarProducts": []
    },
    {
      "id": "w-435310-9319133333444",
      "name": "Carman's Super Berry & Coconut Gourmet Porridge Sachets",
      "brand": "Carman's",
      "imageUrls": "https://cdn0.woolworths.media/content/wowproductimages/large/435310.jpg",
      "storeId": "woolworths",
      "packageSize": "320g",
      "cupPrice": "$0.94 / 100G",
      "locations": {
        "ALL": { "price": 3, "discountRate": 50, "promo": "", "orgPrice": 6 }
      },
      "categoryIds": ["w-pantry"],
      "similarProducts": []
    },
    {
      "id": "w-91905-70734004025",
      "name": "Celestial Sleepy Time Herbal Tea Bags",
      "brand": "Celestial",
      "imageUrls": "https://cdn0.woolworths.media/content/wowproductimages/large/091905.jpg",
      "storeId": "woolworths",
      "packageSize": "40 pack",
      "cupPrice": "$0.16 / 1EA",
      "locations": {
        "ALL": {
          "price": 6.4,
          "discountRate": 20,
          "promo": "",
          "orgPrice": 8
        }
      },
      "categoryIds": ["w-pantry", "w-drinks"],
      "similarProducts": []
    },
    {
      "id": "w-871607-9415748017806",
      "name": "Ceres Organics Brown Rice Crackers Sea Salt & Vinegar",
      "brand": "Ceres",
      "imageUrls": "https://cdn0.woolworths.media/content/wowproductimages/large/871607.jpg",
      "storeId": "woolworths",
      "packageSize": "6 pack",
      "cupPrice": "$22.50 / 100G",
      "locations": {
        "ALL": {
          "price": 4.5,
          "discountRate": 18,
          "promo": "",
          "orgPrice": 5.5
        }
      },
      "categoryIds": ["w-pantry"],
      "similarProducts": []
    },
    {
      "id": "w-660337-9310988016346",
      "name": "Cheezels Cheese Box",
      "brand": "Cheezels",
      "imageUrls": "https://cdn0.woolworths.media/content/wowproductimages/large/660337.jpg",
      "storeId": "woolworths",
      "packageSize": "125g",
      "cupPrice": "$1.60 / 100G",
      "locations": {
        "ALL": {
          "price": 2,
          "discountRate": 20,
          "promo": "",
          "orgPrice": 2.5
        }
      },
      "categoryIds": ["w-pantry"],
      "similarProducts": []
    },
    {
      "id": "w-378034-9310988011549",
      "name": "Cheezels Multipack 6pk",
      "brand": "Cheezels",
      "imageUrls": "https://cdn0.woolworths.media/content/wowproductimages/large/378034.jpg",
      "storeId": "woolworths",
      "packageSize": "114g",
      "cupPrice": "$1.75 / 100G",
      "locations": {
        "ALL": {
          "price": 2,
          "discountRate": 40,
          "promo": "",
          "orgPrice": 3.35
        }
      },
      "categoryIds": ["w-pantry", "w-lunch-box"],
      "similarProducts": []
    },
    {
      "id": "w-90042-6921211116271",
      "name": "Chupa Chups Assorted Flavour Lollipops",
      "brand": "Chupa Chups",
      "imageUrls": "https://cdn0.woolworths.media/content/wowproductimages/large/090042.jpg",
      "storeId": "woolworths",
      "packageSize": "6 pack",
      "cupPrice": "$0.00 / 0",
      "locations": {
        "ALL": { "price": 2, "discountRate": 9, "promo": "", "orgPrice": 2.2 }
      },
      "categoryIds": ["w-pantry"],
      "similarProducts": []
    },
    {
      "id": "w-85155-49814521",
      "name": "Chupa Chups Lollipop",
      "brand": "Chupa Chups",
      "imageUrls": "https://cdn0.woolworths.media/content/wowproductimages/large/085155.jpg",
      "storeId": "woolworths",
      "packageSize": "12g single",
      "cupPrice": "$2.92 / 100G",
      "locations": {
        "ALL": {
          "price": 0.35,
          "discountRate": 30,
          "promo": "",
          "orgPrice": 0.5
        }
      },
      "categoryIds": ["w-pantry"],
      "similarProducts": []
    },
    {
      "id": "w-83828-9334714000812",
      "name": "Cobs Pop'd Chips Salt & Vinegar Gluten-free",
      "brand": "Cobs",
      "imageUrls": "https://cdn0.woolworths.media/content/wowproductimages/large/083828.jpg",
      "storeId": "woolworths",
      "packageSize": "110g",
      "cupPrice": "$2.73 / 100G",
      "locations": {
        "ALL": { "price": 3, "discountRate": 25, "promo": "", "orgPrice": 4 }
      },
      "categoryIds": ["w-pantry"],
      "similarProducts": []
    },
    {
      "id": "w-854646-9334714000669",
      "name": "Cobs Pop'd Chips Salt Of The Sea Gl Gluten-free",
      "brand": "Cobs",
      "imageUrls": "https://cdn0.woolworths.media/content/wowproductimages/large/854646.jpg",
      "storeId": "woolworths",
      "packageSize": "110g",
      "cupPrice": "$2.73 / 100G",
      "locations": {
        "ALL": { "price": 3, "discountRate": 25, "promo": "", "orgPrice": 4 }
      },
      "categoryIds": ["w-pantry"],
      "similarProducts": []
    },
    {
      "id": "w-854640-9334714000683",
      "name": "Cobs Pop'd Chips Sour Cream & Chives Gluten-free",
      "brand": "Cobs",
      "imageUrls": "https://cdn0.woolworths.media/content/wowproductimages/large/854640.jpg",
      "storeId": "woolworths",
      "packageSize": "110g",
      "cupPrice": "$2.73 / 100G",
      "locations": {
        "ALL": { "price": 3, "discountRate": 25, "promo": "", "orgPrice": 4 }
      },
      "categoryIds": ["w-pantry"],
      "similarProducts": []
    },
    {
      "id": "w-81782-9345943000184",
      "name": "Cockatoo Grove Organic Australian Extra Virgin Olive Oil",
      "brand": "Cockatoo Grove",
      "imageUrls": "https://cdn0.woolworths.media/content/wowproductimages/large/081782.jpg",
      "storeId": "woolworths",
      "packageSize": "500ml",
      "cupPrice": "$2.00 / 100ML",
      "locations": {
        "ALL": {
          "price": 10,
          "discountRate": 17,
          "promo": "",
          "orgPrice": 12
        }
      },
      "categoryIds": ["w-pantry"],
      "similarProducts": []
    },
    {
      "id": "w-937713-9349580000651",
      "name": "Coco Earth Premium Liquid Coconut Oil",
      "brand": "Coco Earth",
      "imageUrls": "https://cdn0.woolworths.media/content/wowproductimages/large/937713.jpg",
      "storeId": "woolworths",
      "packageSize": "500ml",
      "cupPrice": "$2.20 / 100ML",
      "locations": {
        "ALL": {
          "price": 11,
          "discountRate": 15,
          "promo": "",
          "orgPrice": 13
        }
      },
      "categoryIds": ["w-pantry"],
      "similarProducts": []
    },
    {
      "id": "w-819033-9350845002006",
      "name": "Cocolife Avocado Oil Spray",
      "brand": "Cocolife",
      "imageUrls": "https://cdn0.woolworths.media/content/wowproductimages/large/819033.jpg",
      "storeId": "woolworths",
      "packageSize": "150ml",
      "cupPrice": "$3.27 / 100ML",
      "locations": {
        "ALL": {
          "price": 4.9,
          "discountRate": 25,
          "promo": "",
          "orgPrice": 6.5
        }
      },
      "categoryIds": ["w-pantry"],
      "similarProducts": []
    },
    {
      "id": "w-62064-9335463001280",
      "name": "Connect Foods Organic Lucuma Powder",
      "brand": "Connect Foods",
      "imageUrls": "https://cdn0.woolworths.media/content/wowproductimages/large/062064.jpg",
      "storeId": "woolworths",
      "packageSize": "150g",
      "cupPrice": "$5.00 / 100G",
      "locations": {
        "ALL": {
          "price": 7.5,
          "discountRate": 25,
          "promo": "",
          "orgPrice": 10
        }
      },
      "categoryIds": ["w-pantry"],
      "similarProducts": []
    },
    {
      "id": "w-62865-9335463001303",
      "name": "Connect Foods Roast Black Beans Cocoa & Sea Salt",
      "brand": "Connect Foods",
      "imageUrls": "https://cdn0.woolworths.media/content/wowproductimages/large/062865.jpg",
      "storeId": "woolworths",
      "packageSize": "125g",
      "cupPrice": "$2.40 / 100G",
      "locations": {
        "ALL": { "price": 3, "discountRate": 25, "promo": "", "orgPrice": 4 }
      },
      "categoryIds": ["w-pantry"],
      "similarProducts": []
    },
    {
      "id": "w-62826-9335463001297",
      "name": "Connect Foods Roast Black Beans Pink Himalayan Salt",
      "brand": "Connect Foods",
      "imageUrls": "https://cdn0.woolworths.media/content/wowproductimages/large/062826.jpg",
      "storeId": "woolworths",
      "packageSize": "125g",
      "cupPrice": "$2.40 / 100G",
      "locations": {
        "ALL": { "price": 3, "discountRate": 25, "promo": "", "orgPrice": 4 }
      },
      "categoryIds": ["w-pantry"],
      "similarProducts": []
    },
    {
      "id": "w-62896-9335463001310",
      "name": "Connect Foods Roasted Black Beans Bbq",
      "brand": "Connect Foods",
      "imageUrls": "https://cdn0.woolworths.media/content/wowproductimages/large/062896.jpg",
      "storeId": "woolworths",
      "packageSize": "125g",
      "cupPrice": "$2.40 / 100G",
      "locations": {
        "ALL": { "price": 3, "discountRate": 25, "promo": "", "orgPrice": 4 }
      },
      "categoryIds": ["w-pantry"],
      "similarProducts": []
    },
    {
      "id": "w-64148-9335463001273",
      "name": "Connect Foods Seaweed Chips Mild Chilli",
      "brand": "Connect Foods",
      "imageUrls": "https://cdn0.woolworths.media/content/wowproductimages/large/064148.jpg",
      "storeId": "woolworths",
      "packageSize": "30g",
      "cupPrice": "$10.00 / 100G",
      "locations": {
        "ALL": { "price": 3, "discountRate": 25, "promo": "", "orgPrice": 4 }
      },
      "categoryIds": ["w-pantry"],
      "similarProducts": []
    },
    {
      "id": "w-64322-9335463001266",
      "name": "Connect Foods Seaweed Chips Wasabi",
      "brand": "Connect Foods",
      "imageUrls": "https://cdn0.woolworths.media/content/wowproductimages/large/064322.jpg",
      "storeId": "woolworths",
      "packageSize": "30g",
      "cupPrice": "$10.00 / 100G",
      "locations": {
        "ALL": { "price": 3, "discountRate": 25, "promo": "", "orgPrice": 4 }
      },
      "categoryIds": ["w-pantry"],
      "similarProducts": []
    },
    {
      "id": "w-691507-9300830047321",
      "name": "Continental Cheesy Rice",
      "brand": "Continental",
      "imageUrls": "https://cdn0.woolworths.media/content/wowproductimages/large/691507.jpg",
      "storeId": "woolworths",
      "packageSize": "125g",
      "cupPrice": "$0.80 / 100G",
      "locations": {
        "ALL": {
          "price": 1,
          "discountRate": 52,
          "promo": "",
          "orgPrice": 2.1
        }
      },
      "categoryIds": ["w-pantry"],
      "similarProducts": []
    },
    {
      "id": "w-142839-9300667022850",
      "name": "Continental Cup A Soup Asian Laksa",
      "brand": "Continental",
      "imageUrls": "https://cdn0.woolworths.media/content/wowproductimages/large/142839.jpg",
      "storeId": "woolworths",
      "packageSize": "2 pack",
      "cupPrice": "$1.54 / 100G",
      "locations": {
        "ALL": { "price": 1, "discountRate": 50, "promo": "", "orgPrice": 2 }
      },
      "categoryIds": ["w-pantry"],
      "similarProducts": []
    },
    {
      "id": "w-32924-9300667403017",
      "name": "Continental Cup A Soup Chicken With Lots Of Noodles",
      "brand": "Continental",
      "imageUrls": "https://cdn0.woolworths.media/content/wowproductimages/large/032924.jpg",
      "storeId": "woolworths",
      "packageSize": "2 pack",
      "cupPrice": "$1.67 / 100G",
      "locations": {
        "ALL": { "price": 1, "discountRate": 50, "promo": "", "orgPrice": 2 }
      },
      "categoryIds": ["w-pantry"],
      "similarProducts": []
    },
    {
      "id": "w-166232-9300667025035",
      "name": "Continental Cup A Soup Creamy Chicken With Croutons",
      "brand": "Continental",
      "imageUrls": "https://cdn0.woolworths.media/content/wowproductimages/large/166232.jpg",
      "storeId": "woolworths",
      "packageSize": "2 pack",
      "cupPrice": "$1.67 / 100G",
      "locations": {
        "ALL": { "price": 1, "discountRate": 50, "promo": "", "orgPrice": 2 }
      },
      "categoryIds": ["w-pantry"],
      "similarProducts": []
    },
    {
      "id": "w-54157-9300667016125",
      "name": "Continental Cup A Soup Italian Minestrone",
      "brand": "Continental",
      "imageUrls": "https://cdn0.woolworths.media/content/wowproductimages/large/054157.jpg",
      "storeId": "woolworths",
      "packageSize": "2 pack",
      "cupPrice": "$1.33 / 100G",
      "locations": {
        "ALL": { "price": 1, "discountRate": 50, "promo": "", "orgPrice": 2 }
      },
      "categoryIds": ["w-pantry"],
      "similarProducts": []
    },
    {
      "id": "w-167443-9300667025332",
      "name": "Continental Cup A Soup Asian Thai Red Curry",
      "brand": "Continental",
      "imageUrls": "https://cdn0.woolworths.media/content/wowproductimages/large/167443.jpg",
      "storeId": "woolworths",
      "packageSize": "60g",
      "cupPrice": "$1.67 / 100G",
      "locations": {
        "ALL": { "price": 1, "discountRate": 50, "promo": "", "orgPrice": 2 }
      },
      "categoryIds": ["w-pantry"],
      "similarProducts": []
    },
    {
      "id": "w-32921-9300667405011",
      "name": "Continental Cup A Soup Beef With Lots Noodles",
      "brand": "Continental",
      "imageUrls": "https://cdn0.woolworths.media/content/wowproductimages/large/032921.jpg",
      "storeId": "woolworths",
      "packageSize": "2 pack",
      "cupPrice": "$1.69 / 100G",
      "locations": {
        "ALL": { "price": 1, "discountRate": 50, "promo": "", "orgPrice": 2 }
      },
      "categoryIds": ["w-pantry"],
      "similarProducts": []
    },
    {
      "id": "w-54148-9300667015142",
      "name": "Continental Cup A Soup Chinese Chicken & Corn With Lots Of Noodles",
      "brand": "Continental",
      "imageUrls": "https://cdn0.woolworths.media/content/wowproductimages/large/054148.jpg",
      "storeId": "woolworths",
      "packageSize": "2 pack",
      "cupPrice": "$1.52 / 100G",
      "locations": {
        "ALL": { "price": 1, "discountRate": 50, "promo": "", "orgPrice": 2 }
      },
      "categoryIds": ["w-pantry"],
      "similarProducts": []
    },
    {
      "id": "w-166227-9300667025059",
      "name": "Continental Cup A Soup Creamy Chicken & Corn With Croutons",
      "brand": "Continental",
      "imageUrls": "https://cdn0.woolworths.media/content/wowproductimages/large/166227.jpg",
      "storeId": "woolworths",
      "packageSize": "2 pack",
      "cupPrice": "$1.67 / 100G",
      "locations": {
        "ALL": { "price": 1, "discountRate": 50, "promo": "", "orgPrice": 2 }
      },
      "categoryIds": ["w-pantry"],
      "similarProducts": []
    },
    {
      "id": "w-26649-9300667403055",
      "name": "Continental Cup A Soup Creamy Chicken With Lots Of Noodles",
      "brand": "Continental",
      "imageUrls": "https://cdn0.woolworths.media/content/wowproductimages/large/026649.jpg",
      "storeId": "woolworths",
      "packageSize": "2 pack",
      "cupPrice": "$1.67 / 100G",
      "locations": {
        "ALL": { "price": 1, "discountRate": 50, "promo": "", "orgPrice": 2 }
      },
      "categoryIds": ["w-pantry"],
      "similarProducts": []
    },
    {
      "id": "w-97941-9300667016255",
      "name": "Continental Cup A Soup Creamy Garden Vegetable 2 Pack",
      "brand": "Continental",
      "imageUrls": "https://cdn0.woolworths.media/content/wowproductimages/large/097941.jpg",
      "storeId": "woolworths",
      "packageSize": "2 pack",
      "cupPrice": "$1.43 / 100G",
      "locations": {
        "ALL": { "price": 1, "discountRate": 50, "promo": "", "orgPrice": 2 }
      },
      "categoryIds": ["w-pantry"],
      "similarProducts": []
    },
    {
      "id": "w-166239-9300667024991",
      "name": "Continental Cup A Soup Creamy Mushroom With Croutons",
      "brand": "Continental",
      "imageUrls": "https://cdn0.woolworths.media/content/wowproductimages/large/166239.jpg",
      "storeId": "woolworths",
      "packageSize": "2 pack",
      "cupPrice": "$2.00 / 100G",
      "locations": {
        "ALL": { "price": 1, "discountRate": 50, "promo": "", "orgPrice": 2 }
      },
      "categoryIds": ["w-pantry"],
      "similarProducts": []
    },
    {
      "id": "w-257657-9300667038073",
      "name": "Continental Cup A Soup Dutch Curry With Rice",
      "brand": "Continental",
      "imageUrls": "https://cdn0.woolworths.media/content/wowproductimages/large/257657.jpg",
      "storeId": "woolworths",
      "packageSize": "2 pack",
      "cupPrice": "$1.82 / 100G",
      "locations": {
        "ALL": { "price": 1, "discountRate": 50, "promo": "", "orgPrice": 2 }
      },
      "categoryIds": ["w-pantry"],
      "similarProducts": []
    },
    {
      "id": "w-320302-9300667042308",
      "name": "Continental Cup A Soup Hearty Pea & Ham",
      "brand": "Continental",
      "imageUrls": "https://cdn0.woolworths.media/content/wowproductimages/large/320302.jpg",
      "storeId": "woolworths",
      "packageSize": "2 pack",
      "cupPrice": "$1.92 / 100G",
      "locations": {
        "ALL": { "price": 1, "discountRate": 50, "promo": "", "orgPrice": 2 }
      },
      "categoryIds": ["w-pantry"],
      "similarProducts": []
    },
    {
      "id": "w-19158-9300667016231",
      "name": "Continental Cup A Soup Hearty Roast Chicken",
      "brand": "Continental",
      "imageUrls": "https://cdn0.woolworths.media/content/wowproductimages/large/019158.jpg",
      "storeId": "woolworths",
      "packageSize": "2 pack",
      "cupPrice": "$1.33 / 100G",
      "locations": {
        "ALL": { "price": 1, "discountRate": 50, "promo": "", "orgPrice": 2 }
      },
      "categoryIds": ["w-pantry"],
      "similarProducts": []
    },
    {
      "id": "w-433428-9300830037452",
      "name": "Continental Cup A Soup Homestyle Pumpkin",
      "brand": "Continental",
      "imageUrls": "https://cdn0.woolworths.media/content/wowproductimages/large/433428.jpg",
      "storeId": "woolworths",
      "packageSize": "61g",
      "cupPrice": "$1.64 / 100G",
      "locations": {
        "ALL": { "price": 1, "discountRate": 50, "promo": "", "orgPrice": 2 }
      },
      "categoryIds": ["w-pantry"],
      "similarProducts": []
    },
    {
      "id": "w-76474-9300667402126",
      "name": "Continental Cup A Soup Instant Soup Hearty Vegetable & Beef",
      "brand": "Continental",
      "imageUrls": "https://cdn0.woolworths.media/content/wowproductimages/large/076474.jpg",
      "storeId": "woolworths",
      "packageSize": "2 pack",
      "cupPrice": "$1.54 / 100G",
      "locations": {
        "ALL": { "price": 1, "discountRate": 50, "promo": "", "orgPrice": 2 }
      },
      "categoryIds": ["w-pantry"],
      "similarProducts": []
    },
    {
      "id": "w-13674-9300667005938",
      "name": "Continental Cup A Soup Mild Chicken Curry With Lots Of Noodles",
      "brand": "Continental",
      "imageUrls": "https://cdn0.woolworths.media/content/wowproductimages/large/013674.jpg",
      "storeId": "woolworths",
      "packageSize": "2 pack",
      "cupPrice": "$1.72 / 100G",
      "locations": {
        "ALL": { "price": 1, "discountRate": 50, "promo": "", "orgPrice": 2 }
      },
      "categoryIds": ["w-pantry"],
      "similarProducts": []
    },
    {
      "id": "w-828451-9300830024049",
      "name": "Continental Cup A Soup Pepper Steak & Mushroom With Croutons",
      "brand": "Continental",
      "imageUrls": "https://cdn0.woolworths.media/content/wowproductimages/large/828451.jpg",
      "storeId": "woolworths",
      "packageSize": "52g",
      "cupPrice": "$1.92 / 100G",
      "locations": {
        "ALL": { "price": 1, "discountRate": 50, "promo": "", "orgPrice": 2 }
      },
      "categoryIds": ["w-pantry"],
      "similarProducts": []
    },
    {
      "id": "w-828452-9300830024032",
      "name": "Continental Cup A Soup Tasty Tomato",
      "brand": "Continental",
      "imageUrls": "https://cdn0.woolworths.media/content/wowproductimages/large/828452.jpg",
      "storeId": "woolworths",
      "packageSize": "54g",
      "cupPrice": "$1.85 / 100G",
      "locations": {
        "ALL": { "price": 1, "discountRate": 50, "promo": "", "orgPrice": 2 }
      },
      "categoryIds": ["w-pantry"],
      "similarProducts": []
    },
    {
      "id": "w-141917-9300667022416",
      "name": "Continental Flavoured Rice Chicken",
      "brand": "Continental",
      "imageUrls": "https://cdn0.woolworths.media/content/wowproductimages/large/141917.jpg",
      "storeId": "woolworths",
      "packageSize": "120g",
      "cupPrice": "$0.83 / 100G",
      "locations": {
        "ALL": {
          "price": 1,
          "discountRate": 52,
          "promo": "",
          "orgPrice": 2.1
        }
      },
      "categoryIds": ["w-pantry"],
      "similarProducts": []
    },
    {
      "id": "w-433427-9300830037476",
      "name": "Continental Homestyle Chicken Noodle",
      "brand": "Continental",
      "imageUrls": "https://cdn0.woolworths.media/content/wowproductimages/large/433427.jpg",
      "storeId": "woolworths",
      "packageSize": "2 pack",
      "cupPrice": "$2.50 / 100G",
      "locations": {
        "ALL": { "price": 1, "discountRate": 50, "promo": "", "orgPrice": 2 }
      },
      "categoryIds": ["w-pantry"],
      "similarProducts": []
    },
    {
      "id": "w-678702-9300830045259",
      "name": "Continental Liquid Beef Stock",
      "brand": "Continental",
      "imageUrls": "https://cdn0.woolworths.media/content/wowproductimages/large/678702.jpg",
      "storeId": "woolworths",
      "packageSize": "1l",
      "cupPrice": "$0.20 / 100ML",
      "locations": {
        "ALL": { "price": 2, "discountRate": 50, "promo": "", "orgPrice": 4 }
      },
      "categoryIds": ["w-pantry"],
      "similarProducts": []
    },
    {
      "id": "w-678703-9300830045266",
      "name": "Continental Liquid Chicken Stock",
      "brand": "Continental",
      "imageUrls": "https://cdn0.woolworths.media/content/wowproductimages/large/678703.jpg",
      "storeId": "woolworths",
      "packageSize": "1l",
      "cupPrice": "$0.20 / 100ML",
      "locations": {
        "ALL": { "price": 2, "discountRate": 50, "promo": "", "orgPrice": 4 }
      },
      "categoryIds": ["w-pantry"],
      "similarProducts": []
    },
    {
      "id": "w-678657-9300830045280",
      "name": "Continental Liquid Chicken Stock Salt Reduced",
      "brand": "Continental",
      "imageUrls": "https://cdn0.woolworths.media/content/wowproductimages/large/678657.jpg",
      "storeId": "woolworths",
      "packageSize": "1l",
      "cupPrice": "$0.20 / 100ML",
      "locations": {
        "ALL": { "price": 2, "discountRate": 50, "promo": "", "orgPrice": 4 }
      },
      "categoryIds": ["w-pantry"],
      "similarProducts": []
    },
    {
      "id": "w-81974-9300830058419",
      "name": "Continental Nutrish Soup A Bit Corny",
      "brand": "Continental",
      "imageUrls": "https://cdn0.woolworths.media/content/wowproductimages/large/081974.jpg",
      "storeId": "woolworths",
      "packageSize": "27g",
      "cupPrice": "$3.70 / 100G",
      "locations": {
        "ALL": { "price": 1, "discountRate": 50, "promo": "", "orgPrice": 2 }
      },
      "categoryIds": ["w-pantry"],
      "similarProducts": []
    },
    {
      "id": "w-82802-9300830058389",
      "name": "Continental Nutrish Soup Feeling Clucky",
      "brand": "Continental",
      "imageUrls": "https://cdn0.woolworths.media/content/wowproductimages/large/082802.jpg",
      "storeId": "woolworths",
      "packageSize": "33g",
      "cupPrice": "$3.03 / 100G",
      "locations": {
        "ALL": { "price": 1, "discountRate": 50, "promo": "", "orgPrice": 2 }
      },
      "categoryIds": ["w-pantry"],
      "similarProducts": []
    },
    {
      "id": "w-81631-9300830058365",
      "name": "Continental Nutrish Soup On The Pulse",
      "brand": "Continental",
      "imageUrls": "https://cdn0.woolworths.media/content/wowproductimages/large/081631.jpg",
      "storeId": "woolworths",
      "packageSize": "30g",
      "cupPrice": "$3.33 / 100G",
      "locations": {
        "ALL": { "price": 1, "discountRate": 50, "promo": "", "orgPrice": 2 }
      },
      "categoryIds": ["w-pantry"],
      "similarProducts": []
    },
    {
      "id": "w-82555-9300830058358",
      "name": "Continental Nutrish Soup Peas Be Mine",
      "brand": "Continental",
      "imageUrls": "https://cdn0.woolworths.media/content/wowproductimages/large/082555.jpg",
      "storeId": "woolworths",
      "packageSize": "30g",
      "cupPrice": "$3.33 / 100G",
      "locations": {
        "ALL": { "price": 1, "discountRate": 50, "promo": "", "orgPrice": 2 }
      },
      "categoryIds": ["w-pantry"],
      "similarProducts": []
    },
    {
      "id": "w-82287-9300830058402",
      "name": "Continental Nutrish Soup Smash'n Pump-kin",
      "brand": "Continental",
      "imageUrls": "https://cdn0.woolworths.media/content/wowproductimages/large/082287.jpg",
      "storeId": "woolworths",
      "packageSize": "33g",
      "cupPrice": "$3.03 / 100G",
      "locations": {
        "ALL": { "price": 1, "discountRate": 50, "promo": "", "orgPrice": 2 }
      },
      "categoryIds": ["w-pantry"],
      "similarProducts": []
    },
    {
      "id": "w-78680-9300830058396",
      "name": "Continental Nutrish Soup Sweet Beets Soup",
      "brand": "Continental",
      "imageUrls": "https://cdn0.woolworths.media/content/wowproductimages/large/078680.jpg",
      "storeId": "woolworths",
      "packageSize": "30g",
      "cupPrice": "$3.33 / 100G",
      "locations": {
        "ALL": { "price": 1, "discountRate": 50, "promo": "", "orgPrice": 2 }
      },
      "categoryIds": ["w-pantry"],
      "similarProducts": []
    },
    {
      "id": "w-82824-9300830058372",
      "name": "Continental Nutrish Soup Tickle Me Purple",
      "brand": "Continental",
      "imageUrls": "https://cdn0.woolworths.media/content/wowproductimages/large/082824.jpg",
      "storeId": "woolworths",
      "packageSize": "30g",
      "cupPrice": "$3.33 / 100G",
      "locations": {
        "ALL": { "price": 1, "discountRate": 50, "promo": "", "orgPrice": 2 }
      },
      "categoryIds": ["w-pantry"],
      "similarProducts": []
    },
    {
      "id": "w-230945-9300667035089",
      "name": "Continental Pasta & Sauce Alfredo",
      "brand": "Continental",
      "imageUrls": "https://cdn0.woolworths.media/content/wowproductimages/large/230945.jpg",
      "storeId": "woolworths",
      "packageSize": "85g",
      "cupPrice": "$1.18 / 100G",
      "locations": {
        "ALL": {
          "price": 1,
          "discountRate": 52,
          "promo": "",
          "orgPrice": 2.1
        }
      },
      "categoryIds": ["w-pantry"],
      "similarProducts": []
    },
    {
      "id": "w-763882-9300830018468",
      "name": "Continental Pasta & Sauce Alfredo Garlic & Herb",
      "brand": "Continental",
      "imageUrls": "https://cdn0.woolworths.media/content/wowproductimages/large/763882.jpg",
      "storeId": "woolworths",
      "packageSize": "85g",
      "cupPrice": "$1.18 / 100G",
      "locations": {
        "ALL": {
          "price": 1,
          "discountRate": 52,
          "promo": "",
          "orgPrice": 2.1
        }
      },
      "categoryIds": ["w-pantry"],
      "similarProducts": []
    },
    {
      "id": "w-230942-9300667035034",
      "name": "Continental Pasta & Sauce Chicken Curry",
      "brand": "Continental",
      "imageUrls": "https://cdn0.woolworths.media/content/wowproductimages/large/230942.jpg",
      "storeId": "woolworths",
      "packageSize": "90g",
      "cupPrice": "$1.11 / 100G",
      "locations": {
        "ALL": {
          "price": 1,
          "discountRate": 52,
          "promo": "",
          "orgPrice": 2.1
        }
      },
      "categoryIds": ["w-pantry"],
      "similarProducts": []
    },
    {
      "id": "w-230946-9300667035065",
      "name": "Continental Pasta & Sauce Creamy Bacon Carbonara",
      "brand": "Continental",
      "imageUrls": "https://cdn0.woolworths.media/content/wowproductimages/large/230946.jpg",
      "storeId": "woolworths",
      "packageSize": "85g",
      "cupPrice": "$1.18 / 100G",
      "locations": {
        "ALL": {
          "price": 1,
          "discountRate": 52,
          "promo": "",
          "orgPrice": 2.1
        }
      },
      "categoryIds": ["w-pantry"],
      "similarProducts": []
    },
    {
      "id": "w-230941-9300667035027",
      "name": "Continental Pasta & Sauce Macaroni Cheese",
      "brand": "Continental",
      "imageUrls": "https://cdn0.woolworths.media/content/wowproductimages/large/230941.jpg",
      "storeId": "woolworths",
      "packageSize": "105g",
      "cupPrice": "$0.87 / 100G",
      "locations": {
        "ALL": {
          "price": 1,
          "discountRate": 52,
          "promo": "",
          "orgPrice": 2.1
        }
      },
      "categoryIds": ["w-pantry"],
      "similarProducts": []
    },
    {
      "id": "w-230924-9300667035072",
      "name": "Continental Pasta & Sauce Sour Cream & Chives",
      "brand": "Continental",
      "imageUrls": "https://cdn0.woolworths.media/content/wowproductimages/large/230924.jpg",
      "storeId": "woolworths",
      "packageSize": "85g",
      "cupPrice": "$1.18 / 100G",
      "locations": {
        "ALL": {
          "price": 1,
          "discountRate": 52,
          "promo": "",
          "orgPrice": 2.1
        }
      },
      "categoryIds": ["w-pantry"],
      "similarProducts": []
    },
    {
      "id": "w-62965-9300667006980",
      "name": "Continental Rice Oriental",
      "brand": "Continental",
      "imageUrls": "https://cdn0.woolworths.media/content/wowproductimages/large/062965.jpg",
      "storeId": "woolworths",
      "packageSize": "115g",
      "cupPrice": "$0.87 / 100G",
      "locations": {
        "ALL": {
          "price": 1,
          "discountRate": 52,
          "promo": "",
          "orgPrice": 2.1
        }
      },
      "categoryIds": ["w-pantry"],
      "similarProducts": []
    },
    {
      "id": "w-716233-9300830008124",
      "name": "Continental Salt Reduced Chicken Stock Pot",
      "brand": "Continental",
      "imageUrls": "https://cdn0.woolworths.media/content/wowproductimages/large/716233.jpg",
      "storeId": "woolworths",
      "packageSize": "112g",
      "cupPrice": "$0.27 / 10G",
      "locations": {
        "ALL": {
          "price": 3,
          "discountRate": 14,
          "promo": "",
          "orgPrice": 3.5
        }
      },
      "categoryIds": ["w-pantry"],
      "similarProducts": []
    },
    {
      "id": "w-373172-9300830002320",
      "name": "Continental Stock Pot Beef",
      "brand": "Continental",
      "imageUrls": "https://cdn0.woolworths.media/content/wowproductimages/large/373172.jpg",
      "storeId": "woolworths",
      "packageSize": "28g",
      "cupPrice": "$0.27 / 10G",
      "locations": {
        "ALL": {
          "price": 3,
          "discountRate": 14,
          "promo": "",
          "orgPrice": 3.5
        }
      },
      "categoryIds": ["w-pantry"],
      "similarProducts": []
    },
    {
      "id": "w-373176-9300830002337",
      "name": "Continental Stock Pot Chicken",
      "brand": "Continental",
      "imageUrls": "https://cdn0.woolworths.media/content/wowproductimages/large/373176.jpg",
      "storeId": "woolworths",
      "packageSize": "4pk 28g",
      "cupPrice": "$0.27 / 10G",
      "locations": {
        "ALL": {
          "price": 3,
          "discountRate": 14,
          "promo": "",
          "orgPrice": 3.5
        }
      },
      "categoryIds": ["w-pantry"],
      "similarProducts": []
    },
    {
      "id": "w-678656-9300830045273",
      "name": "Continental Liquid Vegetable Stock",
      "brand": "Continental",
      "imageUrls": "https://cdn0.woolworths.media/content/wowproductimages/large/678656.jpg",
      "storeId": "woolworths",
      "packageSize": "1l",
      "cupPrice": "$0.20 / 100ML",
      "locations": {
        "ALL": { "price": 2, "discountRate": 50, "promo": "", "orgPrice": 4 }
      },
      "categoryIds": ["w-pantry"],
      "similarProducts": []
    },
    {
      "id": "w-99091-93219457",
      "name": "Crisco Canola Oil",
      "brand": "Crisco",
      "imageUrls": "https://cdn0.woolworths.media/content/wowproductimages/large/099091.jpg",
      "storeId": "woolworths",
      "packageSize": "750ml",
      "cupPrice": "$0.46 / 100ML",
      "locations": {
        "ALL": {
          "price": 3.45,
          "discountRate": 10,
          "promo": "",
          "orgPrice": 3.85
        }
      },
      "categoryIds": ["w-pantry"],
      "similarProducts": []
    },
    {
      "id": "w-39950-93215930",
      "name": "Crisco Sunflower Oil",
      "brand": "Crisco",
      "imageUrls": "https://cdn0.woolworths.media/content/wowproductimages/large/039950.jpg",
      "storeId": "woolworths",
      "packageSize": "750ml",
      "cupPrice": "$0.53 / 100ML",
      "locations": {
        "ALL": {
          "price": 4,
          "discountRate": 11,
          "promo": "",
          "orgPrice": 4.5
        }
      },
      "categoryIds": ["w-pantry"],
      "similarProducts": []
    },
    {
      "id": "w-32991-93215923",
      "name": "Crisco Vegetable Blended Oil",
      "brand": "Crisco",
      "imageUrls": "https://cdn0.woolworths.media/content/wowproductimages/large/032991.jpg",
      "storeId": "woolworths",
      "packageSize": "750ml",
      "cupPrice": "$0.46 / 100ML",
      "locations": {
        "ALL": {
          "price": 3.45,
          "discountRate": 10,
          "promo": "",
          "orgPrice": 3.85
        }
      },
      "categoryIds": ["w-pantry"],
      "similarProducts": []
    },
    {
      "id": "w-61261-9310881911335",
      "name": "Darrell Lea Soft Centre Gift Box",
      "brand": "Darrell Lea",
      "imageUrls": "https://cdn0.woolworths.media/content/wowproductimages/large/061261.jpg",
      "storeId": "woolworths",
      "packageSize": "255g",
      "cupPrice": "$3.53 / 100G",
      "locations": {
        "ALL": { "price": 9, "discountRate": 40, "promo": "", "orgPrice": 15 }
      },
      "categoryIds": ["w-pantry"],
      "similarProducts": []
    },
    {
      "id": "w-57478-9353323000402",
      "name": "Deliciou Bacon Seasoning Original Original",
      "brand": "Deliciou",
      "imageUrls": "https://cdn0.woolworths.media/content/wowproductimages/large/057478.jpg",
      "storeId": "woolworths",
      "packageSize": "55g",
      "cupPrice": "$0.82 / 10G",
      "locations": {
        "ALL": {
          "price": 4.5,
          "discountRate": 18,
          "promo": "",
          "orgPrice": 5.5
        }
      },
      "categoryIds": ["w-pantry"],
      "similarProducts": []
    },
    {
      "id": "w-780101-38900014759",
      "name": "Dole Pineapple Premium Tropical Chunks",
      "brand": "Dole",
      "imageUrls": "https://cdn0.woolworths.media/content/wowproductimages/large/780101.jpg",
      "storeId": "woolworths",
      "packageSize": "432g",
      "cupPrice": "$4.17 / 1KG",
      "locations": {
        "ALL": {
          "price": 1.8,
          "discountRate": 18,
          "promo": "",
          "orgPrice": 2.2
        }
      },
      "categoryIds": ["w-pantry"],
      "similarProducts": []
    },
    {
      "id": "w-780106-38900012113",
      "name": "Dole Pineapple Premium Tropical Slices",
      "brand": "Dole",
      "imageUrls": "https://cdn0.woolworths.media/content/wowproductimages/large/780106.jpg",
      "storeId": "woolworths",
      "packageSize": "432g",
      "cupPrice": "$4.17 / 1KG",
      "locations": {
        "ALL": {
          "price": 1.8,
          "discountRate": 18,
          "promo": "",
          "orgPrice": 2.2
        }
      },
      "categoryIds": ["w-pantry"],
      "similarProducts": []
    },
    {
      "id": "w-841337-38900004545",
      "name": "Dole Premium Crushed Pineapple",
      "brand": "Dole",
      "imageUrls": "https://cdn0.woolworths.media/content/wowproductimages/large/841337.jpg",
      "storeId": "woolworths",
      "packageSize": "432g",
      "cupPrice": "$4.17 / 1KG",
      "locations": {
        "ALL": {
          "price": 1.8,
          "discountRate": 18,
          "promo": "",
          "orgPrice": 2.2
        }
      },
      "categoryIds": ["w-pantry"],
      "similarProducts": []
    },
    {
      "id": "w-841347-38900012779",
      "name": "Dole Premium Pineapple Slices In Syrup",
      "brand": "Dole",
      "imageUrls": "https://cdn0.woolworths.media/content/wowproductimages/large/841347.jpg",
      "storeId": "woolworths",
      "packageSize": "439g",
      "cupPrice": "$4.10 / 1KG",
      "locations": {
        "ALL": {
          "price": 1.8,
          "discountRate": 18,
          "promo": "",
          "orgPrice": 2.2
        }
      },
      "categoryIds": ["w-pantry"],
      "similarProducts": []
    },
    {
      "id": "w-841349-38900014889",
      "name": "Dole Premium Tropical Pineapple Chunks In Syrup",
      "brand": "Dole",
      "imageUrls": "https://cdn0.woolworths.media/content/wowproductimages/large/841349.jpg",
      "storeId": "woolworths",
      "packageSize": "439g",
      "cupPrice": "$4.10 / 1KG",
      "locations": {
        "ALL": {
          "price": 1.8,
          "discountRate": 18,
          "promo": "",
          "orgPrice": 2.2
        }
      },
      "categoryIds": ["w-pantry"],
      "similarProducts": []
    },
    {
      "id": "w-83261-9310331475561",
      "name": "Dollar Sweets Chocolate 100s & 1000s",
      "brand": "Dollar Sweets",
      "imageUrls": "https://cdn0.woolworths.media/content/wowproductimages/large/083261.jpg",
      "storeId": "woolworths",
      "packageSize": "130g",
      "cupPrice": "$2.69 / 100G",
      "locations": {
        "ALL": {
          "price": 3.5,
          "discountRate": 30,
          "promo": "",
          "orgPrice": 5
        }
      },
      "categoryIds": ["w-pantry"],
      "similarProducts": []
    },
    {
      "id": "w-83249-9310331475554",
      "name": "Dollar Sweets Tutti Frutti Sprinkles",
      "brand": "Dollar Sweets",
      "imageUrls": "https://cdn0.woolworths.media/content/wowproductimages/large/083249.jpg",
      "storeId": "woolworths",
      "packageSize": "110g",
      "cupPrice": "$3.18 / 100G",
      "locations": {
        "ALL": {
          "price": 3.5,
          "discountRate": 30,
          "promo": "",
          "orgPrice": 5
        }
      },
      "categoryIds": ["w-pantry"],
      "similarProducts": []
    },
    {
      "id": "w-520649-8020927001029",
      "name": "Dollevi Classic Olive Oil",
      "brand": "Dollevi",
      "imageUrls": "https://cdn0.woolworths.media/content/wowproductimages/large/520649.jpg",
      "storeId": "woolworths",
      "packageSize": "4l",
      "cupPrice": "$0.55 / 100ML",
      "locations": {
        "ALL": { "price": 22, "discountRate": 8, "promo": "", "orgPrice": 24 }
      },
      "categoryIds": ["w-pantry"],
      "similarProducts": []
    },
    {
      "id": "w-758447-9310012039952",
      "name": "Dolmio Creamy Carbonara Pasta Sauce",
      "brand": "Dolmio",
      "imageUrls": "https://cdn0.woolworths.media/content/wowproductimages/large/758447.jpg",
      "storeId": "woolworths",
      "packageSize": "490g",
      "cupPrice": "$0.59 / 100G",
      "locations": {
        "ALL": {
          "price": 2.9,
          "discountRate": 12,
          "promo": "",
          "orgPrice": 3.3
        }
      },
      "categoryIds": ["w-pantry"],
      "similarProducts": []
    },
    {
      "id": "w-758286-9310012038771",
      "name": "Dolmio Extra Bolognese Tomato Pasta Sauce",
      "brand": "Dolmio",
      "imageUrls": "https://cdn0.woolworths.media/content/wowproductimages/large/758286.jpg",
      "storeId": "woolworths",
      "packageSize": "500g",
      "cupPrice": "$0.58 / 100G",
      "locations": {
        "ALL": {
          "price": 2.9,
          "discountRate": 12,
          "promo": "",
          "orgPrice": 3.3
        }
      },
      "categoryIds": ["w-pantry"],
      "similarProducts": []
    },
    {
      "id": "w-758313-9310012039617",
      "name": "Dolmio Extra Garden Vegetables Tomato Pasta Sauce",
      "brand": "Dolmio",
      "imageUrls": "https://cdn0.woolworths.media/content/wowproductimages/large/758313.jpg",
      "storeId": "woolworths",
      "packageSize": "500g",
      "cupPrice": "$0.58 / 100G",
      "locations": {
        "ALL": {
          "price": 2.9,
          "discountRate": 12,
          "promo": "",
          "orgPrice": 3.3
        }
      },
      "categoryIds": ["w-pantry"],
      "similarProducts": []
    },
    {
      "id": "w-758322-9310012039679",
      "name": "Dolmio Extra Garlic Tomato Pasta Sauce",
      "brand": "Dolmio",
      "imageUrls": "https://cdn0.woolworths.media/content/wowproductimages/large/758322.jpg",
      "storeId": "woolworths",
      "packageSize": "500g",
      "cupPrice": "$0.58 / 100G",
      "locations": {
        "ALL": {
          "price": 2.9,
          "discountRate": 12,
          "promo": "",
          "orgPrice": 3.3
        }
      },
      "categoryIds": ["w-pantry"],
      "similarProducts": []
    },
    {
      "id": "w-758314-9310012039556",
      "name": "Dolmio Extra Italian Herbs Tomato Pasta Sauce",
      "brand": "Dolmio",
      "imageUrls": "https://cdn0.woolworths.media/content/wowproductimages/large/758314.jpg",
      "storeId": "woolworths",
      "packageSize": "500g",
      "cupPrice": "$0.58 / 100G",
      "locations": {
        "ALL": {
          "price": 2.9,
          "discountRate": 12,
          "promo": "",
          "orgPrice": 3.3
        }
      },
      "categoryIds": ["w-pantry"],
      "similarProducts": []
    },
    {
      "id": "w-758288-9310012039648",
      "name": "Dolmio Extra Red Wine & Italian Herbs Tomato Pasta Sauce",
      "brand": "Dolmio",
      "imageUrls": "https://cdn0.woolworths.media/content/wowproductimages/large/758288.jpg",
      "storeId": "woolworths",
      "packageSize": "500g",
      "cupPrice": "$0.58 / 100G",
      "locations": {
        "ALL": {
          "price": 2.9,
          "discountRate": 12,
          "promo": "",
          "orgPrice": 3.3
        }
      },
      "categoryIds": ["w-pantry"],
      "similarProducts": []
    },
    {
      "id": "w-758299-9310012039488",
      "name": "Dolmio Extra Spicy Peppers Tomato Pasta Sauce",
      "brand": "Dolmio",
      "imageUrls": "https://cdn0.woolworths.media/content/wowproductimages/large/758299.jpg",
      "storeId": "woolworths",
      "packageSize": "500g",
      "cupPrice": "$0.58 / 100G",
      "locations": {
        "ALL": {
          "price": 2.9,
          "discountRate": 12,
          "promo": "",
          "orgPrice": 3.3
        }
      },
      "categoryIds": ["w-pantry"],
      "similarProducts": []
    },
    {
      "id": "w-758342-9310012039587",
      "name": "Dolmio Extra Tomato Onion & Roast Garlic Pasta Sauce",
      "brand": "Dolmio",
      "imageUrls": "https://cdn0.woolworths.media/content/wowproductimages/large/758342.jpg",
      "storeId": "woolworths",
      "packageSize": "500g",
      "cupPrice": "$0.58 / 100G",
      "locations": {
        "ALL": {
          "price": 2.9,
          "discountRate": 12,
          "promo": "",
          "orgPrice": 3.3
        }
      },
      "categoryIds": ["w-pantry"],
      "similarProducts": [
        {
          "productId": "dolmio-extra-pasta-sauce-tomato-onion-garlic",
          "storeId": "coles"
        }
      ]
    },
    {
      "id": "w-758316-9310012039396",
      "name": "Dolmio Extra Tomato, Onion & Garlic Salt Reduced Pasta Sauce",
      "brand": "Dolmio",
      "imageUrls": "https://cdn0.woolworths.media/content/wowproductimages/large/758316.jpg",
      "storeId": "woolworths",
      "packageSize": "500g",
      "cupPrice": "$0.58 / 100G",
      "locations": {
        "ALL": {
          "price": 2.9,
          "discountRate": 12,
          "promo": "",
          "orgPrice": 3.3
        }
      },
      "categoryIds": ["w-pantry"],
      "similarProducts": []
    },
    {
      "id": "w-89173-9310012057918",
      "name": "Dolmio Hidden Veg Tomato Pasta Sauce",
      "brand": "Dolmio",
      "imageUrls": "https://cdn0.woolworths.media/content/wowproductimages/large/089173.jpg",
      "storeId": "woolworths",
      "packageSize": "500g",
      "cupPrice": "$0.58 / 100G",
      "locations": {
        "ALL": {
          "price": 2.9,
          "discountRate": 12,
          "promo": "",
          "orgPrice": 3.3
        }
      },
      "categoryIds": ["w-pantry"],
      "similarProducts": []
    },
    {
      "id": "w-758350-9310012040231",
      "name": "Dolmio Lasagne Bechamel Sauce",
      "brand": "Dolmio",
      "imageUrls": "https://cdn0.woolworths.media/content/wowproductimages/large/758350.jpg",
      "storeId": "woolworths",
      "packageSize": "490g",
      "cupPrice": "$0.55 / 100G",
      "locations": {
        "ALL": {
          "price": 2.7,
          "discountRate": 10,
          "promo": "",
          "orgPrice": 3
        }
      },
      "categoryIds": ["w-pantry"],
      "similarProducts": []
    },
    {
      "id": "w-758396-9310012040057",
      "name": "Dolmio Three Cheese Pasta Bake Sauce",
      "brand": "Dolmio",
      "imageUrls": "https://cdn0.woolworths.media/content/wowproductimages/large/758396.jpg",
      "storeId": "woolworths",
      "packageSize": "490g",
      "cupPrice": "$0.55 / 100G",
      "locations": {
        "ALL": {
          "price": 2.7,
          "discountRate": 10,
          "promo": "",
          "orgPrice": 3
        }
      },
      "categoryIds": ["w-pantry"],
      "similarProducts": []
    },
    {
      "id": "w-758340-9310012039983",
      "name": "Dolmio Tuna Bake Pasta Bake Sauce",
      "brand": "Dolmio",
      "imageUrls": "https://cdn0.woolworths.media/content/wowproductimages/large/758340.jpg",
      "storeId": "woolworths",
      "packageSize": "495g",
      "cupPrice": "$0.55 / 100G",
      "locations": {
        "ALL": {
          "price": 2.7,
          "discountRate": 10,
          "promo": "",
          "orgPrice": 3
        }
      },
      "categoryIds": ["w-pantry"],
      "similarProducts": []
    },
    {
      "id": "w-758425-9310012040149",
      "name": "Dolmio Pasta Bake Creamy Tomato & Mozzarella",
      "brand": "Dolmio",
      "imageUrls": "https://cdn0.woolworths.media/content/wowproductimages/large/758425.jpg",
      "storeId": "woolworths",
      "packageSize": "495g",
      "cupPrice": "$0.55 / 100G",
      "locations": {
        "ALL": {
          "price": 2.7,
          "discountRate": 10,
          "promo": "",
          "orgPrice": 3
        }
      },
      "categoryIds": ["w-pantry"],
      "similarProducts": []
    },
    {
      "id": "w-83161-9310015248436",
      "name": "Doritos Grilled Cheese Burger Chips",
      "brand": "Doritos",
      "imageUrls": "https://cdn0.woolworths.media/content/wowproductimages/large/083161.jpg",
      "storeId": "woolworths",
      "packageSize": "150g",
      "cupPrice": "$1.40 / 100G",
      "locations": {
        "ALL": {
          "price": 2.1,
          "discountRate": 40,
          "promo": "2 for $7.00",
          "orgPrice": 3.5
        }
      },
      "categoryIds": ["w-pantry"],
      "similarProducts": []
    },
    {
      "id": "w-96024-9310015249426",
      "name": "Doritos Mountain Dew",
      "brand": "Doritos",
      "imageUrls": "https://cdn0.woolworths.media/content/wowproductimages/large/096024.jpg",
      "storeId": "woolworths",
      "packageSize": "150g",
      "cupPrice": "$1.17 / 100G",
      "locations": {
        "ALL": {
          "price": 1.75,
          "discountRate": 50,
          "promo": "2 for $7.00",
          "orgPrice": 3.5
        }
      },
      "categoryIds": ["w-pantry"],
      "similarProducts": []
    },
    {
      "id": "w-85468-5018357013098",
      "name": "Dorset Berry Granola",
      "brand": "Dorset",
      "imageUrls": "https://cdn0.woolworths.media/content/wowproductimages/large/085468.jpg",
      "storeId": "woolworths",
      "packageSize": "450g",
      "cupPrice": "$0.78 / 100G",
      "locations": {
        "ALL": {
          "price": 3.5,
          "discountRate": 50,
          "promo": "",
          "orgPrice": 7
        }
      },
      "categoryIds": ["w-pantry"],
      "similarProducts": []
    },
    {
      "id": "w-85597-5018357013012",
      "name": "Dorset Honey Granola",
      "brand": "Dorset",
      "imageUrls": "https://cdn0.woolworths.media/content/wowproductimages/large/085597.jpg",
      "storeId": "woolworths",
      "packageSize": "450g",
      "cupPrice": "$0.78 / 100G",
      "locations": {
        "ALL": {
          "price": 3.5,
          "discountRate": 50,
          "promo": "",
          "orgPrice": 7
        }
      },
      "categoryIds": ["w-pantry"],
      "similarProducts": []
    },
    {
      "id": "w-85470-5018357013074",
      "name": "Dorset Nut Granola",
      "brand": "Dorset",
      "imageUrls": "https://cdn0.woolworths.media/content/wowproductimages/large/085470.jpg",
      "storeId": "woolworths",
      "packageSize": "450g",
      "cupPrice": "$0.78 / 100G",
      "locations": {
        "ALL": {
          "price": 3.5,
          "discountRate": 50,
          "promo": "",
          "orgPrice": 7
        }
      },
      "categoryIds": ["w-pantry"],
      "similarProducts": []
    },
    {
      "id": "w-839672-9324956000817",
      "name": "Double D Butter Candy Sugar Free",
      "brand": "Double D",
      "imageUrls": "https://cdn0.woolworths.media/content/wowproductimages/large/839672.jpg",
      "storeId": "woolworths",
      "packageSize": "90g bag",
      "cupPrice": "$2.44 / 100G",
      "locations": {
        "ALL": {
          "price": 2.2,
          "discountRate": 15,
          "promo": "",
          "orgPrice": 2.6
        }
      },
      "categoryIds": ["w-pantry"],
      "similarProducts": []
    },
    {
      "id": "w-839671-9324956000800",
      "name": "Double D Fruit Drops Sugar Free",
      "brand": "Double D",
      "imageUrls": "https://cdn0.woolworths.media/content/wowproductimages/large/839671.jpg",
      "storeId": "woolworths",
      "packageSize": "90g bag",
      "cupPrice": "$2.44 / 100G",
      "locations": {
        "ALL": {
          "price": 2.2,
          "discountRate": 15,
          "promo": "",
          "orgPrice": 2.6
        }
      },
      "categoryIds": ["w-pantry"],
      "similarProducts": []
    },
    {
      "id": "w-839683-9324956000824",
      "name": "Double D Fruit Jellies Sugar Free",
      "brand": "Double D",
      "imageUrls": "https://cdn0.woolworths.media/content/wowproductimages/large/839683.jpg",
      "storeId": "woolworths",
      "packageSize": "90g bag",
      "cupPrice": "$2.44 / 100G",
      "locations": {
        "ALL": {
          "price": 2.2,
          "discountRate": 15,
          "promo": "",
          "orgPrice": 2.6
        }
      },
      "categoryIds": ["w-pantry"],
      "similarProducts": []
    },
    {
      "id": "w-939991-9324956000862",
      "name": "Double D Gummy Bears Sugar Free",
      "brand": "Double D",
      "imageUrls": "https://cdn0.woolworths.media/content/wowproductimages/large/939991.jpg",
      "storeId": "woolworths",
      "packageSize": "90g bag",
      "cupPrice": "$2.44 / 100G",
      "locations": {
        "ALL": {
          "price": 2.2,
          "discountRate": 15,
          "promo": "",
          "orgPrice": 2.6
        }
      },
      "categoryIds": ["w-pantry"],
      "similarProducts": []
    },
    {
      "id": "w-825179-9324956000756",
      "name": "Double D Marshmallows Sugar Free",
      "brand": "Double D",
      "imageUrls": "https://cdn0.woolworths.media/content/wowproductimages/large/825179.jpg",
      "storeId": "woolworths",
      "packageSize": "70g bag",
      "cupPrice": "$3.14 / 100G",
      "locations": {
        "ALL": {
          "price": 2.2,
          "discountRate": 15,
          "promo": "",
          "orgPrice": 2.6
        }
      },
      "categoryIds": ["w-pantry"],
      "similarProducts": []
    },
    {
      "id": "w-449941-9344988005192",
      "name": "Dr. Oetker Edible Decorations Giant Chocolate Stars",
      "brand": "Dr. Oetker",
      "imageUrls": "https://cdn0.woolworths.media/content/wowproductimages/large/449941.jpg",
      "storeId": "woolworths",
      "packageSize": "20g",
      "cupPrice": "$17.50 / 100G",
      "locations": {
        "ALL": {
          "price": 3.5,
          "discountRate": 13,
          "promo": "",
          "orgPrice": 4
        }
      },
      "categoryIds": ["w-pantry"],
      "similarProducts": []
    },
    {
      "id": "w-450136-9350086000120",
      "name": "Dr. Oetker Ready To Roll Icing White",
      "brand": "Dr. Oetker",
      "imageUrls": "https://cdn0.woolworths.media/content/wowproductimages/large/450136.jpg",
      "storeId": "woolworths",
      "packageSize": "1kg",
      "cupPrice": "$0.72 / 100G",
      "locations": {
        "ALL": {
          "price": 7.2,
          "discountRate": 10,
          "promo": "",
          "orgPrice": 8
        }
      },
      "categoryIds": ["w-pantry"],
      "similarProducts": []
    },
    {
      "id": "w-153158-9311367000215",
      "name": "Eatrite Rice Crackers Tamari Seaweed",
      "brand": "Eatrite",
      "imageUrls": "https://cdn0.woolworths.media/content/wowproductimages/large/153158.jpg",
      "storeId": "woolworths",
      "packageSize": "100g",
      "cupPrice": "$3.00 / 100G",
      "locations": {
        "ALL": {
          "price": 3,
          "discountRate": 19,
          "promo": "",
          "orgPrice": 3.7
        }
      },
      "categoryIds": ["w-pantry"],
      "similarProducts": []
    },
    {
      "id": "w-727909-93540575",
      "name": "Eclipse Chewy Mints Peppermint Tin Peppermint",
      "brand": "Eclipse",
      "imageUrls": "https://cdn0.woolworths.media/content/wowproductimages/large/727909.jpg",
      "storeId": "woolworths",
      "packageSize": "27g",
      "cupPrice": "$4.44 / 100G",
      "locations": {
        "ALL": {
          "price": 1.2,
          "discountRate": 20,
          "promo": "",
          "orgPrice": 1.5
        }
      },
      "categoryIds": ["w-pantry"],
      "similarProducts": []
    },
    {
      "id": "w-59766-93555333",
      "name": "Eclipse Chewy Mints Raspberry",
      "brand": "Eclipse",
      "imageUrls": "https://cdn0.woolworths.media/content/wowproductimages/large/059766.jpg",
      "storeId": "woolworths",
      "packageSize": "27g",
      "cupPrice": "$4.44 / 100G",
      "locations": {
        "ALL": {
          "price": 1.2,
          "discountRate": 20,
          "promo": "",
          "orgPrice": 1.5
        }
      },
      "categoryIds": ["w-pantry"],
      "similarProducts": []
    },
    {
      "id": "w-727907-93540582",
      "name": "Eclipse Chewy Mints Spearmint Tin Spearmint",
      "brand": "Eclipse",
      "imageUrls": "https://cdn0.woolworths.media/content/wowproductimages/large/727907.jpg",
      "storeId": "woolworths",
      "packageSize": "27g",
      "cupPrice": "$4.44 / 100G",
      "locations": {
        "ALL": {
          "price": 1.2,
          "discountRate": 20,
          "promo": "",
          "orgPrice": 1.5
        }
      },
      "categoryIds": ["w-pantry"],
      "similarProducts": []
    },
    {
      "id": "w-815856-93553476",
      "name": "Eclipse Intense Mints Sugar Free Large Tin",
      "brand": "Eclipse",
      "imageUrls": "https://cdn0.woolworths.media/content/wowproductimages/large/815856.jpg",
      "storeId": "woolworths",
      "packageSize": "40g",
      "cupPrice": "$6.25 / 100G",
      "locations": {
        "ALL": {
          "price": 2.5,
          "discountRate": 17,
          "promo": "",
          "orgPrice": 3
        }
      },
      "categoryIds": ["w-pantry"],
      "similarProducts": []
    },
    {
      "id": "w-815854-93553452",
      "name": "Eclipse Peppermint Mints Sugar Free Large Tin",
      "brand": "Eclipse",
      "imageUrls": "https://cdn0.woolworths.media/content/wowproductimages/large/815854.jpg",
      "storeId": "woolworths",
      "packageSize": "40g",
      "cupPrice": "$6.25 / 100G",
      "locations": {
        "ALL": {
          "price": 2.5,
          "discountRate": 17,
          "promo": "",
          "orgPrice": 3
        }
      },
      "categoryIds": ["w-pantry"],
      "similarProducts": []
    },
    {
      "id": "w-815853-93553438",
      "name": "Eclipse Spearmint Mints Sugar Free Large Tin",
      "brand": "Eclipse",
      "imageUrls": "https://cdn0.woolworths.media/content/wowproductimages/large/815853.jpg",
      "storeId": "woolworths",
      "packageSize": "40g",
      "cupPrice": "$6.25 / 100G",
      "locations": {
        "ALL": {
          "price": 2.5,
          "discountRate": 17,
          "promo": "",
          "orgPrice": 3
        }
      },
      "categoryIds": ["w-pantry"],
      "similarProducts": []
    },
    {
      "id": "w-815855-93553445",
      "name": "Eclipse Strawberry Mints Sugar Free Large Tin",
      "brand": "Eclipse",
      "imageUrls": "https://cdn0.woolworths.media/content/wowproductimages/large/815855.jpg",
      "storeId": "woolworths",
      "packageSize": "40g",
      "cupPrice": "$6.25 / 100G",
      "locations": {
        "ALL": {
          "price": 2.5,
          "discountRate": 17,
          "promo": "",
          "orgPrice": 3
        }
      },
      "categoryIds": ["w-pantry"],
      "similarProducts": []
    },
    {
      "id": "w-59767-93553469",
      "name": "Eclipse Watermelon Mints",
      "brand": "Eclipse",
      "imageUrls": "https://cdn0.woolworths.media/content/wowproductimages/large/059767.jpg",
      "storeId": "woolworths",
      "packageSize": "40g",
      "cupPrice": "$6.25 / 100G",
      "locations": {
        "ALL": {
          "price": 2.5,
          "discountRate": 17,
          "promo": "",
          "orgPrice": 3
        }
      },
      "categoryIds": ["w-pantry"],
      "similarProducts": []
    },
    {
      "id": "w-81976-9354564000046",
      "name": "Ecs Botanics Indian Masala Lentil Soup",
      "brand": "Ecs Botanics",
      "imageUrls": "https://cdn0.woolworths.media/content/wowproductimages/large/081976.jpg",
      "storeId": "woolworths",
      "packageSize": "330g",
      "cupPrice": "$1.52 / 100G",
      "locations": {
        "ALL": {
          "price": 5,
          "discountRate": 16,
          "promo": "",
          "orgPrice": 5.95
        }
      },
      "categoryIds": ["w-pantry"],
      "similarProducts": []
    },
    {
      "id": "w-80789-9354564000039",
      "name": "Ecs Botanics Mexican Spiced Bean Soup",
      "brand": "Ecs Botanics",
      "imageUrls": "https://cdn0.woolworths.media/content/wowproductimages/large/080789.jpg",
      "storeId": "woolworths",
      "packageSize": "330g",
      "cupPrice": "$1.52 / 100G",
      "locations": {
        "ALL": {
          "price": 5,
          "discountRate": 16,
          "promo": "",
          "orgPrice": 5.95
        }
      },
      "categoryIds": ["w-pantry"],
      "similarProducts": []
    },
    {
      "id": "w-34114-9310082102174",
      "name": "Edgell Peas Green",
      "brand": "Edgell",
      "imageUrls": "https://cdn0.woolworths.media/content/wowproductimages/large/034114.jpg",
      "storeId": "woolworths",
      "packageSize": "420g",
      "cupPrice": "$2.98 / 1KG",
      "locations": {
        "ALL": {
          "price": 1.25,
          "discountRate": 14,
          "promo": "",
          "orgPrice": 1.45
        }
      },
      "categoryIds": ["w-pantry"],
      "similarProducts": []
    },
    {
      "id": "w-34126-9310082102716",
      "name": "Edgell Sauerkraut",
      "brand": "Edgell",
      "imageUrls": "https://cdn0.woolworths.media/content/wowproductimages/large/034126.jpg",
      "storeId": "woolworths",
      "packageSize": "410g",
      "cupPrice": "$6.71 / 1KG",
      "locations": {
        "ALL": {
          "price": 2.75,
          "discountRate": 14,
          "promo": "",
          "orgPrice": 3.2
        }
      },
      "categoryIds": ["w-pantry"],
      "similarProducts": []
    },
    {
      "id": "w-34090-9310082100927",
      "name": "Edgell Sliced Green Beans Green Sliced",
      "brand": "Edgell",
      "imageUrls": "https://cdn0.woolworths.media/content/wowproductimages/large/034090.jpg",
      "storeId": "woolworths",
      "packageSize": "410g",
      "cupPrice": "$2.93 / 1KG",
      "locations": {
        "ALL": {
          "price": 1.2,
          "discountRate": 32,
          "promo": "",
          "orgPrice": 1.77
        }
      },
      "categoryIds": ["w-pantry"],
      "similarProducts": []
    },
    {
      "id": "w-320102-9300617408963",
      "name": "Europe Nougat Honey Log",
      "brand": "Europe",
      "imageUrls": "https://cdn0.woolworths.media/content/wowproductimages/large/320102.jpg",
      "storeId": "woolworths",
      "packageSize": "40g bar",
      "cupPrice": "$3.75 / 100G",
      "locations": {
        "ALL": {
          "price": 1.5,
          "discountRate": 25,
          "promo": "",
          "orgPrice": 2
        }
      },
      "categoryIds": ["w-pantry"],
      "similarProducts": []
    },
    {
      "id": "w-320103-9300617408802",
      "name": "Europe Summer Roll",
      "brand": "Europe",
      "imageUrls": "https://cdn0.woolworths.media/content/wowproductimages/large/320103.jpg",
      "storeId": "woolworths",
      "packageSize": "40g bar",
      "cupPrice": "$3.75 / 100G",
      "locations": {
        "ALL": {
          "price": 1.5,
          "discountRate": 25,
          "promo": "",
          "orgPrice": 2
        }
      },
      "categoryIds": ["w-pantry"],
      "similarProducts": []
    },
    {
      "id": "w-442694-9300613110587",
      "name": "Extra Peppermint Chewing Gum Sugar Free Multipack 4x10 Piece",
      "brand": "Extra",
      "imageUrls": "https://cdn0.woolworths.media/content/wowproductimages/large/442694.jpg",
      "storeId": "woolworths",
      "packageSize": "56g",
      "cupPrice": "$5.36 / 100G",
      "locations": {
        "ALL": {
          "price": 3,
          "discountRate": 14,
          "promo": "",
          "orgPrice": 3.5
        }
      },
      "categoryIds": ["w-pantry"],
      "similarProducts": []
    },
    {
      "id": "w-59765-93556880",
      "name": "Extra Tropical Flavour Sugar Free Gum",
      "brand": "Extra",
      "imageUrls": "https://cdn0.woolworths.media/content/wowproductimages/large/059765.jpg",
      "storeId": "woolworths",
      "packageSize": "27g",
      "cupPrice": "$6.67 / 100G",
      "locations": {
        "ALL": {
          "price": 1.8,
          "discountRate": 10,
          "promo": "",
          "orgPrice": 2
        }
      },
      "categoryIds": ["w-pantry"],
      "similarProducts": []
    },
    {
      "id": "w-673534-93551342",
      "name": "Extra Watermelon Chewing Gum Sugar Free",
      "brand": "Extra",
      "imageUrls": "https://cdn0.woolworths.media/content/wowproductimages/large/673534.jpg",
      "storeId": "woolworths",
      "packageSize": "27g",
      "cupPrice": "$6.67 / 100G",
      "locations": {
        "ALL": {
          "price": 1.8,
          "discountRate": 10,
          "promo": "",
          "orgPrice": 2
        }
      },
      "categoryIds": ["w-pantry"],
      "similarProducts": []
    },
    {
      "id": "w-830015-9300613109673",
      "name": "Extra White Bubblemint Chewing Gum Sugar Free 4x10 Piece",
      "brand": "Extra",
      "imageUrls": "https://cdn0.woolworths.media/content/wowproductimages/large/830015.jpg",
      "storeId": "woolworths",
      "packageSize": "56g",
      "cupPrice": "$5.36 / 100G",
      "locations": {
        "ALL": {
          "price": 3,
          "discountRate": 14,
          "promo": "",
          "orgPrice": 3.5
        }
      },
      "categoryIds": ["w-pantry"],
      "similarProducts": []
    },
    {
      "id": "w-330372-9300613104548",
      "name": "Extra White Lemon Lime Chewing Gum Sugar Free 4x10 Piece",
      "brand": "Extra",
      "imageUrls": "https://cdn0.woolworths.media/content/wowproductimages/large/330372.jpg",
      "storeId": "woolworths",
      "packageSize": "56g",
      "cupPrice": "$5.36 / 100G",
      "locations": {
        "ALL": {
          "price": 3,
          "discountRate": 14,
          "promo": "",
          "orgPrice": 3.5
        }
      },
      "categoryIds": ["w-pantry"],
      "similarProducts": []
    },
    {
      "id": "w-440153-9300613110600",
      "name": "Extra White Spearmint Chewing Gum Sugar Free 4x10 Piece",
      "brand": "Extra",
      "imageUrls": "https://cdn0.woolworths.media/content/wowproductimages/large/440153.jpg",
      "storeId": "woolworths",
      "packageSize": "56g",
      "cupPrice": "$5.36 / 100G",
      "locations": {
        "ALL": {
          "price": 3,
          "discountRate": 14,
          "promo": "",
          "orgPrice": 3.5
        }
      },
      "categoryIds": ["w-pantry"],
      "similarProducts": []
    },
    {
      "id": "w-780703-9300698501140",
      "name": "Ferrero Collection Chocolates Rocher Rondnoir Raffaello",
      "brand": "Ferrero",
      "imageUrls": "https://cdn0.woolworths.media/content/wowproductimages/large/780703.jpg",
      "storeId": "woolworths",
      "packageSize": "15 pack",
      "cupPrice": "$4.71 / 100G",
      "locations": {
        "ALL": {
          "price": 8.1,
          "discountRate": 40,
          "promo": "",
          "orgPrice": 13.5
        }
      },
      "categoryIds": ["w-pantry"],
      "similarProducts": []
    },
    {
      "id": "w-310888-4008400855424",
      "name": "Ferrero Collection Chocolates Rocher Rondnoir Raffaello",
      "brand": "Ferrero",
      "imageUrls": "https://cdn0.woolworths.media/content/wowproductimages/large/310888.jpg",
      "storeId": "woolworths",
      "packageSize": "24 pack",
      "cupPrice": "$4.46 / 100G",
      "locations": {
        "ALL": {
          "price": 12,
          "discountRate": 40,
          "promo": "",
          "orgPrice": 20
        }
      },
      "categoryIds": ["w-pantry"],
      "similarProducts": []
    },
    {
      "id": "w-8896-8000500003787",
      "name": "Ferrero Rocher Chocolates",
      "brand": "Ferrero",
      "imageUrls": "https://cdn0.woolworths.media/content/wowproductimages/large/008896.jpg",
      "storeId": "woolworths",
      "packageSize": "16 pack",
      "cupPrice": "$4.05 / 100G",
      "locations": {
        "ALL": {
          "price": 8.1,
          "discountRate": 40,
          "promo": "",
          "orgPrice": 13.5
        }
      },
      "categoryIds": ["w-pantry"],
      "similarProducts": []
    },
    {
      "id": "w-9023-8000500032237",
      "name": "Ferrero Rocher Chocolates",
      "brand": "Ferrero",
      "imageUrls": "https://cdn0.woolworths.media/content/wowproductimages/large/009023.jpg",
      "storeId": "woolworths",
      "packageSize": "30 pack",
      "cupPrice": "$3.20 / 100G",
      "locations": {
        "ALL": {
          "price": 12,
          "discountRate": 40,
          "promo": "",
          "orgPrice": 20
        }
      },
      "categoryIds": ["w-pantry"],
      "similarProducts": []
    },
    {
      "id": "w-19179-9300462124445",
      "name": "Five Tastes Rice Infusions Chinese Fried Rice",
      "brand": "Five Tastes",
      "imageUrls": "https://cdn0.woolworths.media/content/wowproductimages/large/019179.jpg",
      "storeId": "woolworths",
      "packageSize": "160g",
      "cupPrice": "$1.88 / 100G",
      "locations": {
        "ALL": { "price": 3, "discountRate": 25, "promo": "", "orgPrice": 4 }
      },
      "categoryIds": ["w-pantry"],
      "similarProducts": []
    },
    {
      "id": "w-19183-9300462124438",
      "name": "Five Tastes Rice Infusions Coconut & Kaffir Lime",
      "brand": "Five Tastes",
      "imageUrls": "https://cdn0.woolworths.media/content/wowproductimages/large/019183.jpg",
      "storeId": "woolworths",
      "packageSize": "160g",
      "cupPrice": "$1.88 / 100G",
      "locations": {
        "ALL": { "price": 3, "discountRate": 25, "promo": "", "orgPrice": 4 }
      },
      "categoryIds": ["w-pantry"],
      "similarProducts": []
    },
    {
      "id": "w-19194-9300462124452",
      "name": "Five Tastes Rice Infusions Nasi Goreng",
      "brand": "Five Tastes",
      "imageUrls": "https://cdn0.woolworths.media/content/wowproductimages/large/019194.jpg",
      "storeId": "woolworths",
      "packageSize": "160g",
      "cupPrice": "$1.88 / 100G",
      "locations": {
        "ALL": { "price": 3, "discountRate": 25, "promo": "", "orgPrice": 4 }
      },
      "categoryIds": ["w-pantry"],
      "similarProducts": []
    },
    {
      "id": "w-626732-9300462110387",
      "name": "Five Tastes Stir Fry Shots Chinese Hoisin & Garlic",
      "brand": "Five Tastes",
      "imageUrls": "https://cdn0.woolworths.media/content/wowproductimages/large/626732.jpg",
      "storeId": "woolworths",
      "packageSize": "4x45g",
      "cupPrice": "$1.67 / 100G",
      "locations": {
        "ALL": { "price": 3, "discountRate": 25, "promo": "", "orgPrice": 4 }
      },
      "categoryIds": ["w-pantry"],
      "similarProducts": []
    },
    {
      "id": "w-626822-9300462110424",
      "name": "Five Tastes Stir Fry Shots Lemongrass & Kaffir Lime",
      "brand": "Five Tastes",
      "imageUrls": "https://cdn0.woolworths.media/content/wowproductimages/large/626822.jpg",
      "storeId": "woolworths",
      "packageSize": "4x45g",
      "cupPrice": "$1.67 / 100G",
      "locations": {
        "ALL": { "price": 3, "discountRate": 25, "promo": "", "orgPrice": 4 }
      },
      "categoryIds": ["w-pantry"],
      "similarProducts": []
    },
    {
      "id": "w-626821-9300462110400",
      "name": "Five Tastes Stir Fry Shots Thai Basil & Chilli",
      "brand": "Five Tastes",
      "imageUrls": "https://cdn0.woolworths.media/content/wowproductimages/large/626821.jpg",
      "storeId": "woolworths",
      "packageSize": "4x45g",
      "cupPrice": "$1.67 / 100G",
      "locations": {
        "ALL": { "price": 3, "discountRate": 25, "promo": "", "orgPrice": 4 }
      },
      "categoryIds": ["w-pantry"],
      "similarProducts": []
    },
    {
      "id": "w-53869-9300681194175",
      "name": "Fountain Hot Chilli Sauce",
      "brand": "Fountain",
      "imageUrls": "https://cdn0.woolworths.media/content/wowproductimages/large/053869.jpg",
      "storeId": "woolworths",
      "packageSize": "250ml",
      "cupPrice": "$0.80 / 100ML",
      "locations": {
        "ALL": {
          "price": 2,
          "discountRate": 26,
          "promo": "",
          "orgPrice": 2.7
        }
      },
      "categoryIds": ["w-pantry"],
      "similarProducts": []
    },
    {
      "id": "w-720125-9300681196537",
      "name": "Fountain Plum Sauce",
      "brand": "Fountain",
      "imageUrls": "https://cdn0.woolworths.media/content/wowproductimages/large/720125.jpg",
      "storeId": "woolworths",
      "packageSize": "250ml",
      "cupPrice": "$0.80 / 100ML",
      "locations": {
        "ALL": {
          "price": 2,
          "discountRate": 26,
          "promo": "",
          "orgPrice": 2.7
        }
      },
      "categoryIds": ["w-pantry"],
      "similarProducts": []
    },
    {
      "id": "w-54778-9300681194311",
      "name": "Fountain Satay Sauce",
      "brand": "Fountain",
      "imageUrls": "https://cdn0.woolworths.media/content/wowproductimages/large/054778.jpg",
      "storeId": "woolworths",
      "packageSize": "250ml",
      "cupPrice": "$0.80 / 100ML",
      "locations": {
        "ALL": {
          "price": 2,
          "discountRate": 26,
          "promo": "",
          "orgPrice": 2.7
        }
      },
      "categoryIds": ["w-pantry"],
      "similarProducts": []
    },
    {
      "id": "w-757750-9300681013704",
      "name": "Fountain Soy & Honey Sauce",
      "brand": "Fountain",
      "imageUrls": "https://cdn0.woolworths.media/content/wowproductimages/large/757750.jpg",
      "storeId": "woolworths",
      "packageSize": "250ml",
      "cupPrice": "$0.80 / 100ML",
      "locations": {
        "ALL": {
          "price": 2,
          "discountRate": 26,
          "promo": "",
          "orgPrice": 2.7
        }
      },
      "categoryIds": ["w-pantry"],
      "similarProducts": []
    },
    {
      "id": "w-53866-9300681193994",
      "name": "Fountain Soy Sauce",
      "brand": "Fountain",
      "imageUrls": "https://cdn0.woolworths.media/content/wowproductimages/large/053866.jpg",
      "storeId": "woolworths",
      "packageSize": "250ml",
      "cupPrice": "$0.80 / 100ML",
      "locations": {
        "ALL": {
          "price": 2,
          "discountRate": 26,
          "promo": "",
          "orgPrice": 2.7
        }
      },
      "categoryIds": ["w-pantry"],
      "similarProducts": []
    },
    {
      "id": "w-34442-93681117",
      "name": "Fountain Spicy Red Sauce",
      "brand": "Fountain",
      "imageUrls": "https://cdn0.woolworths.media/content/wowproductimages/large/034442.jpg",
      "storeId": "woolworths",
      "packageSize": "250ml",
      "cupPrice": "$0.80 / 100ML",
      "locations": {
        "ALL": {
          "price": 2,
          "discountRate": 26,
          "promo": "",
          "orgPrice": 2.7
        }
      },
      "categoryIds": ["w-pantry"],
      "similarProducts": []
    },
    {
      "id": "w-34444-93681124",
      "name": "Fountain Steak Sauce",
      "brand": "Fountain",
      "imageUrls": "https://cdn0.woolworths.media/content/wowproductimages/large/034444.jpg",
      "storeId": "woolworths",
      "packageSize": "250ml",
      "cupPrice": "$0.80 / 100ML",
      "locations": {
        "ALL": {
          "price": 2,
          "discountRate": 26,
          "promo": "",
          "orgPrice": 2.7
        }
      },
      "categoryIds": ["w-pantry"],
      "similarProducts": []
    },
    {
      "id": "w-47106-9300681197190",
      "name": "Fountain Sweet Chilli Sauce",
      "brand": "Fountain",
      "imageUrls": "https://cdn0.woolworths.media/content/wowproductimages/large/047106.jpg",
      "storeId": "woolworths",
      "packageSize": "250ml",
      "cupPrice": "$0.80 / 100ML",
      "locations": {
        "ALL": {
          "price": 2,
          "discountRate": 26,
          "promo": "",
          "orgPrice": 2.7
        }
      },
      "categoryIds": ["w-pantry"],
      "similarProducts": []
    },
    {
      "id": "w-59360-9300681195738",
      "name": "Fountain Thick Mint Sauce",
      "brand": "Fountain",
      "imageUrls": "https://cdn0.woolworths.media/content/wowproductimages/large/059360.jpg",
      "storeId": "woolworths",
      "packageSize": "250ml",
      "cupPrice": "$0.80 / 100ML",
      "locations": {
        "ALL": {
          "price": 2,
          "discountRate": 20,
          "promo": "",
          "orgPrice": 2.5
        }
      },
      "categoryIds": ["w-pantry"],
      "similarProducts": []
    },
    {
      "id": "w-782225-9315090201345",
      "name": "Freedom Foods Cereal Buckwheat & Quinoa",
      "brand": "Freedom Foods",
      "imageUrls": "https://cdn0.woolworths.media/content/wowproductimages/large/782225.jpg",
      "storeId": "woolworths",
      "packageSize": "350g",
      "cupPrice": "$1.43 / 100G",
      "locations": {
        "ALL": { "price": 5, "discountRate": 17, "promo": "", "orgPrice": 6 }
      },
      "categoryIds": ["w-pantry"],
      "similarProducts": []
    },
    {
      "id": "w-68405-9315090000146",
      "name": "Freedom Foods Cereal Muesli Gluten And Wheat Free",
      "brand": "Freedom Foods",
      "imageUrls": "https://cdn0.woolworths.media/content/wowproductimages/large/068405.jpg",
      "storeId": "woolworths",
      "packageSize": "500g",
      "cupPrice": "$1.10 / 100G",
      "locations": {
        "ALL": {
          "price": 5.5,
          "discountRate": 15,
          "promo": "",
          "orgPrice": 6.5
        }
      },
      "categoryIds": ["w-pantry"],
      "similarProducts": []
    },
    {
      "id": "w-782226-9315090201352",
      "name": "Freedom Foods Cereal Multigrain & Cranberry",
      "brand": "Freedom Foods",
      "imageUrls": "https://cdn0.woolworths.media/content/wowproductimages/large/782226.jpg",
      "storeId": "woolworths",
      "packageSize": "350g",
      "cupPrice": "$1.43 / 100G",
      "locations": {
        "ALL": { "price": 5, "discountRate": 17, "promo": "", "orgPrice": 6 }
      },
      "categoryIds": ["w-pantry"],
      "similarProducts": []
    },
    {
      "id": "w-191563-9315090100396",
      "name": "Freedom Foods Cereal Ultra Rice Maple Crunch",
      "brand": "Freedom Foods",
      "imageUrls": "https://cdn0.woolworths.media/content/wowproductimages/large/191563.jpg",
      "storeId": "woolworths",
      "packageSize": "300g",
      "cupPrice": "$1.33 / 100G",
      "locations": {
        "ALL": { "price": 4, "discountRate": 20, "promo": "", "orgPrice": 5 }
      },
      "categoryIds": ["w-pantry"],
      "similarProducts": []
    },
    {
      "id": "w-829947-9315090201451",
      "name": "Freedom Foods Cereal Xo Crunch",
      "brand": "Freedom Foods",
      "imageUrls": "https://cdn0.woolworths.media/content/wowproductimages/large/829947.jpg",
      "storeId": "woolworths",
      "packageSize": "285g",
      "cupPrice": "$1.05 / 100G",
      "locations": {
        "ALL": { "price": 3, "discountRate": 25, "promo": "", "orgPrice": 4 }
      },
      "categoryIds": ["w-pantry"],
      "similarProducts": []
    },
    {
      "id": "w-830077-9315090201901",
      "name": "Freedom Foods Cornflakes",
      "brand": "Freedom Foods",
      "imageUrls": "https://cdn0.woolworths.media/content/wowproductimages/large/830077.jpg",
      "storeId": "woolworths",
      "packageSize": "260g",
      "cupPrice": "$1.15 / 100G",
      "locations": {
        "ALL": { "price": 3, "discountRate": 25, "promo": "", "orgPrice": 4 }
      },
      "categoryIds": ["w-pantry"],
      "similarProducts": []
    },
    {
      "id": "w-63372-9315090208719",
      "name": "Freedom Foods Messy Monkeys Cereal Choch Crunch",
      "brand": "Freedom Foods",
      "imageUrls": "https://cdn0.woolworths.media/content/wowproductimages/large/063372.jpg",
      "storeId": "woolworths",
      "packageSize": "240g",
      "cupPrice": "$1.25 / 100G",
      "locations": {
        "ALL": { "price": 3, "discountRate": 25, "promo": "", "orgPrice": 4 }
      },
      "categoryIds": ["w-pantry"],
      "similarProducts": []
    },
    {
      "id": "w-766655-9315090200102",
      "name": "Freedom Foods Muesli 3 Ancient Grains",
      "brand": "Freedom Foods",
      "imageUrls": "https://cdn0.woolworths.media/content/wowproductimages/large/766655.jpg",
      "storeId": "woolworths",
      "packageSize": "300g",
      "cupPrice": "$1.83 / 100G",
      "locations": {
        "ALL": {
          "price": 5.5,
          "discountRate": 15,
          "promo": "",
          "orgPrice": 6.5
        }
      },
      "categoryIds": ["w-pantry"],
      "similarProducts": []
    },
    {
      "id": "w-86718-9315090211412",
      "name": "Freedom Foods Prebiotic Berry Almond Muesli",
      "brand": "Freedom Foods",
      "imageUrls": "https://cdn0.woolworths.media/content/wowproductimages/large/086718.jpg",
      "storeId": "woolworths",
      "packageSize": "350g",
      "cupPrice": "$1.57 / 100G",
      "locations": {
        "ALL": {
          "price": 5.5,
          "discountRate": 15,
          "promo": "",
          "orgPrice": 6.5
        }
      },
      "categoryIds": ["w-pantry"],
      "similarProducts": []
    },
    {
      "id": "w-86405-9315090211436",
      "name": "Freedom Foods Prebiotic Honey Almond Muesli",
      "brand": "Freedom Foods",
      "imageUrls": "https://cdn0.woolworths.media/content/wowproductimages/large/086405.jpg",
      "storeId": "woolworths",
      "packageSize": "350g",
      "cupPrice": "$1.57 / 100G",
      "locations": {
        "ALL": {
          "price": 5.5,
          "discountRate": 15,
          "promo": "",
          "orgPrice": 6.5
        }
      },
      "categoryIds": ["w-pantry"],
      "similarProducts": []
    },
    {
      "id": "w-86364-9315090211399",
      "name": "Freedom Foods Prebiotic Maple Almond Clusters",
      "brand": "Freedom Foods",
      "imageUrls": "https://cdn0.woolworths.media/content/wowproductimages/large/086364.jpg",
      "storeId": "woolworths",
      "packageSize": "360g",
      "cupPrice": "$1.39 / 100G",
      "locations": {
        "ALL": { "price": 5, "discountRate": 17, "promo": "", "orgPrice": 6 }
      },
      "categoryIds": ["w-pantry"],
      "similarProducts": []
    },
    {
      "id": "w-86496-9315090211429",
      "name": "Freedom Foods Prebiotic Peach Pecan Muesli",
      "brand": "Freedom Foods",
      "imageUrls": "https://cdn0.woolworths.media/content/wowproductimages/large/086496.jpg",
      "storeId": "woolworths",
      "packageSize": "350g",
      "cupPrice": "$1.57 / 100G",
      "locations": {
        "ALL": {
          "price": 5.5,
          "discountRate": 15,
          "promo": "",
          "orgPrice": 6.5
        }
      },
      "categoryIds": ["w-pantry"],
      "similarProducts": []
    },
    {
      "id": "w-86393-9315090211382",
      "name": "Freedom Foods Prebiotic Pear Almond Clusters",
      "brand": "Freedom Foods",
      "imageUrls": "https://cdn0.woolworths.media/content/wowproductimages/large/086393.jpg",
      "storeId": "woolworths",
      "packageSize": "360g",
      "cupPrice": "$1.39 / 100G",
      "locations": {
        "ALL": { "price": 5, "discountRate": 17, "promo": "", "orgPrice": 6 }
      },
      "categoryIds": ["w-pantry"],
      "similarProducts": []
    },
    {
      "id": "w-86235-9315090211443",
      "name": "Freedom Foods Protein Crunch",
      "brand": "Freedom Foods",
      "imageUrls": "https://cdn0.woolworths.media/content/wowproductimages/large/086235.jpg",
      "storeId": "woolworths",
      "packageSize": "250g",
      "cupPrice": "$1.60 / 100G",
      "locations": {
        "ALL": { "price": 4, "discountRate": 20, "promo": "", "orgPrice": 5 }
      },
      "categoryIds": ["w-pantry"],
      "similarProducts": []
    },
    {
      "id": "w-830076-9315090201925",
      "name": "Freedom Foods Rice Puffs",
      "brand": "Freedom Foods",
      "imageUrls": "https://cdn0.woolworths.media/content/wowproductimages/large/830076.jpg",
      "storeId": "woolworths",
      "packageSize": "250g",
      "cupPrice": "$1.20 / 100G",
      "locations": {
        "ALL": { "price": 3, "discountRate": 25, "promo": "", "orgPrice": 4 }
      },
      "categoryIds": ["w-pantry"],
      "similarProducts": []
    },
    {
      "id": "w-85627-9315090210378",
      "name": "Freedom Foods Xo Crunch Berry Flavour",
      "brand": "Freedom Foods",
      "imageUrls": "https://cdn0.woolworths.media/content/wowproductimages/large/085627.jpg",
      "storeId": "woolworths",
      "packageSize": "245g",
      "cupPrice": "$1.22 / 100G",
      "locations": {
        "ALL": { "price": 3, "discountRate": 25, "promo": "", "orgPrice": 4 }
      },
      "categoryIds": ["w-pantry"],
      "similarProducts": []
    },
    {
      "id": "w-819995-9310988017275",
      "name": "French Fries Multipack Assortment",
      "brand": "French Fries",
      "imageUrls": "https://cdn0.woolworths.media/content/wowproductimages/large/819995.jpg",
      "storeId": "woolworths",
      "packageSize": "12 pack",
      "cupPrice": "$2.03 / 100G",
      "locations": {
        "ALL": {
          "price": 4.5,
          "discountRate": 13,
          "promo": "",
          "orgPrice": 5.2
        }
      },
      "categoryIds": ["w-pantry"],
      "similarProducts": []
    },
    {
      "id": "w-293610-9310988009140",
      "name": "French Fries Multipack Original",
      "brand": "French Fries",
      "imageUrls": "https://cdn0.woolworths.media/content/wowproductimages/large/293610.jpg",
      "storeId": "woolworths",
      "packageSize": "6 pack",
      "cupPrice": "$1.80 / 100G",
      "locations": {
        "ALL": {
          "price": 2,
          "discountRate": 40,
          "promo": "",
          "orgPrice": 3.35
        }
      },
      "categoryIds": ["w-pantry", "w-lunch-box"],
      "similarProducts": []
    },
    {
      "id": "w-319943-9310988010320",
      "name": "French Fries Original Chips",
      "brand": "French Fries",
      "imageUrls": "https://cdn0.woolworths.media/content/wowproductimages/large/319943.jpg",
      "storeId": "woolworths",
      "packageSize": "175g",
      "cupPrice": "$1.43 / 100G",
      "locations": {
        "ALL": {
          "price": 2.5,
          "discountRate": 29,
          "promo": "",
          "orgPrice": 3.5
        }
      },
      "categoryIds": ["w-pantry"],
      "similarProducts": []
    },
    {
      "id": "w-85710-9310988017695",
      "name": "French Fries Salt & Vinegar Crunchy Potato Straws",
      "brand": "French Fries",
      "imageUrls": "https://cdn0.woolworths.media/content/wowproductimages/large/085710.jpg",
      "storeId": "woolworths",
      "packageSize": "175g",
      "cupPrice": "$1.43 / 100G",
      "locations": {
        "ALL": {
          "price": 2.5,
          "discountRate": 29,
          "promo": "",
          "orgPrice": 3.5
        }
      },
      "categoryIds": ["w-pantry"],
      "similarProducts": []
    },
    {
      "id": "w-59549-9349580000668",
      "name": "Frisp Banana Crisps",
      "brand": "Frisp",
      "imageUrls": "https://cdn0.woolworths.media/content/wowproductimages/large/059549.jpg",
      "storeId": "woolworths",
      "packageSize": "15g",
      "cupPrice": "$116.67 / 1KG",
      "locations": {
        "ALL": {
          "price": 1.75,
          "discountRate": 30,
          "promo": "",
          "orgPrice": 2.5
        }
      },
      "categoryIds": ["w-pantry"],
      "similarProducts": []
    },
    {
      "id": "w-841552-9349580000033",
      "name": "Frisp Mango Crisps",
      "brand": "Frisp",
      "imageUrls": "https://cdn0.woolworths.media/content/wowproductimages/large/841552.jpg",
      "storeId": "woolworths",
      "packageSize": "15g",
      "cupPrice": "$116.67 / 1KG",
      "locations": {
        "ALL": {
          "price": 1.75,
          "discountRate": 30,
          "promo": "",
          "orgPrice": 2.5
        }
      },
      "categoryIds": ["w-pantry"],
      "similarProducts": []
    },
    {
      "id": "w-841551-9349580000026",
      "name": "Frisp Strawberry Crisps",
      "brand": "Frisp",
      "imageUrls": "https://cdn0.woolworths.media/content/wowproductimages/large/841551.jpg",
      "storeId": "woolworths",
      "packageSize": "15g",
      "cupPrice": "$116.67 / 1KG",
      "locations": {
        "ALL": {
          "price": 1.75,
          "discountRate": 30,
          "promo": "",
          "orgPrice": 2.5
        }
      },
      "categoryIds": ["w-pantry"],
      "similarProducts": []
    },
    {
      "id": "w-340056-9329171000543",
      "name": "Fruit For Life Mango Dried",
      "brand": "Fruit For Life",
      "imageUrls": "https://cdn0.woolworths.media/content/wowproductimages/large/340056.jpg",
      "storeId": "woolworths",
      "packageSize": "150g",
      "cupPrice": "$33.33 / 1KG",
      "locations": {
        "ALL": { "price": 5, "discountRate": 17, "promo": "", "orgPrice": 6 }
      },
      "categoryIds": ["w-pantry"],
      "similarProducts": []
    },
    {
      "id": "w-254286-9310560014340",
      "name": "Globus Cucumbers Polish Dill",
      "brand": "Globus",
      "imageUrls": "https://cdn0.woolworths.media/content/wowproductimages/large/254286.jpg",
      "storeId": "woolworths",
      "packageSize": "680g",
      "cupPrice": "$4.34 / 1KG",
      "locations": {
        "ALL": {
          "price": 2.95,
          "discountRate": 9,
          "promo": "",
          "orgPrice": 3.25
        }
      },
      "categoryIds": ["w-pantry"],
      "similarProducts": []
    },
    {
      "id": "w-76140-93260817",
      "name": "Go Natural Bar Fruit And Nut With Yoghurt",
      "brand": "Go Natural",
      "imageUrls": "https://cdn0.woolworths.media/content/wowproductimages/large/076140.jpg",
      "storeId": "woolworths",
      "packageSize": "50g",
      "cupPrice": "$2.90 / 100G",
      "locations": {
        "ALL": {
          "price": 1.45,
          "discountRate": 26,
          "promo": "",
          "orgPrice": 1.95
        }
      },
      "categoryIds": ["w-pantry"],
      "similarProducts": []
    },
    {
      "id": "w-79949-93260800",
      "name": "Go Natural Bars Nut Delight",
      "brand": "Go Natural",
      "imageUrls": "https://cdn0.woolworths.media/content/wowproductimages/large/079949.jpg",
      "storeId": "woolworths",
      "packageSize": "40g",
      "cupPrice": "$3.63 / 100G",
      "locations": {
        "ALL": {
          "price": 1.45,
          "discountRate": 26,
          "promo": "",
          "orgPrice": 1.95
        }
      },
      "categoryIds": ["w-pantry"],
      "similarProducts": []
    },
    {
      "id": "w-24020-93365376",
      "name": "Go Natural Bars Yoghurt Coated Almond & Apricot",
      "brand": "Go Natural",
      "imageUrls": "https://cdn0.woolworths.media/content/wowproductimages/large/024020.jpg",
      "storeId": "woolworths",
      "packageSize": "40g",
      "cupPrice": "$3.63 / 100G",
      "locations": {
        "ALL": {
          "price": 1.45,
          "discountRate": 26,
          "promo": "",
          "orgPrice": 1.95
        }
      },
      "categoryIds": ["w-pantry"],
      "similarProducts": []
    },
    {
      "id": "w-68189-93450645",
      "name": "Go Natural Savoury Bars Almond Cashews",
      "brand": "Go Natural",
      "imageUrls": "https://cdn0.woolworths.media/content/wowproductimages/large/068189.jpg",
      "storeId": "woolworths",
      "packageSize": "45g",
      "cupPrice": "$3.22 / 100G",
      "locations": {
        "ALL": {
          "price": 1.45,
          "discountRate": 26,
          "promo": "",
          "orgPrice": 1.95
        }
      },
      "categoryIds": ["w-pantry"],
      "similarProducts": []
    },
    {
      "id": "w-445213-9300681177352",
      "name": "Gravox Finishing Sauce Steakhouse",
      "brand": "Gravox",
      "imageUrls": "https://cdn0.woolworths.media/content/wowproductimages/large/445213.jpg",
      "storeId": "woolworths",
      "packageSize": "160g",
      "cupPrice": "$0.16 / 10G",
      "locations": {
        "ALL": {
          "price": 2.5,
          "discountRate": 17,
          "promo": "",
          "orgPrice": 3
        }
      },
      "categoryIds": ["w-pantry"],
      "similarProducts": []
    },
    {
      "id": "w-445265-9300681178779",
      "name": "Gravox Gravy Chargrilled Beef & Merlot",
      "brand": "Gravox",
      "imageUrls": "https://cdn0.woolworths.media/content/wowproductimages/large/445265.jpg",
      "storeId": "woolworths",
      "packageSize": "160g",
      "cupPrice": "$0.16 / 10G",
      "locations": {
        "ALL": {
          "price": 2.5,
          "discountRate": 17,
          "promo": "",
          "orgPrice": 3
        }
      },
      "categoryIds": ["w-pantry"],
      "similarProducts": []
    },
    {
      "id": "w-445119-9300681178915",
      "name": "Gravox Gravy Cracked Pepper & Shiraz",
      "brand": "Gravox",
      "imageUrls": "https://cdn0.woolworths.media/content/wowproductimages/large/445119.jpg",
      "storeId": "woolworths",
      "packageSize": "160g",
      "cupPrice": "$0.16 / 10G",
      "locations": {
        "ALL": {
          "price": 2.5,
          "discountRate": 17,
          "promo": "",
          "orgPrice": 3
        }
      },
      "categoryIds": ["w-pantry"],
      "similarProducts": []
    },
    {
      "id": "w-675122-9300681146105",
      "name": "Gravox Our Best Beef Gravy",
      "brand": "Gravox",
      "imageUrls": "https://cdn0.woolworths.media/content/wowproductimages/large/675122.jpg",
      "storeId": "woolworths",
      "packageSize": "200g",
      "cupPrice": "$1.90 / 100G",
      "locations": {
        "ALL": {
          "price": 3.8,
          "discountRate": 34,
          "promo": "",
          "orgPrice": 5.8
        }
      },
      "categoryIds": ["w-pantry"],
      "similarProducts": []
    },
    {
      "id": "w-53375-9300617074755",
      "name": "Green & Black's Dark Chocolate Crisps Raisin & Hazelnuts",
      "brand": "Green & Black's",
      "imageUrls": "https://cdn0.woolworths.media/content/wowproductimages/large/053375.jpg",
      "storeId": "woolworths",
      "packageSize": "120g",
      "cupPrice": "$2.50 / 100G",
      "locations": {
        "ALL": {
          "price": 3,
          "discountRate": 45,
          "promo": "",
          "orgPrice": 5.5
        }
      },
      "categoryIds": ["w-pantry"],
      "similarProducts": []
    },
    {
      "id": "w-53378-9300617074731",
      "name": "Green & Black's Dark Chocolate Crisps Slated Caramel & Almonds",
      "brand": "Green & Black's",
      "imageUrls": "https://cdn0.woolworths.media/content/wowproductimages/large/053378.jpg",
      "storeId": "woolworths",
      "packageSize": "120g",
      "cupPrice": "$2.50 / 100G",
      "locations": {
        "ALL": {
          "price": 3,
          "discountRate": 45,
          "promo": "",
          "orgPrice": 5.5
        }
      },
      "categoryIds": ["w-pantry"],
      "similarProducts": []
    },
    {
      "id": "w-490105-9310273123889",
      "name": "Green's Cake Mix Caramel Mud",
      "brand": "Green's",
      "imageUrls": "https://cdn0.woolworths.media/content/wowproductimages/large/490105.jpg",
      "storeId": "woolworths",
      "packageSize": "600g",
      "cupPrice": "$0.33 / 100G",
      "locations": {
        "ALL": { "price": 2, "discountRate": 50, "promo": "", "orgPrice": 4 }
      },
      "categoryIds": ["w-pantry"],
      "similarProducts": []
    },
    {
      "id": "w-335575-9310273723508",
      "name": "Green's Cake Mix Chocolate Mud",
      "brand": "Green's",
      "imageUrls": "https://cdn0.woolworths.media/content/wowproductimages/large/335575.jpg",
      "storeId": "woolworths",
      "packageSize": "530g",
      "cupPrice": "$0.38 / 100G",
      "locations": {
        "ALL": { "price": 2, "discountRate": 50, "promo": "", "orgPrice": 4 }
      },
      "categoryIds": ["w-pantry"],
      "similarProducts": []
    },
    {
      "id": "w-827339-9310273115860",
      "name": "Green's Cookies & Cream Cupcakes Mix",
      "brand": "Green's",
      "imageUrls": "https://cdn0.woolworths.media/content/wowproductimages/large/827339.jpg",
      "storeId": "woolworths",
      "packageSize": "380g",
      "cupPrice": "$0.53 / 100G",
      "locations": {
        "ALL": { "price": 2, "discountRate": 50, "promo": "", "orgPrice": 4 }
      },
      "categoryIds": ["w-pantry"],
      "similarProducts": []
    },
    {
      "id": "w-255149-9310273122684",
      "name": "Green's Cupcake Vanilla Mix",
      "brand": "Green's",
      "imageUrls": "https://cdn0.woolworths.media/content/wowproductimages/large/255149.jpg",
      "storeId": "woolworths",
      "packageSize": "490g",
      "cupPrice": "$0.41 / 100G",
      "locations": {
        "ALL": { "price": 2, "discountRate": 50, "promo": "", "orgPrice": 4 }
      },
      "categoryIds": ["w-pantry"],
      "similarProducts": []
    },
    {
      "id": "w-68524-9310273001088",
      "name": "Green's Frozen Snowflake Cookies",
      "brand": "Green's",
      "imageUrls": "https://cdn0.woolworths.media/content/wowproductimages/large/068524.jpg",
      "storeId": "woolworths",
      "packageSize": "230g",
      "cupPrice": "$1.04 / 100G",
      "locations": {
        "ALL": {
          "price": 2.4,
          "discountRate": 40,
          "promo": "",
          "orgPrice": 4
        }
      },
      "categoryIds": ["w-pantry"],
      "similarProducts": []
    },
    {
      "id": "w-324843-9310273123155",
      "name": "Green's Orange Poppyseed Cake Mix",
      "brand": "Green's",
      "imageUrls": "https://cdn0.woolworths.media/content/wowproductimages/large/324843.jpg",
      "storeId": "woolworths",
      "packageSize": "580g",
      "cupPrice": "$0.34 / 100G",
      "locations": {
        "ALL": { "price": 2, "discountRate": 50, "promo": "", "orgPrice": 4 }
      },
      "categoryIds": ["w-pantry"],
      "similarProducts": []
    },
    {
      "id": "w-307799-9310273122622",
      "name": "Green's Pink Cupcakes Mix",
      "brand": "Green's",
      "imageUrls": "https://cdn0.woolworths.media/content/wowproductimages/large/307799.jpg",
      "storeId": "woolworths",
      "packageSize": "490g",
      "cupPrice": "$0.41 / 100G",
      "locations": {
        "ALL": { "price": 2, "discountRate": 50, "promo": "", "orgPrice": 4 }
      },
      "categoryIds": ["w-pantry"],
      "similarProducts": []
    },
    {
      "id": "w-575821-9310273124985",
      "name": "Green's Raspberry Crumble Slice",
      "brand": "Green's",
      "imageUrls": "https://cdn0.woolworths.media/content/wowproductimages/large/575821.jpg",
      "storeId": "woolworths",
      "packageSize": "380g",
      "cupPrice": "$0.53 / 100G",
      "locations": {
        "ALL": { "price": 2, "discountRate": 50, "promo": "", "orgPrice": 4 }
      },
      "categoryIds": ["w-pantry"],
      "similarProducts": []
    },
    {
      "id": "w-85456-9310273001347",
      "name": "Green's Temptations Blueberry & Buttermilk Pancake Shake",
      "brand": "Green's",
      "imageUrls": "https://cdn0.woolworths.media/content/wowproductimages/large/085456.jpg",
      "storeId": "woolworths",
      "packageSize": "325g",
      "cupPrice": "$0.62 / 100G",
      "locations": {
        "ALL": { "price": 2, "discountRate": 50, "promo": "", "orgPrice": 4 }
      },
      "categoryIds": ["w-pantry"],
      "similarProducts": []
    },
    {
      "id": "w-85049-9310273001545",
      "name": "Green's Temptations Choc Chip Buttermilk Pancake Shake",
      "brand": "Green's",
      "imageUrls": "https://cdn0.woolworths.media/content/wowproductimages/large/085049.jpg",
      "storeId": "woolworths",
      "packageSize": "335g",
      "cupPrice": "$0.60 / 100G",
      "locations": {
        "ALL": { "price": 2, "discountRate": 50, "promo": "", "orgPrice": 4 }
      },
      "categoryIds": ["w-pantry"],
      "similarProducts": []
    },
    {
      "id": "w-85691-9310273223589",
      "name": "Green's Temptations Chocolate Cupcake Mix",
      "brand": "Green's",
      "imageUrls": "https://cdn0.woolworths.media/content/wowproductimages/large/085691.jpg",
      "storeId": "woolworths",
      "packageSize": "450g",
      "cupPrice": "$0.44 / 100G",
      "locations": {
        "ALL": { "price": 2, "discountRate": 50, "promo": "", "orgPrice": 4 }
      },
      "categoryIds": ["w-pantry"],
      "similarProducts": []
    },
    {
      "id": "w-84960-9310273001330",
      "name": "Green's Trolls Learn To Bake Vanilla Cupcake Mix",
      "brand": "Green's",
      "imageUrls": "https://cdn0.woolworths.media/content/wowproductimages/large/084960.jpg",
      "storeId": "woolworths",
      "packageSize": "280g",
      "cupPrice": "$0.86 / 100G",
      "locations": {
        "ALL": {
          "price": 2.4,
          "discountRate": 40,
          "promo": "",
          "orgPrice": 4
        }
      },
      "categoryIds": ["w-pantry"],
      "similarProducts": []
    },
    {
      "id": "w-661633-9310273124893",
      "name": "Green's Vanilla Mud Cake Mix",
      "brand": "Green's",
      "imageUrls": "https://cdn0.woolworths.media/content/wowproductimages/large/661633.jpg",
      "storeId": "woolworths",
      "packageSize": "600g",
      "cupPrice": "$0.33 / 100G",
      "locations": {
        "ALL": { "price": 2, "discountRate": 50, "promo": "", "orgPrice": 4 }
      },
      "categoryIds": ["w-pantry"],
      "similarProducts": []
    },
    {
      "id": "w-21568-9300657008369",
      "name": "Greenseas Tuna Chunk In Olive Oil",
      "brand": "Greenseas",
      "imageUrls": "https://cdn0.woolworths.media/content/wowproductimages/large/021568.jpg",
      "storeId": "woolworths",
      "packageSize": "95g",
      "cupPrice": "$10.53 / 1KG",
      "locations": {
        "ALL": { "price": 1, "discountRate": 50, "promo": "", "orgPrice": 2 }
      },
      "categoryIds": ["w-pantry"],
      "similarProducts": []
    },
    {
      "id": "w-37250-9300657008444",
      "name": "Greenseas Tuna Chunk In Spring Water",
      "brand": "Greenseas",
      "imageUrls": "https://cdn0.woolworths.media/content/wowproductimages/large/037250.jpg",
      "storeId": "woolworths",
      "packageSize": "95g",
      "cupPrice": "$10.53 / 1KG",
      "locations": {
        "ALL": { "price": 1, "discountRate": 50, "promo": "", "orgPrice": 2 }
      },
      "categoryIds": ["w-pantry"],
      "similarProducts": []
    },
    {
      "id": "w-32153-93657341",
      "name": "Greenseas Tuna Chunks In Brine",
      "brand": "Greenseas",
      "imageUrls": "https://cdn0.woolworths.media/content/wowproductimages/large/032153.jpg",
      "storeId": "woolworths",
      "packageSize": "95g",
      "cupPrice": "$10.53 / 1KG",
      "locations": {
        "ALL": { "price": 1, "discountRate": 50, "promo": "", "orgPrice": 2 }
      },
      "categoryIds": ["w-pantry"],
      "similarProducts": []
    },
    {
      "id": "w-7733-93305143",
      "name": "Greenseas Tuna Lemon Pepper",
      "brand": "Greenseas",
      "imageUrls": "https://cdn0.woolworths.media/content/wowproductimages/large/007733.jpg",
      "storeId": "woolworths",
      "packageSize": "95g",
      "cupPrice": "$10.53 / 1KG",
      "locations": {
        "ALL": { "price": 1, "discountRate": 50, "promo": "", "orgPrice": 2 }
      },
      "categoryIds": ["w-pantry"],
      "similarProducts": []
    },
    {
      "id": "w-7707-93305150",
      "name": "Greenseas Tuna Natural Smoked Flavour",
      "brand": "Greenseas",
      "imageUrls": "https://cdn0.woolworths.media/content/wowproductimages/large/007707.jpg",
      "storeId": "woolworths",
      "packageSize": "95g",
      "cupPrice": "$10.53 / 1KG",
      "locations": {
        "ALL": { "price": 1, "discountRate": 50, "promo": "", "orgPrice": 2 }
      },
      "categoryIds": ["w-pantry"],
      "similarProducts": []
    },
    {
      "id": "w-21569-93657686",
      "name": "Greenseas Tuna Sandwich Flakes",
      "brand": "Greenseas",
      "imageUrls": "https://cdn0.woolworths.media/content/wowproductimages/large/021569.jpg",
      "storeId": "woolworths",
      "packageSize": "95g",
      "cupPrice": "$10.53 / 1KG",
      "locations": {
        "ALL": { "price": 1, "discountRate": 50, "promo": "", "orgPrice": 2 }
      },
      "categoryIds": ["w-pantry"],
      "similarProducts": []
    },
    {
      "id": "w-185814-9300657029357",
      "name": "Greenseas Tuna Spicy Chilli",
      "brand": "Greenseas",
      "imageUrls": "https://cdn0.woolworths.media/content/wowproductimages/large/185814.jpg",
      "storeId": "woolworths",
      "packageSize": "95g",
      "cupPrice": "$10.53 / 1KG",
      "locations": {
        "ALL": { "price": 1, "discountRate": 50, "promo": "", "orgPrice": 2 }
      },
      "categoryIds": ["w-pantry"],
      "similarProducts": []
    },
    {
      "id": "w-185815-9300657029364",
      "name": "Greenseas Tuna Sundried Tomato & Onion",
      "brand": "Greenseas",
      "imageUrls": "https://cdn0.woolworths.media/content/wowproductimages/large/185815.jpg",
      "storeId": "woolworths",
      "packageSize": "95g",
      "cupPrice": "$10.53 / 1KG",
      "locations": {
        "ALL": { "price": 1, "discountRate": 50, "promo": "", "orgPrice": 2 }
      },
      "categoryIds": ["w-pantry"],
      "similarProducts": []
    },
    {
      "id": "w-85719-93430906",
      "name": "Greenseas Tuna Sweet Chilli",
      "brand": "Greenseas",
      "imageUrls": "https://cdn0.woolworths.media/content/wowproductimages/large/085719.jpg",
      "storeId": "woolworths",
      "packageSize": "95g",
      "cupPrice": "$10.53 / 1KG",
      "locations": {
        "ALL": { "price": 1, "discountRate": 50, "promo": "", "orgPrice": 2 }
      },
      "categoryIds": ["w-pantry"],
      "similarProducts": []
    },
    {
      "id": "w-7648-93305174",
      "name": "Greenseas Tuna Tomato & Onion",
      "brand": "Greenseas",
      "imageUrls": "https://cdn0.woolworths.media/content/wowproductimages/large/007648.jpg",
      "storeId": "woolworths",
      "packageSize": "95g",
      "cupPrice": "$10.53 / 1KG",
      "locations": {
        "ALL": { "price": 1, "discountRate": 50, "promo": "", "orgPrice": 2 }
      },
      "categoryIds": ["w-pantry"],
      "similarProducts": []
    },
    {
      "id": "w-99962-9400554001477",
      "name": "Happy Valley 100% Pure Honey",
      "brand": "Happy Valley",
      "imageUrls": "https://cdn0.woolworths.media/content/wowproductimages/large/099962.jpg",
      "storeId": "woolworths",
      "packageSize": "500g",
      "cupPrice": "$1.50 / 100G",
      "locations": {
        "ALL": {
          "price": 7.5,
          "discountRate": 13,
          "promo": "",
          "orgPrice": 8.6
        }
      },
      "categoryIds": ["w-pantry"],
      "similarProducts": []
    },
    {
      "id": "w-83808-9350007004534",
      "name": "Hart & Soul All Natural Butter Chicken Recipe Base",
      "brand": "Hart & Soul",
      "imageUrls": "https://cdn0.woolworths.media/content/wowproductimages/large/083808.jpg",
      "storeId": "woolworths",
      "packageSize": "80g",
      "cupPrice": "$1.56 / 100G",
      "locations": {
        "ALL": {
          "price": 1.25,
          "discountRate": 50,
          "promo": "",
          "orgPrice": 2.5
        }
      },
      "categoryIds": ["w-pantry"],
      "similarProducts": []
    },
    {
      "id": "w-84052-9350007004480",
      "name": "Hart & Soul All Natural Green Curry Recipe Base",
      "brand": "Hart & Soul",
      "imageUrls": "https://cdn0.woolworths.media/content/wowproductimages/large/084052.jpg",
      "storeId": "woolworths",
      "packageSize": "80g",
      "cupPrice": "$1.56 / 100G",
      "locations": {
        "ALL": {
          "price": 1.25,
          "discountRate": 50,
          "promo": "",
          "orgPrice": 2.5
        }
      },
      "categoryIds": ["w-pantry"],
      "similarProducts": []
    },
    {
      "id": "w-84049-9350007004510",
      "name": "Hart & Soul All Natural Laksa Recipe Base",
      "brand": "Hart & Soul",
      "imageUrls": "https://cdn0.woolworths.media/content/wowproductimages/large/084049.jpg",
      "storeId": "woolworths",
      "packageSize": "80g",
      "cupPrice": "$1.56 / 100G",
      "locations": {
        "ALL": {
          "price": 1.25,
          "discountRate": 50,
          "promo": "",
          "orgPrice": 2.5
        }
      },
      "categoryIds": ["w-pantry"],
      "similarProducts": []
    },
    {
      "id": "w-84046-9350007004503",
      "name": "Hart & Soul All Natural Massaman Curry Recipe Base",
      "brand": "Hart & Soul",
      "imageUrls": "https://cdn0.woolworths.media/content/wowproductimages/large/084046.jpg",
      "storeId": "woolworths",
      "packageSize": "80g",
      "cupPrice": "$1.56 / 100G",
      "locations": {
        "ALL": {
          "price": 1.25,
          "discountRate": 50,
          "promo": "",
          "orgPrice": 2.5
        }
      },
      "categoryIds": ["w-pantry"],
      "similarProducts": []
    },
    {
      "id": "w-84047-9350007004978",
      "name": "Hart & Soul All Natural Moroccan Tagine Recipe Base",
      "brand": "Hart & Soul",
      "imageUrls": "https://cdn0.woolworths.media/content/wowproductimages/large/084047.jpg",
      "storeId": "woolworths",
      "packageSize": "80g",
      "cupPrice": "$1.56 / 100G",
      "locations": {
        "ALL": {
          "price": 1.25,
          "discountRate": 50,
          "promo": "",
          "orgPrice": 2.5
        }
      },
      "categoryIds": ["w-pantry"],
      "similarProducts": []
    },
    {
      "id": "w-84048-9350007004558",
      "name": "Hart & Soul All Natural Nasi Goreng Recipe Base",
      "brand": "Hart & Soul",
      "imageUrls": "https://cdn0.woolworths.media/content/wowproductimages/large/084048.jpg",
      "storeId": "woolworths",
      "packageSize": "80g",
      "cupPrice": "$1.56 / 100G",
      "locations": {
        "ALL": {
          "price": 1.25,
          "discountRate": 50,
          "promo": "",
          "orgPrice": 2.5
        }
      },
      "categoryIds": ["w-pantry"],
      "similarProducts": []
    },
    {
      "id": "w-84042-9350007004572",
      "name": "Hart & Soul All Natural Pad Thai Recipe Base",
      "brand": "Hart & Soul",
      "imageUrls": "https://cdn0.woolworths.media/content/wowproductimages/large/084042.jpg",
      "storeId": "woolworths",
      "packageSize": "80g",
      "cupPrice": "$1.56 / 100G",
      "locations": {
        "ALL": {
          "price": 1.25,
          "discountRate": 50,
          "promo": "",
          "orgPrice": 2.5
        }
      },
      "categoryIds": ["w-pantry"],
      "similarProducts": []
    },
    {
      "id": "w-84043-9350007004947",
      "name": "Hart & Soul All Natural Panang Curry Recipe Base",
      "brand": "Hart & Soul",
      "imageUrls": "https://cdn0.woolworths.media/content/wowproductimages/large/084043.jpg",
      "storeId": "woolworths",
      "packageSize": "80g",
      "cupPrice": "$1.56 / 100G",
      "locations": {
        "ALL": {
          "price": 1.25,
          "discountRate": 50,
          "promo": "",
          "orgPrice": 2.5
        }
      },
      "categoryIds": ["w-pantry"],
      "similarProducts": []
    },
    {
      "id": "w-84044-9350007004497",
      "name": "Hart & Soul All Natural Red Curry Recipe Base",
      "brand": "Hart & Soul",
      "imageUrls": "https://cdn0.woolworths.media/content/wowproductimages/large/084044.jpg",
      "storeId": "woolworths",
      "packageSize": "80g",
      "cupPrice": "$1.56 / 100G",
      "locations": {
        "ALL": {
          "price": 1.25,
          "discountRate": 50,
          "promo": "",
          "orgPrice": 2.5
        }
      },
      "categoryIds": ["w-pantry"],
      "similarProducts": []
    },
    {
      "id": "w-83821-9350007004589",
      "name": "Hart & Soul All Natural Rendang Curry Recipe Base",
      "brand": "Hart & Soul",
      "imageUrls": "https://cdn0.woolworths.media/content/wowproductimages/large/083821.jpg",
      "storeId": "woolworths",
      "packageSize": "80g",
      "cupPrice": "$1.56 / 100G",
      "locations": {
        "ALL": {
          "price": 1.25,
          "discountRate": 50,
          "promo": "",
          "orgPrice": 2.5
        }
      },
      "categoryIds": ["w-pantry"],
      "similarProducts": []
    },
    {
      "id": "w-84053-9350007004954",
      "name": "Hart & Soul All Natural Satay Curry Recipe Base",
      "brand": "Hart & Soul",
      "imageUrls": "https://cdn0.woolworths.media/content/wowproductimages/large/084053.jpg",
      "storeId": "woolworths",
      "packageSize": "80g",
      "cupPrice": "$1.56 / 100G",
      "locations": {
        "ALL": {
          "price": 1.25,
          "discountRate": 50,
          "promo": "",
          "orgPrice": 2.5
        }
      },
      "categoryIds": ["w-pantry"],
      "similarProducts": []
    },
    {
      "id": "w-83635-9350007004565",
      "name": "Hart & Soul All Natural Stroganoff Recipe Base",
      "brand": "Hart & Soul",
      "imageUrls": "https://cdn0.woolworths.media/content/wowproductimages/large/083635.jpg",
      "storeId": "woolworths",
      "packageSize": "80g",
      "cupPrice": "$1.56 / 100G",
      "locations": {
        "ALL": {
          "price": 1.25,
          "discountRate": 50,
          "promo": "",
          "orgPrice": 2.5
        }
      },
      "categoryIds": ["w-pantry"],
      "similarProducts": []
    },
    {
      "id": "w-86852-9350007004992",
      "name": "Hart & Soul All Natural Supergrain Teriyaki Chicken",
      "brand": "Hart & Soul",
      "imageUrls": "https://cdn0.woolworths.media/content/wowproductimages/large/086852.jpg",
      "storeId": "woolworths",
      "packageSize": "250g",
      "cupPrice": "$1.40 / 100G",
      "locations": {
        "ALL": {
          "price": 3.5,
          "discountRate": 30,
          "promo": "",
          "orgPrice": 5
        }
      },
      "categoryIds": ["w-pantry"],
      "similarProducts": []
    },
    {
      "id": "w-86692-9350007004985",
      "name": "Hart & Soul All Natural Supergrain Satay Chicken",
      "brand": "Hart & Soul",
      "imageUrls": "https://cdn0.woolworths.media/content/wowproductimages/large/086692.jpg",
      "storeId": "woolworths",
      "packageSize": "250g",
      "cupPrice": "$1.40 / 100G",
      "locations": {
        "ALL": {
          "price": 3.5,
          "discountRate": 30,
          "promo": "",
          "orgPrice": 5
        }
      },
      "categoryIds": ["w-pantry"],
      "similarProducts": []
    },
    {
      "id": "w-83820-9350007004527",
      "name": "Hart & Soul All Natural Teriyaki Stir Fry Recipe Base",
      "brand": "Hart & Soul",
      "imageUrls": "https://cdn0.woolworths.media/content/wowproductimages/large/083820.jpg",
      "storeId": "woolworths",
      "packageSize": "80g",
      "cupPrice": "$1.56 / 100G",
      "locations": {
        "ALL": {
          "price": 1.25,
          "discountRate": 50,
          "promo": "",
          "orgPrice": 2.5
        }
      },
      "categoryIds": ["w-pantry"],
      "similarProducts": []
    },
    {
      "id": "w-84050-9350007004473",
      "name": "Hart & Soul All Natural Tikka Masala Recipe Base",
      "brand": "Hart & Soul",
      "imageUrls": "https://cdn0.woolworths.media/content/wowproductimages/large/084050.jpg",
      "storeId": "woolworths",
      "packageSize": "80g",
      "cupPrice": "$1.56 / 100G",
      "locations": {
        "ALL": {
          "price": 1.25,
          "discountRate": 50,
          "promo": "",
          "orgPrice": 2.5
        }
      },
      "categoryIds": ["w-pantry"],
      "similarProducts": []
    },
    {
      "id": "w-82416-9350007003353",
      "name": "Hart & Soul Beef Bone Broth Soup",
      "brand": "Hart & Soul",
      "imageUrls": "https://cdn0.woolworths.media/content/wowproductimages/large/082416.jpg",
      "storeId": "woolworths",
      "packageSize": "350g",
      "cupPrice": "$0.86 / 100G",
      "locations": {
        "ALL": { "price": 3, "discountRate": 25, "promo": "", "orgPrice": 4 }
      },
      "categoryIds": ["w-pantry"],
      "similarProducts": []
    },
    {
      "id": "w-81271-9350007003360",
      "name": "Hart & Soul Chicken Bone Broth Soup",
      "brand": "Hart & Soul",
      "imageUrls": "https://cdn0.woolworths.media/content/wowproductimages/large/081271.jpg",
      "storeId": "woolworths",
      "packageSize": "350g",
      "cupPrice": "$0.86 / 100G",
      "locations": {
        "ALL": { "price": 3, "discountRate": 25, "promo": "", "orgPrice": 4 }
      },
      "categoryIds": ["w-pantry"],
      "similarProducts": []
    },
    {
      "id": "w-805176-9350007000048",
      "name": "Hart & Soul Nasi Goreng",
      "brand": "Hart & Soul",
      "imageUrls": "https://cdn0.woolworths.media/content/wowproductimages/large/805176.jpg",
      "storeId": "woolworths",
      "packageSize": "250g",
      "cupPrice": "$1.40 / 100G",
      "locations": {
        "ALL": {
          "price": 3.5,
          "discountRate": 30,
          "promo": "",
          "orgPrice": 5
        }
      },
      "categoryIds": ["w-pantry"],
      "similarProducts": []
    },
    {
      "id": "w-805178-9350007000062",
      "name": "Hart & Soul Panang Curry",
      "brand": "Hart & Soul",
      "imageUrls": "https://cdn0.woolworths.media/content/wowproductimages/large/805178.jpg",
      "storeId": "woolworths",
      "packageSize": "250g",
      "cupPrice": "$1.40 / 100G",
      "locations": {
        "ALL": {
          "price": 3.5,
          "discountRate": 30,
          "promo": "",
          "orgPrice": 5
        }
      },
      "categoryIds": ["w-pantry"],
      "similarProducts": []
    },
    {
      "id": "w-805108-9350007000017",
      "name": "Hart & Soul Supergrain Butter Chicken",
      "brand": "Hart & Soul",
      "imageUrls": "https://cdn0.woolworths.media/content/wowproductimages/large/805108.jpg",
      "storeId": "woolworths",
      "packageSize": "250g",
      "cupPrice": "$1.40 / 100G",
      "locations": {
        "ALL": {
          "price": 3.5,
          "discountRate": 30,
          "promo": "",
          "orgPrice": 5
        }
      },
      "categoryIds": ["w-pantry"],
      "similarProducts": []
    },
    {
      "id": "w-82554-9350007003377",
      "name": "Hart & Soul Vegetable Broth Soup",
      "brand": "Hart & Soul",
      "imageUrls": "https://cdn0.woolworths.media/content/wowproductimages/large/082554.jpg",
      "storeId": "woolworths",
      "packageSize": "350g",
      "cupPrice": "$0.86 / 100G",
      "locations": {
        "ALL": { "price": 3, "discountRate": 25, "promo": "", "orgPrice": 4 }
      },
      "categoryIds": ["w-pantry"],
      "similarProducts": []
    },
    {
      "id": "w-811775-9349809001254",
      "name": "Health Lab Kids Probiotic Berry Bites",
      "brand": "Health Lab",
      "imageUrls": "https://cdn0.woolworths.media/content/wowproductimages/large/811775.jpg",
      "storeId": "woolworths",
      "packageSize": "5 pack",
      "cupPrice": "$2.75 / 100G",
      "locations": {
        "ALL": {
          "price": 2.75,
          "discountRate": 50,
          "promo": "",
          "orgPrice": 5.5
        }
      },
      "categoryIds": ["w-pantry"],
      "similarProducts": []
    },
    {
      "id": "w-811777-9349809000844",
      "name": "Health Lab Kids Probiotic Chocolate Coconut Bites",
      "brand": "Health Lab",
      "imageUrls": "https://cdn0.woolworths.media/content/wowproductimages/large/811777.jpg",
      "storeId": "woolworths",
      "packageSize": "5 pack",
      "cupPrice": "$2.75 / 100G",
      "locations": {
        "ALL": {
          "price": 2.75,
          "discountRate": 50,
          "promo": "",
          "orgPrice": 5.5
        }
      },
      "categoryIds": ["w-pantry"],
      "similarProducts": []
    },
    {
      "id": "w-56866-9310665009104",
      "name": "Health Rite Vegetable Salt",
      "brand": "Health Rite",
      "imageUrls": "https://cdn0.woolworths.media/content/wowproductimages/large/056866.jpg",
      "storeId": "woolworths",
      "packageSize": "250g",
      "cupPrice": "$0.09 / 10G",
      "locations": {
        "ALL": {
          "price": 2.25,
          "discountRate": 18,
          "promo": "",
          "orgPrice": 2.75
        }
      },
      "categoryIds": ["w-pantry"],
      "similarProducts": []
    },
    {
      "id": "w-824743-94975765",
      "name": "Healtheries No Added Sugar Bar Milk Chocolate",
      "brand": "Healtheries",
      "imageUrls": "https://cdn0.woolworths.media/content/wowproductimages/large/824743.jpg",
      "storeId": "woolworths",
      "packageSize": null,
      "cupPrice": "$8.10 / 100G",
      "locations": {
        "ALL": {
          "price": 1.7,
          "discountRate": 15,
          "promo": "",
          "orgPrice": 1.99
        }
      },
      "categoryIds": ["w-pantry"],
      "similarProducts": []
    },
    {
      "id": "w-824220-94975789",
      "name": "Healtheries Sugar Free Bars Caramel",
      "brand": "Healtheries",
      "imageUrls": "https://cdn0.woolworths.media/content/wowproductimages/large/824220.jpg",
      "storeId": "woolworths",
      "packageSize": "each",
      "cupPrice": "$8.10 / 100G",
      "locations": {
        "ALL": {
          "price": 1.7,
          "discountRate": 15,
          "promo": "",
          "orgPrice": 1.99
        }
      },
      "categoryIds": ["w-pantry"],
      "similarProducts": []
    },
    {
      "id": "w-808850-9421905244022",
      "name": "Heilala Baking Blend Vanilla Bean Paste",
      "brand": "Heilala",
      "imageUrls": "https://cdn0.woolworths.media/content/wowproductimages/large/808850.jpg",
      "storeId": "woolworths",
      "packageSize": "65g",
      "cupPrice": "$9.23 / 100G",
      "locations": {
        "ALL": { "price": 6, "discountRate": 25, "promo": "", "orgPrice": 8 }
      },
      "categoryIds": ["w-pantry"],
      "similarProducts": []
    },
    {
      "id": "w-742286-9300657034733",
      "name": "Heinz Baked Beans & Sausages",
      "brand": "Heinz",
      "imageUrls": "https://cdn0.woolworths.media/content/wowproductimages/large/742286.jpg",
      "storeId": "woolworths",
      "packageSize": "420g",
      "cupPrice": "$0.45 / 100G",
      "locations": {
        "ALL": {
          "price": 1.9,
          "discountRate": 14,
          "promo": "",
          "orgPrice": 2.2
        }
      },
      "categoryIds": ["w-pantry"],
      "similarProducts": []
    },
    {
      "id": "w-657431-9300657234898",
      "name": "Heinz Baked Beans Bbq Sauce",
      "brand": "Heinz",
      "imageUrls": "https://cdn0.woolworths.media/content/wowproductimages/large/657431.jpg",
      "storeId": "woolworths",
      "packageSize": "555g",
      "cupPrice": "$0.36 / 100G",
      "locations": {
        "ALL": {
          "price": 2,
          "discountRate": 20,
          "promo": "",
          "orgPrice": 2.5
        }
      },
      "categoryIds": ["w-pantry"],
      "similarProducts": []
    },
    {
      "id": "w-657423-9300657234874",
      "name": "Heinz Baked Beans English Recipe",
      "brand": "Heinz",
      "imageUrls": "https://cdn0.woolworths.media/content/wowproductimages/large/657423.jpg",
      "storeId": "woolworths",
      "packageSize": "555g",
      "cupPrice": "$0.36 / 100G",
      "locations": {
        "ALL": {
          "price": 2,
          "discountRate": 20,
          "promo": "",
          "orgPrice": 2.5
        }
      },
      "categoryIds": ["w-pantry"],
      "similarProducts": []
    },
    {
      "id": "w-657432-9300657234881",
      "name": "Heinz Baked Beans Ham Sauce",
      "brand": "Heinz",
      "imageUrls": "https://cdn0.woolworths.media/content/wowproductimages/large/657432.jpg",
      "storeId": "woolworths",
      "packageSize": "555g",
      "cupPrice": "$0.36 / 100G",
      "locations": {
        "ALL": {
          "price": 2,
          "discountRate": 20,
          "promo": "",
          "orgPrice": 2.5
        }
      },
      "categoryIds": ["w-pantry"],
      "similarProducts": []
    },
    {
      "id": "w-657425-9300657234904",
      "name": "Heinz Baked Beans Salt Reduced",
      "brand": "Heinz",
      "imageUrls": "https://cdn0.woolworths.media/content/wowproductimages/large/657425.jpg",
      "storeId": "woolworths",
      "packageSize": "555g",
      "cupPrice": "$0.36 / 100G",
      "locations": {
        "ALL": {
          "price": 2,
          "discountRate": 20,
          "promo": "",
          "orgPrice": 2.5
        }
      },
      "categoryIds": ["w-pantry"],
      "similarProducts": []
    },
    {
      "id": "w-657421-9300657234867",
      "name": "Heinz Baked Beans Tomato Sauce",
      "brand": "Heinz",
      "imageUrls": "https://cdn0.woolworths.media/content/wowproductimages/large/657421.jpg",
      "storeId": "woolworths",
      "packageSize": "555g",
      "cupPrice": "$0.36 / 100G",
      "locations": {
        "ALL": {
          "price": 2,
          "discountRate": 20,
          "promo": "",
          "orgPrice": 2.5
        }
      },
      "categoryIds": ["w-pantry"],
      "similarProducts": []
    },
    {
      "id": "w-59852-9300657300104",
      "name": "Heinz Burger Sauce Original",
      "brand": "Heinz",
      "imageUrls": "https://cdn0.woolworths.media/content/wowproductimages/large/059852.jpg",
      "storeId": "woolworths",
      "packageSize": "295ml",
      "cupPrice": "$1.19 / 100ML",
      "locations": {
        "ALL": {
          "price": 3.5,
          "discountRate": 13,
          "promo": "",
          "orgPrice": 4
        }
      },
      "categoryIds": ["w-pantry"],
      "similarProducts": []
    },
    {
      "id": "w-799459-9300657021870",
      "name": "Heinz Seriously Good Garlic Aioli Mayonnaise",
      "brand": "Heinz",
      "imageUrls": "https://cdn0.woolworths.media/content/wowproductimages/large/799459.jpg",
      "storeId": "woolworths",
      "packageSize": "500ml",
      "cupPrice": "$1.00 / 100ML",
      "locations": {
        "ALL": { "price": 5, "discountRate": 17, "promo": "", "orgPrice": 6 }
      },
      "categoryIds": ["w-pantry"],
      "similarProducts": []
    },
    {
      "id": "w-799368-9300657021863",
      "name": "Heinz Seriously Good Whole Egg Mayonnaise",
      "brand": "Heinz",
      "imageUrls": "https://cdn0.woolworths.media/content/wowproductimages/large/799368.jpg",
      "storeId": "woolworths",
      "packageSize": "500ml",
      "cupPrice": "$1.00 / 100ML",
      "locations": {
        "ALL": { "price": 5, "discountRate": 17, "promo": "", "orgPrice": 6 }
      },
      "categoryIds": ["w-pantry"],
      "similarProducts": []
    },
    {
      "id": "w-683110-9300657155766",
      "name": "Heinz Smokey Barbeque Sauce",
      "brand": "Heinz",
      "imageUrls": "https://cdn0.woolworths.media/content/wowproductimages/large/683110.jpg",
      "storeId": "woolworths",
      "packageSize": "500ml",
      "cupPrice": "$0.54 / 100ML",
      "locations": {
        "ALL": {
          "price": 2.7,
          "discountRate": 16,
          "promo": "",
          "orgPrice": 3.2
        }
      },
      "categoryIds": ["w-pantry"],
      "similarProducts": []
    },
    {
      "id": "w-750320-9300657236847",
      "name": "Heinz Soup Of The Day Buttercup Pumpkin & Veg",
      "brand": "Heinz",
      "imageUrls": "https://cdn0.woolworths.media/content/wowproductimages/large/750320.jpg",
      "storeId": "woolworths",
      "packageSize": "430g",
      "cupPrice": "$0.58 / 100G",
      "locations": {
        "ALL": {
          "price": 2.5,
          "discountRate": 17,
          "promo": "",
          "orgPrice": 3
        }
      },
      "categoryIds": ["w-pantry"],
      "similarProducts": []
    },
    {
      "id": "w-828492-9300657236946",
      "name": "Heinz Soup Of The Day Pouch 7 Veg Garden Herb",
      "brand": "Heinz",
      "imageUrls": "https://cdn0.woolworths.media/content/wowproductimages/large/828492.jpg",
      "storeId": "woolworths",
      "packageSize": "430g",
      "cupPrice": "$0.58 / 100G",
      "locations": {
        "ALL": {
          "price": 2.5,
          "discountRate": 17,
          "promo": "",
          "orgPrice": 3
        }
      },
      "categoryIds": ["w-pantry"],
      "similarProducts": []
    },
    {
      "id": "w-781575-9300657236908",
      "name": "Heinz Soup Of The Day Pouch Chicken With Bean & Paprika",
      "brand": "Heinz",
      "imageUrls": "https://cdn0.woolworths.media/content/wowproductimages/large/781575.jpg",
      "storeId": "woolworths",
      "packageSize": "430g",
      "cupPrice": "$0.58 / 100G",
      "locations": {
        "ALL": {
          "price": 2.5,
          "discountRate": 17,
          "promo": "",
          "orgPrice": 3
        }
      },
      "categoryIds": ["w-pantry"],
      "similarProducts": []
    },
    {
      "id": "w-856305-9300657236977",
      "name": "Heinz Soup Of The Day Pouch Creamy Potato & Leek Soup",
      "brand": "Heinz",
      "imageUrls": "https://cdn0.woolworths.media/content/wowproductimages/large/856305.jpg",
      "storeId": "woolworths",
      "packageSize": "430g",
      "cupPrice": "$0.58 / 100G",
      "locations": {
        "ALL": {
          "price": 2.5,
          "discountRate": 17,
          "promo": "",
          "orgPrice": 3
        }
      },
      "categoryIds": ["w-pantry"],
      "similarProducts": []
    },
    {
      "id": "w-750522-9300657236854",
      "name": "Heinz Soup Of The Day Pouch Mushroom With Thyme",
      "brand": "Heinz",
      "imageUrls": "https://cdn0.woolworths.media/content/wowproductimages/large/750522.jpg",
      "storeId": "woolworths",
      "packageSize": "430g",
      "cupPrice": "$0.58 / 100G",
      "locations": {
        "ALL": {
          "price": 2.5,
          "discountRate": 17,
          "promo": "",
          "orgPrice": 3
        }
      },
      "categoryIds": ["w-pantry"],
      "similarProducts": []
    },
    {
      "id": "w-750514-9300657236816",
      "name": "Heinz Soup Of The Day Pouch Old Fashion Chicken",
      "brand": "Heinz",
      "imageUrls": "https://cdn0.woolworths.media/content/wowproductimages/large/750514.jpg",
      "storeId": "woolworths",
      "packageSize": "430g",
      "cupPrice": "$0.58 / 100G",
      "locations": {
        "ALL": {
          "price": 2.5,
          "discountRate": 17,
          "promo": "",
          "orgPrice": 3
        }
      },
      "categoryIds": ["w-pantry"],
      "similarProducts": []
    },
    {
      "id": "w-781572-9300657236922",
      "name": "Heinz Soup Of The Day Pouch Pea And Ham",
      "brand": "Heinz",
      "imageUrls": "https://cdn0.woolworths.media/content/wowproductimages/large/781572.jpg",
      "storeId": "woolworths",
      "packageSize": "430g",
      "cupPrice": "$0.58 / 100G",
      "locations": {
        "ALL": {
          "price": 2.5,
          "discountRate": 17,
          "promo": "",
          "orgPrice": 3
        }
      },
      "categoryIds": ["w-pantry"],
      "similarProducts": []
    },
    {
      "id": "w-750524-9300657236878",
      "name": "Heinz Soup Of The Day Pouch Spicy Pumpkin",
      "brand": "Heinz",
      "imageUrls": "https://cdn0.woolworths.media/content/wowproductimages/large/750524.jpg",
      "storeId": "woolworths",
      "packageSize": "430g",
      "cupPrice": "$0.58 / 100G",
      "locations": {
        "ALL": {
          "price": 2.5,
          "discountRate": 17,
          "promo": "",
          "orgPrice": 3
        }
      },
      "categoryIds": ["w-pantry"],
      "similarProducts": []
    },
    {
      "id": "w-828484-9300657236953",
      "name": "Heinz Soup Of The Day Pouch Sweet Potato Chickpea",
      "brand": "Heinz",
      "imageUrls": "https://cdn0.woolworths.media/content/wowproductimages/large/828484.jpg",
      "storeId": "woolworths",
      "packageSize": "430g",
      "cupPrice": "$0.58 / 100G",
      "locations": {
        "ALL": {
          "price": 2.5,
          "discountRate": 17,
          "promo": "",
          "orgPrice": 3
        }
      },
      "categoryIds": ["w-pantry"],
      "similarProducts": []
    },
    {
      "id": "w-781560-9300657236915",
      "name": "Heinz Soup Of The Day Pouch Thai Chicken Chilli And Lime",
      "brand": "Heinz",
      "imageUrls": "https://cdn0.woolworths.media/content/wowproductimages/large/781560.jpg",
      "storeId": "woolworths",
      "packageSize": "430g",
      "cupPrice": "$0.58 / 100G",
      "locations": {
        "ALL": {
          "price": 2.5,
          "discountRate": 17,
          "promo": "",
          "orgPrice": 3
        }
      },
      "categoryIds": ["w-pantry"],
      "similarProducts": []
    },
    {
      "id": "w-750525-9300657236885",
      "name": "Heinz Soup Of The Day Pouch Tom Veg & Lentil",
      "brand": "Heinz",
      "imageUrls": "https://cdn0.woolworths.media/content/wowproductimages/large/750525.jpg",
      "storeId": "woolworths",
      "packageSize": "430g",
      "cupPrice": "$0.58 / 100G",
      "locations": {
        "ALL": {
          "price": 2.5,
          "discountRate": 17,
          "promo": "",
          "orgPrice": 3
        }
      },
      "categoryIds": ["w-pantry"],
      "similarProducts": []
    },
    {
      "id": "w-856749-9300657236960",
      "name": "Heinz Soup Of The Day Veg & Lentil With Chilli Smoked Paprika",
      "brand": "Heinz",
      "imageUrls": "https://cdn0.woolworths.media/content/wowproductimages/large/856749.jpg",
      "storeId": "woolworths",
      "packageSize": "430g",
      "cupPrice": "$0.58 / 100G",
      "locations": {
        "ALL": {
          "price": 2.5,
          "discountRate": 17,
          "promo": "",
          "orgPrice": 3
        }
      },
      "categoryIds": ["w-pantry"],
      "similarProducts": []
    },
    {
      "id": "w-758117-9300657034726",
      "name": "Heinz Spaghetti & Meatballs In Tomato Sauce",
      "brand": "Heinz",
      "imageUrls": "https://cdn0.woolworths.media/content/wowproductimages/large/758117.jpg",
      "storeId": "woolworths",
      "packageSize": "420g",
      "cupPrice": "$0.45 / 100G",
      "locations": {
        "ALL": {
          "price": 1.9,
          "discountRate": 14,
          "promo": "",
          "orgPrice": 2.2
        }
      },
      "categoryIds": ["w-pantry"],
      "similarProducts": []
    },
    {
      "id": "w-698733-9300657036317",
      "name": "Heinz Spaghetti Tomato Sauce",
      "brand": "Heinz",
      "imageUrls": "https://cdn0.woolworths.media/content/wowproductimages/large/698733.jpg",
      "storeId": "woolworths",
      "packageSize": "535g",
      "cupPrice": "$0.37 / 100G",
      "locations": {
        "ALL": {
          "price": 2,
          "discountRate": 20,
          "promo": "",
          "orgPrice": 2.5
        }
      },
      "categoryIds": ["w-pantry"],
      "similarProducts": []
    },
    {
      "id": "w-607577-9300657114411",
      "name": "Heinz Tomato Ketchup Less Sugar",
      "brand": "Heinz",
      "imageUrls": "https://cdn0.woolworths.media/content/wowproductimages/large/607577.jpg",
      "storeId": "woolworths",
      "packageSize": "500ml",
      "cupPrice": "$0.54 / 100ML",
      "locations": {
        "ALL": {
          "price": 2.7,
          "discountRate": 16,
          "promo": "",
          "orgPrice": 3.2
        }
      },
      "categoryIds": ["w-pantry"],
      "similarProducts": []
    },
    {
      "id": "w-83563-13000513500",
      "name": "Heinz Tomato Sauce Ketchup",
      "brand": "Heinz",
      "imageUrls": "https://cdn0.woolworths.media/content/wowproductimages/large/083563.jpg",
      "storeId": "woolworths",
      "packageSize": "500ml",
      "cupPrice": "$0.54 / 100ML",
      "locations": {
        "ALL": {
          "price": 2.7,
          "discountRate": 16,
          "promo": "",
          "orgPrice": 3.2
        }
      },
      "categoryIds": ["w-pantry"],
      "similarProducts": []
    },
    {
      "id": "w-742287-2100007422879",
      "name": "Heinz Spaghetti & Sausages & Tomato Sauce",
      "brand": "Heinz",
      "imageUrls": "https://cdn0.woolworths.media/content/wowproductimages/large/742287.jpg",
      "storeId": "woolworths",
      "packageSize": "420g",
      "cupPrice": "$0.45 / 100G",
      "locations": {
        "ALL": {
          "price": 1.9,
          "discountRate": 14,
          "promo": "",
          "orgPrice": 2.2
        }
      },
      "categoryIds": ["w-pantry"],
      "similarProducts": []
    },
    {
      "id": "w-263256-4902663006633",
      "name": "Hikari Japanese Miso Soup Instant Wakame",
      "brand": "Hikari",
      "imageUrls": "https://cdn0.woolworths.media/content/wowproductimages/large/263256.jpg",
      "storeId": "woolworths",
      "packageSize": "216g",
      "cupPrice": "$1.53 / 100G",
      "locations": {
        "ALL": {
          "price": 3.3,
          "discountRate": 14,
          "promo": "",
          "orgPrice": 3.85
        }
      },
      "categoryIds": ["w-pantry"],
      "similarProducts": []
    },
    {
      "id": "w-37774-9310047202048",
      "name": "Holbrooks Sauce Worcestershire",
      "brand": "Holbrooks",
      "imageUrls": "https://cdn0.woolworths.media/content/wowproductimages/large/037774.jpg",
      "storeId": "woolworths",
      "packageSize": "500ml",
      "cupPrice": "$1.00 / 100ML",
      "locations": {
        "ALL": { "price": 5, "discountRate": 9, "promo": "", "orgPrice": 5.5 }
      },
      "categoryIds": ["w-pantry"],
      "similarProducts": []
    },
    {
      "id": "w-196096-93613590",
      "name": "Hubba Bubba Groovy Grape Bubble Gum Tape",
      "brand": "Hubba Bubba",
      "imageUrls": "https://cdn0.woolworths.media/content/wowproductimages/large/196096.jpg",
      "storeId": "woolworths",
      "packageSize": "56g",
      "cupPrice": "$3.57 / 100G",
      "locations": {
        "ALL": {
          "price": 2,
          "discountRate": 17,
          "promo": "",
          "orgPrice": 2.4
        }
      },
      "categoryIds": ["w-pantry"],
      "similarProducts": []
    },
    {
      "id": "w-196083-93613583",
      "name": "Hubba Bubba Seriously Strawberry Bubble Gum Tape",
      "brand": "Hubba Bubba",
      "imageUrls": "https://cdn0.woolworths.media/content/wowproductimages/large/196083.jpg",
      "storeId": "woolworths",
      "packageSize": "56g",
      "cupPrice": "$3.57 / 100G",
      "locations": {
        "ALL": {
          "price": 2,
          "discountRate": 17,
          "promo": "",
          "orgPrice": 2.4
        }
      },
      "categoryIds": ["w-pantry"],
      "similarProducts": []
    },
    {
      "id": "w-814477-89686599077",
      "name": "Indomie Chitato Mi Goreng Chips",
      "brand": "Indomie",
      "imageUrls": "https://cdn0.woolworths.media/content/wowproductimages/large/814477.jpg",
      "storeId": "woolworths",
      "packageSize": "55g",
      "cupPrice": "$2.91 / 100G",
      "locations": {
        "ALL": {
          "price": 1.6,
          "discountRate": 14,
          "promo": "",
          "orgPrice": 1.85
        }
      },
      "categoryIds": ["w-pantry"],
      "similarProducts": []
    },
    {
      "id": "w-921536-9316401201511",
      "name": "Infuzions Bbq Rib Prawn Crackers",
      "brand": "Infuzions",
      "imageUrls": "https://cdn0.woolworths.media/content/wowproductimages/large/921536.jpg",
      "storeId": "woolworths",
      "packageSize": "110g",
      "cupPrice": "$1.82 / 100G",
      "locations": {
        "ALL": {
          "price": 2,
          "discountRate": 43,
          "promo": "",
          "orgPrice": 3.5
        }
      },
      "categoryIds": ["w-pantry"],
      "similarProducts": []
    },
    {
      "id": "w-53384-9316401201955",
      "name": "Infuzions Mac & Cheese Cheese",
      "brand": "Infuzions",
      "imageUrls": "https://cdn0.woolworths.media/content/wowproductimages/large/053384.jpg",
      "storeId": "woolworths",
      "packageSize": "110g",
      "cupPrice": "$1.82 / 100G",
      "locations": {
        "ALL": {
          "price": 2,
          "discountRate": 43,
          "promo": "",
          "orgPrice": 3.5
        }
      },
      "categoryIds": ["w-pantry"],
      "similarProducts": []
    },
    {
      "id": "w-921262-9316401201504",
      "name": "Infuzions Sour Cream & Herb Veggie Straws",
      "brand": "Infuzions",
      "imageUrls": "https://cdn0.woolworths.media/content/wowproductimages/large/921262.jpg",
      "storeId": "woolworths",
      "packageSize": "110g",
      "cupPrice": "$1.82 / 100G",
      "locations": {
        "ALL": {
          "price": 2,
          "discountRate": 43,
          "promo": "",
          "orgPrice": 3.5
        }
      },
      "categoryIds": ["w-pantry"],
      "similarProducts": []
    },
    {
      "id": "w-921537-9316401201498",
      "name": "Infuzions Thai Sweet Chilli Potato Mix",
      "brand": "Infuzions",
      "imageUrls": "https://cdn0.woolworths.media/content/wowproductimages/large/921537.jpg",
      "storeId": "woolworths",
      "packageSize": "110g",
      "cupPrice": "$1.82 / 100G",
      "locations": {
        "ALL": {
          "price": 2,
          "discountRate": 43,
          "promo": "",
          "orgPrice": 3.5
        }
      },
      "categoryIds": ["w-pantry"],
      "similarProducts": []
    },
    {
      "id": "w-82837-9316401202105",
      "name": "Infuzions Veggie Chips Tangy Salt & Cider Vinegar Flavour",
      "brand": "Infuzions",
      "imageUrls": "https://cdn0.woolworths.media/content/wowproductimages/large/082837.jpg",
      "storeId": "woolworths",
      "packageSize": "110g",
      "cupPrice": "$1.82 / 100G",
      "locations": {
        "ALL": {
          "price": 2,
          "discountRate": 43,
          "promo": "",
          "orgPrice": 3.5
        }
      },
      "categoryIds": ["w-pantry"],
      "similarProducts": []
    },
    {
      "id": "w-296241-9421013441504",
      "name": "Jack Link's Bbq Beef Jerky",
      "brand": "Jack Link's",
      "imageUrls": "https://cdn0.woolworths.media/content/wowproductimages/large/296241.jpg",
      "storeId": "woolworths",
      "packageSize": "50g",
      "cupPrice": "$71.00 / 1KG",
      "locations": {
        "ALL": {
          "price": 3.55,
          "discountRate": 22,
          "promo": "",
          "orgPrice": 4.55
        }
      },
      "categoryIds": ["w-pantry"],
      "similarProducts": []
    },
    {
      "id": "w-267889-9421013441467",
      "name": "Jack Link's Original Beef Jerky",
      "brand": "Jack Link's",
      "imageUrls": "https://cdn0.woolworths.media/content/wowproductimages/large/267889.jpg",
      "storeId": "woolworths",
      "packageSize": "50g",
      "cupPrice": "$71.00 / 1KG",
      "locations": {
        "ALL": {
          "price": 3.55,
          "discountRate": 22,
          "promo": "",
          "orgPrice": 4.55
        }
      },
      "categoryIds": ["w-pantry"],
      "similarProducts": []
    },
    {
      "id": "w-267888-9421013441481",
      "name": "Jack Link's Teriyaki Beef Jerky",
      "brand": "Jack Link's",
      "imageUrls": "https://cdn0.woolworths.media/content/wowproductimages/large/267888.jpg",
      "storeId": "woolworths",
      "packageSize": "50g",
      "cupPrice": "$71.00 / 1KG",
      "locations": {
        "ALL": {
          "price": 3.55,
          "discountRate": 22,
          "promo": "",
          "orgPrice": 4.55
        }
      },
      "categoryIds": ["w-pantry"],
      "similarProducts": []
    },
    {
      "id": "w-330631-9310432002987",
      "name": "Jade Phoenix Ingredients Mushroom Dried Whole Shiitake",
      "brand": "Jade Phoenix",
      "imageUrls": "https://cdn0.woolworths.media/content/wowproductimages/large/330631.jpg",
      "storeId": "woolworths",
      "packageSize": "50g",
      "cupPrice": "$58.00 / 1KG",
      "locations": {
        "ALL": {
          "price": 2.9,
          "discountRate": 17,
          "promo": "",
          "orgPrice": 3.5
        }
      },
      "categoryIds": ["w-pantry"],
      "similarProducts": []
    },
    {
      "id": "w-254490-7612100156209",
      "name": "Jarrah Brazilian Cafe Latte Brazil Delight",
      "brand": "Jarrah",
      "imageUrls": "https://cdn0.woolworths.media/content/wowproductimages/large/254490.jpg",
      "storeId": "woolworths",
      "packageSize": "250g",
      "cupPrice": "$2.00 / 100G",
      "locations": {
        "ALL": { "price": 5, "discountRate": 17, "promo": "", "orgPrice": 6 }
      },
      "categoryIds": ["w-pantry", "w-drinks"],
      "similarProducts": []
    },
    {
      "id": "w-95236-7612100804995",
      "name": "Jarrah Coffee Chai Latte",
      "brand": "Jarrah",
      "imageUrls": "https://cdn0.woolworths.media/content/wowproductimages/large/095236.jpg",
      "storeId": "woolworths",
      "packageSize": "210g",
      "cupPrice": "$2.38 / 100G",
      "locations": {
        "ALL": { "price": 5, "discountRate": 17, "promo": "", "orgPrice": 6 }
      },
      "categoryIds": ["w-pantry", "w-drinks"],
      "similarProducts": []
    },
    {
      "id": "w-254495-7612100156506",
      "name": "Jarrah French Vanilla Latte French Style",
      "brand": "Jarrah",
      "imageUrls": "https://cdn0.woolworths.media/content/wowproductimages/large/254495.jpg",
      "storeId": "woolworths",
      "packageSize": "250g",
      "cupPrice": "$2.00 / 100G",
      "locations": {
        "ALL": { "price": 5, "discountRate": 17, "promo": "", "orgPrice": 6 }
      },
      "categoryIds": ["w-pantry", "w-drinks"],
      "similarProducts": []
    },
    {
      "id": "w-95027-7612100806005",
      "name": "Jarrah Honey & Almond Latte",
      "brand": "Jarrah",
      "imageUrls": "https://cdn0.woolworths.media/content/wowproductimages/large/095027.jpg",
      "storeId": "woolworths",
      "packageSize": "210g",
      "cupPrice": "$2.38 / 100G",
      "locations": {
        "ALL": { "price": 5, "discountRate": 17, "promo": "", "orgPrice": 6 }
      },
      "categoryIds": ["w-pantry", "w-drinks"],
      "similarProducts": []
    },
    {
      "id": "w-800489-7612100066041",
      "name": "Jarrah Salted Caramel Latte",
      "brand": "Jarrah",
      "imageUrls": "https://cdn0.woolworths.media/content/wowproductimages/large/800489.jpg",
      "storeId": "woolworths",
      "packageSize": "250g",
      "cupPrice": "$2.00 / 100G",
      "locations": {
        "ALL": { "price": 5, "discountRate": 17, "promo": "", "orgPrice": 6 }
      },
      "categoryIds": ["w-pantry", "w-drinks"],
      "similarProducts": []
    },
    {
      "id": "w-254492-7612100156308",
      "name": "Jarrah Swiss Mochaccino Swiss Style Cocoa 98% Fat Free",
      "brand": "Jarrah",
      "imageUrls": "https://cdn0.woolworths.media/content/wowproductimages/large/254492.jpg",
      "storeId": "woolworths",
      "packageSize": "250g",
      "cupPrice": "$2.00 / 100G",
      "locations": {
        "ALL": { "price": 5, "discountRate": 17, "promo": "", "orgPrice": 6 }
      },
      "categoryIds": ["w-pantry", "w-drinks"],
      "similarProducts": []
    },
    {
      "id": "w-92895-5000171002082",
      "name": "John West Herrings In Tomato Sauce",
      "brand": "John West",
      "imageUrls": "https://cdn0.woolworths.media/content/wowproductimages/large/092895.jpg",
      "storeId": "woolworths",
      "packageSize": "200g",
      "cupPrice": "$15.00 / 1KG",
      "locations": {
        "ALL": {
          "price": 3,
          "discountRate": 8,
          "promo": "",
          "orgPrice": 3.25
        }
      },
      "categoryIds": ["w-pantry"],
      "similarProducts": []
    },
    {
      "id": "w-1471-5000171010346",
      "name": "John West Kipper Fillets In Brine",
      "brand": "John West",
      "imageUrls": "https://cdn0.woolworths.media/content/wowproductimages/large/001471.jpg",
      "storeId": "woolworths",
      "packageSize": "200g",
      "cupPrice": "$15.00 / 1KG",
      "locations": {
        "ALL": {
          "price": 3,
          "discountRate": 8,
          "promo": "",
          "orgPrice": 3.25
        }
      },
      "categoryIds": ["w-pantry"],
      "similarProducts": []
    },
    {
      "id": "w-36442-9300654000014",
      "name": "John West Mackerel Fillets",
      "brand": "John West",
      "imageUrls": "https://cdn0.woolworths.media/content/wowproductimages/large/036442.jpg",
      "storeId": "woolworths",
      "packageSize": "125g",
      "cupPrice": "$20.00 / 1KG",
      "locations": {
        "ALL": {
          "price": 2.5,
          "discountRate": 24,
          "promo": "",
          "orgPrice": 3.3
        }
      },
      "categoryIds": ["w-pantry"],
      "similarProducts": []
    },
    {
      "id": "w-664785-9300462120010",
      "name": "John West Mackerel Fillets In Olive Oil",
      "brand": "John West",
      "imageUrls": "https://cdn0.woolworths.media/content/wowproductimages/large/664785.jpg",
      "storeId": "woolworths",
      "packageSize": "125g",
      "cupPrice": "$20.00 / 1KG",
      "locations": {
        "ALL": {
          "price": 2.5,
          "discountRate": 24,
          "promo": "",
          "orgPrice": 3.3
        }
      },
      "categoryIds": ["w-pantry"],
      "similarProducts": []
    },
    {
      "id": "w-26040-9300462124155",
      "name": "John West Rainbow Trout Smoked Fillets",
      "brand": "John West",
      "imageUrls": "https://cdn0.woolworths.media/content/wowproductimages/large/026040.jpg",
      "storeId": "woolworths",
      "packageSize": "115g",
      "cupPrice": "$34.78 / 1KG",
      "locations": {
        "ALL": {
          "price": 4,
          "discountRate": 25,
          "promo": "",
          "orgPrice": 5.3
        }
      },
      "categoryIds": ["w-pantry"],
      "similarProducts": []
    },
    {
      "id": "w-25980-9300462124162",
      "name": "John West Rainbow Trout Smoked Fillets In Chilli",
      "brand": "John West",
      "imageUrls": "https://cdn0.woolworths.media/content/wowproductimages/large/025980.jpg",
      "storeId": "woolworths",
      "packageSize": "115g",
      "cupPrice": "$34.78 / 1KG",
      "locations": {
        "ALL": {
          "price": 4,
          "discountRate": 25,
          "promo": "",
          "orgPrice": 5.3
        }
      },
      "categoryIds": ["w-pantry"],
      "similarProducts": []
    },
    {
      "id": "w-664133-9300462119632",
      "name": "John West Salmon Tempters Coriander Chilli & Lime",
      "brand": "John West",
      "imageUrls": "https://cdn0.woolworths.media/content/wowproductimages/large/664133.jpg",
      "storeId": "woolworths",
      "packageSize": "95g",
      "cupPrice": "$14.21 / 1KG",
      "locations": {
        "ALL": {
          "price": 1.35,
          "discountRate": 50,
          "promo": "",
          "orgPrice": 2.7
        }
      },
      "categoryIds": ["w-pantry"],
      "similarProducts": []
    },
    {
      "id": "w-715636-9300462345475",
      "name": "John West Salmon Tempters In Olive Oil",
      "brand": "John West",
      "imageUrls": "https://cdn0.woolworths.media/content/wowproductimages/large/715636.jpg",
      "storeId": "woolworths",
      "packageSize": "95g",
      "cupPrice": "$14.21 / 1KG",
      "locations": {
        "ALL": {
          "price": 1.35,
          "discountRate": 50,
          "promo": "",
          "orgPrice": 2.7
        }
      },
      "categoryIds": ["w-pantry"],
      "similarProducts": []
    },
    {
      "id": "w-263414-9300462341187",
      "name": "John West Salmon Tempters In Springwater",
      "brand": "John West",
      "imageUrls": "https://cdn0.woolworths.media/content/wowproductimages/large/263414.jpg",
      "storeId": "woolworths",
      "packageSize": "95g",
      "cupPrice": "$14.21 / 1KG",
      "locations": {
        "ALL": {
          "price": 1.35,
          "discountRate": 50,
          "promo": "",
          "orgPrice": 2.7
        }
      },
      "categoryIds": ["w-pantry"],
      "similarProducts": []
    },
    {
      "id": "w-72472-9300654000588",
      "name": "John West Salmon Tempters Lemon & Cracked Pepper",
      "brand": "John West",
      "imageUrls": "https://cdn0.woolworths.media/content/wowproductimages/large/072472.jpg",
      "storeId": "woolworths",
      "packageSize": "95g",
      "cupPrice": "$14.21 / 1KG",
      "locations": {
        "ALL": {
          "price": 1.35,
          "discountRate": 50,
          "promo": "",
          "orgPrice": 2.7
        }
      },
      "categoryIds": ["w-pantry"],
      "similarProducts": []
    },
    {
      "id": "w-72540-9300654000571",
      "name": "John West Salmon Tempters Naturally Smoked",
      "brand": "John West",
      "imageUrls": "https://cdn0.woolworths.media/content/wowproductimages/large/072540.jpg",
      "storeId": "woolworths",
      "packageSize": "95g",
      "cupPrice": "$14.21 / 1KG",
      "locations": {
        "ALL": {
          "price": 1.35,
          "discountRate": 50,
          "promo": "",
          "orgPrice": 2.7
        }
      },
      "categoryIds": ["w-pantry"],
      "similarProducts": []
    },
    {
      "id": "w-211290-9300462346267",
      "name": "John West Salmon Tempters Onion & Tomato",
      "brand": "John West",
      "imageUrls": "https://cdn0.woolworths.media/content/wowproductimages/large/211290.jpg",
      "storeId": "woolworths",
      "packageSize": "95g",
      "cupPrice": "$14.21 / 1KG",
      "locations": {
        "ALL": {
          "price": 1.35,
          "discountRate": 50,
          "promo": "",
          "orgPrice": 2.7
        }
      },
      "categoryIds": ["w-pantry"],
      "similarProducts": []
    },
    {
      "id": "w-319475-9300462344560",
      "name": "John West Tuna & 3 Beans",
      "brand": "John West",
      "imageUrls": "https://cdn0.woolworths.media/content/wowproductimages/large/319475.jpg",
      "storeId": "woolworths",
      "packageSize": "185g",
      "cupPrice": "$16.22 / 1KG",
      "locations": {
        "ALL": {
          "price": 3,
          "discountRate": 19,
          "promo": "",
          "orgPrice": 3.7
        }
      },
      "categoryIds": ["w-pantry"],
      "similarProducts": []
    },
    {
      "id": "w-329004-9300462344645",
      "name": "John West Tuna Beans Capsicum Corn & Chilli",
      "brand": "John West",
      "imageUrls": "https://cdn0.woolworths.media/content/wowproductimages/large/329004.jpg",
      "storeId": "woolworths",
      "packageSize": "185g",
      "cupPrice": "$16.22 / 1KG",
      "locations": {
        "ALL": {
          "price": 3,
          "discountRate": 19,
          "promo": "",
          "orgPrice": 3.7
        }
      },
      "categoryIds": ["w-pantry"],
      "similarProducts": []
    },
    {
      "id": "w-319476-9300462344607",
      "name": "John West Tuna With Roast Capsicum & 3 Beans",
      "brand": "John West",
      "imageUrls": "https://cdn0.woolworths.media/content/wowproductimages/large/319476.jpg",
      "storeId": "woolworths",
      "packageSize": "185g",
      "cupPrice": "$16.22 / 1KG",
      "locations": {
        "ALL": {
          "price": 3,
          "discountRate": 19,
          "promo": "",
          "orgPrice": 3.7
        }
      },
      "categoryIds": ["w-pantry"],
      "similarProducts": []
    },
    {
      "id": "w-790810-5010477346216",
      "name": "Jordans Bursting With Berries Crunchy Oat Granola",
      "brand": "Jordans",
      "imageUrls": "https://cdn0.woolworths.media/content/wowproductimages/large/790810.jpg",
      "storeId": "woolworths",
      "packageSize": "500g",
      "cupPrice": "$0.70 / 100G",
      "locations": {
        "ALL": {
          "price": 3.5,
          "discountRate": 50,
          "promo": "",
          "orgPrice": 7
        }
      },
      "categoryIds": ["w-pantry"],
      "similarProducts": []
    },
    {
      "id": "w-780739-5010477341273",
      "name": "Jordans Chunky Nut Crispy Oat Clusters",
      "brand": "Jordans",
      "imageUrls": "https://cdn0.woolworths.media/content/wowproductimages/large/780739.jpg",
      "storeId": "woolworths",
      "packageSize": "500g",
      "cupPrice": "$0.70 / 100G",
      "locations": {
        "ALL": {
          "price": 3.5,
          "discountRate": 50,
          "promo": "",
          "orgPrice": 7
        }
      },
      "categoryIds": ["w-pantry"],
      "similarProducts": []
    },
    {
      "id": "w-85469-5010477356215",
      "name": "Jordans Cluster Bites Honey Nut",
      "brand": "Jordans",
      "imageUrls": "https://cdn0.woolworths.media/content/wowproductimages/large/085469.jpg",
      "storeId": "woolworths",
      "packageSize": "500g",
      "cupPrice": "$0.70 / 100G",
      "locations": {
        "ALL": {
          "price": 3.5,
          "discountRate": 50,
          "promo": "",
          "orgPrice": 7
        }
      },
      "categoryIds": ["w-pantry"],
      "similarProducts": []
    },
    {
      "id": "w-85599-5010477356192",
      "name": "Jordans Cluster Bites Milk Chocolate",
      "brand": "Jordans",
      "imageUrls": "https://cdn0.woolworths.media/content/wowproductimages/large/085599.jpg",
      "storeId": "woolworths",
      "packageSize": "500g",
      "cupPrice": "$0.70 / 100G",
      "locations": {
        "ALL": {
          "price": 3.5,
          "discountRate": 50,
          "promo": "",
          "orgPrice": 7
        }
      },
      "categoryIds": ["w-pantry"],
      "similarProducts": []
    },
    {
      "id": "w-686551-5010477353818",
      "name": "Jordans Granola Low Sugar Almond Hazelnut",
      "brand": "Jordans",
      "imageUrls": "https://cdn0.woolworths.media/content/wowproductimages/large/686551.jpg",
      "storeId": "woolworths",
      "packageSize": "500g",
      "cupPrice": "$0.70 / 100G",
      "locations": {
        "ALL": {
          "price": 3.5,
          "discountRate": 50,
          "promo": "",
          "orgPrice": 7
        }
      },
      "categoryIds": ["w-pantry"],
      "similarProducts": []
    },
    {
      "id": "w-810344-5010477353795",
      "name": "Jordans Granola Low Sugar Cherry Almond",
      "brand": "Jordans",
      "imageUrls": "https://cdn0.woolworths.media/content/wowproductimages/large/810344.jpg",
      "storeId": "woolworths",
      "packageSize": "500g",
      "cupPrice": "$0.70 / 100G",
      "locations": {
        "ALL": {
          "price": 3.5,
          "discountRate": 50,
          "promo": "",
          "orgPrice": 7
        }
      },
      "categoryIds": ["w-pantry"],
      "similarProducts": []
    },
    {
      "id": "w-85598-5010477357274",
      "name": "Jordans Low Sugar Granola Blueberry & Coconut",
      "brand": "Jordans",
      "imageUrls": "https://cdn0.woolworths.media/content/wowproductimages/large/085598.jpg",
      "storeId": "woolworths",
      "packageSize": "500g",
      "cupPrice": "$0.70 / 100G",
      "locations": {
        "ALL": {
          "price": 3.5,
          "discountRate": 50,
          "promo": "",
          "orgPrice": 7
        }
      },
      "categoryIds": ["w-pantry"],
      "similarProducts": []
    },
    {
      "id": "w-609556-5010477349651",
      "name": "Jordans Simply Crunchy Oat Granola Honey",
      "brand": "Jordans",
      "imageUrls": "https://cdn0.woolworths.media/content/wowproductimages/large/609556.jpg",
      "storeId": "woolworths",
      "packageSize": "750g",
      "cupPrice": "$0.47 / 100G",
      "locations": {
        "ALL": {
          "price": 3.5,
          "discountRate": 50,
          "promo": "",
          "orgPrice": 7
        }
      },
      "categoryIds": ["w-pantry"],
      "similarProducts": []
    },
    {
      "id": "w-780751-5010477341259",
      "name": "Jordans Strawberry Crispy Oat Clusters",
      "brand": "Jordans",
      "imageUrls": "https://cdn0.woolworths.media/content/wowproductimages/large/780751.jpg",
      "storeId": "woolworths",
      "packageSize": "500g",
      "cupPrice": "$0.70 / 100G",
      "locations": {
        "ALL": {
          "price": 3.5,
          "discountRate": 50,
          "promo": "",
          "orgPrice": 7
        }
      },
      "categoryIds": ["w-pantry"],
      "similarProducts": []
    },
    {
      "id": "w-79619-9310988017954",
      "name": "Jumpy's Chicken Chips",
      "brand": "Jumpy's",
      "imageUrls": "https://cdn0.woolworths.media/content/wowproductimages/large/079619.jpg",
      "storeId": "woolworths",
      "packageSize": "5 pack",
      "cupPrice": "$2.22 / 100G",
      "locations": {
        "ALL": {
          "price": 2,
          "discountRate": 40,
          "promo": "",
          "orgPrice": 3.35
        }
      },
      "categoryIds": ["w-pantry"],
      "similarProducts": []
    },
    {
      "id": "w-758300-9310012040668",
      "name": "Kan Tong Black Bean Stir Fry Cooking Sauce",
      "brand": "Kan Tong",
      "imageUrls": "https://cdn0.woolworths.media/content/wowproductimages/large/758300.jpg",
      "storeId": "woolworths",
      "packageSize": "510g",
      "cupPrice": "$0.55 / 100G",
      "locations": {
        "ALL": {
          "price": 2.8,
          "discountRate": 15,
          "promo": "",
          "orgPrice": 3.3
        }
      },
      "categoryIds": ["w-pantry"],
      "similarProducts": []
    },
    {
      "id": "w-758325-9310012040637",
      "name": "Kan Tong Butter Chicken Cooking Sauce",
      "brand": "Kan Tong",
      "imageUrls": "https://cdn0.woolworths.media/content/wowproductimages/large/758325.jpg",
      "storeId": "woolworths",
      "packageSize": "485g",
      "cupPrice": "$0.58 / 100G",
      "locations": {
        "ALL": {
          "price": 2.8,
          "discountRate": 15,
          "promo": "",
          "orgPrice": 3.3
        }
      },
      "categoryIds": ["w-pantry"],
      "similarProducts": []
    },
    {
      "id": "w-659506-9310012049531",
      "name": "Kan Tong Chicken & Cashew Nut Meal Base Pouch",
      "brand": "Kan Tong",
      "imageUrls": "https://cdn0.woolworths.media/content/wowproductimages/large/659506.jpg",
      "storeId": "woolworths",
      "packageSize": "175g",
      "cupPrice": "$1.49 / 100G",
      "locations": {
        "ALL": {
          "price": 2.6,
          "discountRate": 10,
          "promo": "",
          "orgPrice": 2.9
        }
      },
      "categoryIds": ["w-pantry"],
      "similarProducts": []
    },
    {
      "id": "w-656962-9310012049500",
      "name": "Kan Tong Honey Soy & Garlic Meal Base Pouch",
      "brand": "Kan Tong",
      "imageUrls": "https://cdn0.woolworths.media/content/wowproductimages/large/656962.jpg",
      "storeId": "woolworths",
      "packageSize": "175g",
      "cupPrice": "$1.49 / 100G",
      "locations": {
        "ALL": {
          "price": 2.6,
          "discountRate": 10,
          "promo": "",
          "orgPrice": 2.9
        }
      },
      "categoryIds": ["w-pantry"],
      "similarProducts": []
    },
    {
      "id": "w-421920-9310012047728",
      "name": "Kan Tong Honey Soy Garlic Stir Fry Sauce",
      "brand": "Kan Tong",
      "imageUrls": "https://cdn0.woolworths.media/content/wowproductimages/large/421920.jpg",
      "storeId": "woolworths",
      "packageSize": "500g",
      "cupPrice": "$0.56 / 100G",
      "locations": {
        "ALL": {
          "price": 2.8,
          "discountRate": 15,
          "promo": "",
          "orgPrice": 3.3
        }
      },
      "categoryIds": ["w-pantry"],
      "similarProducts": []
    },
    {
      "id": "w-777837-9310012041870",
      "name": "Kan Tong Honey Teriyaki Stir Fry Sauce",
      "brand": "Kan Tong",
      "imageUrls": "https://cdn0.woolworths.media/content/wowproductimages/large/777837.jpg",
      "storeId": "woolworths",
      "packageSize": "510g",
      "cupPrice": "$0.55 / 100G",
      "locations": {
        "ALL": {
          "price": 2.8,
          "discountRate": 15,
          "promo": "",
          "orgPrice": 3.3
        }
      },
      "categoryIds": ["w-pantry"],
      "similarProducts": []
    },
    {
      "id": "w-758381-9310012040514",
      "name": "Kan Tong Peanut Satay Stir Fry Cooking Sauce",
      "brand": "Kan Tong",
      "imageUrls": "https://cdn0.woolworths.media/content/wowproductimages/large/758381.jpg",
      "storeId": "woolworths",
      "packageSize": "505g",
      "cupPrice": "$0.55 / 100G",
      "locations": {
        "ALL": {
          "price": 2.8,
          "discountRate": 15,
          "promo": "",
          "orgPrice": 3.3
        }
      },
      "categoryIds": ["w-pantry"],
      "similarProducts": []
    },
    {
      "id": "w-758374-9310012040477",
      "name": "Kan Tong Pineapple Sweet & Sour Stir Fry Sauce",
      "brand": "Kan Tong",
      "imageUrls": "https://cdn0.woolworths.media/content/wowproductimages/large/758374.jpg",
      "storeId": "woolworths",
      "packageSize": "515g",
      "cupPrice": "$0.54 / 100G",
      "locations": {
        "ALL": {
          "price": 2.8,
          "discountRate": 15,
          "promo": "",
          "orgPrice": 3.3
        }
      },
      "categoryIds": ["w-pantry"],
      "similarProducts": []
    },
    {
      "id": "w-658460-9310012049593",
      "name": "Kan Tong Satay Chicken Meal Base Pouch",
      "brand": "Kan Tong",
      "imageUrls": "https://cdn0.woolworths.media/content/wowproductimages/large/658460.jpg",
      "storeId": "woolworths",
      "packageSize": "180g",
      "cupPrice": "$1.44 / 100G",
      "locations": {
        "ALL": {
          "price": 2.6,
          "discountRate": 10,
          "promo": "",
          "orgPrice": 2.9
        }
      },
      "categoryIds": ["w-pantry"],
      "similarProducts": []
    },
    {
      "id": "w-758371-9310012040576",
      "name": "Kan Tong Stir Fry Sauce Honey, Sesame & Garlic",
      "brand": "Kan Tong",
      "imageUrls": "https://cdn0.woolworths.media/content/wowproductimages/large/758371.jpg",
      "storeId": "woolworths",
      "packageSize": "520g",
      "cupPrice": "$0.54 / 100G",
      "locations": {
        "ALL": {
          "price": 2.8,
          "discountRate": 15,
          "promo": "",
          "orgPrice": 3.3
        }
      },
      "categoryIds": ["w-pantry"],
      "similarProducts": []
    },
    {
      "id": "w-758384-9310012038733",
      "name": "Kan Tong Stir Fry Sauce Sweet & Sour",
      "brand": "Kan Tong",
      "imageUrls": "https://cdn0.woolworths.media/content/wowproductimages/large/758384.jpg",
      "storeId": "woolworths",
      "packageSize": "515g",
      "cupPrice": "$0.54 / 100G",
      "locations": {
        "ALL": {
          "price": 2.8,
          "discountRate": 15,
          "promo": "",
          "orgPrice": 3.3
        }
      },
      "categoryIds": ["w-pantry"],
      "similarProducts": []
    },
    {
      "id": "w-656969-9310012049470",
      "name": "Kan Tong Teriyaki Chicken Meal Base Pouch",
      "brand": "Kan Tong",
      "imageUrls": "https://cdn0.woolworths.media/content/wowproductimages/large/656969.jpg",
      "storeId": "woolworths",
      "packageSize": "175g",
      "cupPrice": "$1.49 / 100G",
      "locations": {
        "ALL": {
          "price": 2.6,
          "discountRate": 10,
          "promo": "",
          "orgPrice": 2.9
        }
      },
      "categoryIds": ["w-pantry"],
      "similarProducts": []
    },
    {
      "id": "w-656938-9310012049562",
      "name": "Kan Tong Thai Green Curry Meal Base Pouch",
      "brand": "Kan Tong",
      "imageUrls": "https://cdn0.woolworths.media/content/wowproductimages/large/656938.jpg",
      "storeId": "woolworths",
      "packageSize": "175g",
      "cupPrice": "$1.49 / 100G",
      "locations": {
        "ALL": {
          "price": 2.6,
          "discountRate": 10,
          "promo": "",
          "orgPrice": 2.9
        }
      },
      "categoryIds": ["w-pantry"],
      "similarProducts": []
    },
    {
      "id": "w-701689-9310055536463",
      "name": "Kellogg's All-bran Flakes Honey Almond Cereal",
      "brand": "Kellogg's",
      "imageUrls": "https://cdn0.woolworths.media/content/wowproductimages/large/701689.jpg",
      "storeId": "woolworths",
      "packageSize": "420g",
      "cupPrice": "$1.15 / 100G",
      "locations": {
        "ALL": {
          "price": 4.85,
          "discountRate": 25,
          "promo": "",
          "orgPrice": 6.5
        }
      },
      "categoryIds": ["w-pantry"],
      "similarProducts": []
    },
    {
      "id": "w-701676-9310055536494",
      "name": "Kellogg's All-bran High Fibre Breakfast Cereal",
      "brand": "Kellogg's",
      "imageUrls": "https://cdn0.woolworths.media/content/wowproductimages/large/701676.jpg",
      "storeId": "woolworths",
      "packageSize": "530g",
      "cupPrice": "$0.85 / 100G",
      "locations": {
        "ALL": {
          "price": 4.5,
          "discountRate": 14,
          "promo": "",
          "orgPrice": 5.25
        }
      },
      "categoryIds": ["w-pantry"],
      "similarProducts": []
    },
    {
      "id": "w-701725-9310055536517",
      "name": "Kellogg's All-bran Wheat Flakes Breakfast Cereal",
      "brand": "Kellogg's",
      "imageUrls": "https://cdn0.woolworths.media/content/wowproductimages/large/701725.jpg",
      "storeId": "woolworths",
      "packageSize": "330g",
      "cupPrice": "$1.02 / 100G",
      "locations": {
        "ALL": {
          "price": 3.35,
          "discountRate": 26,
          "promo": "",
          "orgPrice": 4.5
        }
      },
      "categoryIds": ["w-pantry"],
      "similarProducts": []
    },
    {
      "id": "w-701705-9310055536333",
      "name": "Kellogg's Coco Pops Chocolatey Breakfast Cereal",
      "brand": "Kellogg's",
      "imageUrls": "https://cdn0.woolworths.media/content/wowproductimages/large/701705.jpg",
      "storeId": "woolworths",
      "packageSize": "375g",
      "cupPrice": "$1.07 / 100G",
      "locations": {
        "ALL": {
          "price": 4,
          "discountRate": 26,
          "promo": "",
          "orgPrice": 5.4
        }
      },
      "categoryIds": ["w-pantry"],
      "similarProducts": []
    },
    {
      "id": "w-86451-9310055104587",
      "name": "Kellogg's Coco Pops White Choc Flavour Breakfast Cereal",
      "brand": "Kellogg's",
      "imageUrls": "https://cdn0.woolworths.media/content/wowproductimages/large/086451.jpg",
      "storeId": "woolworths",
      "packageSize": "350g",
      "cupPrice": "$1.14 / 100G",
      "locations": {
        "ALL": {
          "price": 4,
          "discountRate": 26,
          "promo": "",
          "orgPrice": 5.4
        }
      },
      "categoryIds": ["w-pantry"],
      "similarProducts": []
    },
    {
      "id": "w-701736-9310055536531",
      "name": "Kellogg's Crunchy Nut Clusters Breakfast Cereal",
      "brand": "Kellogg's",
      "imageUrls": "https://cdn0.woolworths.media/content/wowproductimages/large/701736.jpg",
      "storeId": "woolworths",
      "packageSize": "450g",
      "cupPrice": "$1.07 / 100G",
      "locations": {
        "ALL": {
          "price": 4.8,
          "discountRate": 25,
          "promo": "",
          "orgPrice": 6.4
        }
      },
      "categoryIds": ["w-pantry"],
      "similarProducts": []
    },
    {
      "id": "w-701751-9310055536579",
      "name": "Kellogg's Crunchy Nut Cornflakes Breakfast Cereal",
      "brand": "Kellogg's",
      "imageUrls": "https://cdn0.woolworths.media/content/wowproductimages/large/701751.jpg",
      "storeId": "woolworths",
      "packageSize": "380g",
      "cupPrice": "$1.05 / 100G",
      "locations": {
        "ALL": {
          "price": 4,
          "discountRate": 19,
          "promo": "",
          "orgPrice": 4.95
        }
      },
      "categoryIds": ["w-pantry"],
      "similarProducts": []
    },
    {
      "id": "w-701718-9310055536586",
      "name": "Kellogg's Froot Loops Breakfast Cereal",
      "brand": "Kellogg's",
      "imageUrls": "https://cdn0.woolworths.media/content/wowproductimages/large/701718.jpg",
      "storeId": "woolworths",
      "packageSize": "285g",
      "cupPrice": "$1.40 / 100G",
      "locations": {
        "ALL": {
          "price": 4,
          "discountRate": 30,
          "promo": "",
          "orgPrice": 5.7
        }
      },
      "categoryIds": ["w-pantry"],
      "similarProducts": []
    },
    {
      "id": "w-701733-9310055536609",
      "name": "Kellogg's Guardian Psyllium Breakfast Cereal",
      "brand": "Kellogg's",
      "imageUrls": "https://cdn0.woolworths.media/content/wowproductimages/large/701733.jpg",
      "storeId": "woolworths",
      "packageSize": "360g",
      "cupPrice": "$1.31 / 100G",
      "locations": {
        "ALL": {
          "price": 4.7,
          "discountRate": 25,
          "promo": "",
          "orgPrice": 6.3
        }
      },
      "categoryIds": ["w-pantry"],
      "similarProducts": []
    },
    {
      "id": "w-701638-9310055536616",
      "name": "Kellogg's Just Right Apricot & Sultana Cereal",
      "brand": "Kellogg's",
      "imageUrls": "https://cdn0.woolworths.media/content/wowproductimages/large/701638.jpg",
      "storeId": "woolworths",
      "packageSize": "460g",
      "cupPrice": "$0.87 / 100G",
      "locations": {
        "ALL": {
          "price": 4,
          "discountRate": 32,
          "promo": "",
          "orgPrice": 5.9
        }
      },
      "categoryIds": ["w-pantry"],
      "similarProducts": []
    },
    {
      "id": "w-724085-9310055598447",
      "name": "Kellogg's K-time Baked Twists Raspberry & Apple Flavour Snack Bars",
      "brand": "Kellogg's",
      "imageUrls": "https://cdn0.woolworths.media/content/wowproductimages/large/724085.jpg",
      "storeId": "woolworths",
      "packageSize": "185g",
      "cupPrice": "$1.62 / 100G",
      "locations": {
        "ALL": { "price": 3, "discountRate": 25, "promo": "", "orgPrice": 4 }
      },
      "categoryIds": ["w-pantry", "w-lunch-box"],
      "similarProducts": []
    },
    {
      "id": "w-724087-9310055598430",
      "name": "Kellogg's K-time Baked Twists Strawberry & Blueberry Flavour Snack Bars",
      "brand": "Kellogg's",
      "imageUrls": "https://cdn0.woolworths.media/content/wowproductimages/large/724087.jpg",
      "storeId": "woolworths",
      "packageSize": "185g",
      "cupPrice": "$1.62 / 100G",
      "locations": {
        "ALL": { "price": 3, "discountRate": 25, "promo": "", "orgPrice": 4 }
      },
      "categoryIds": ["w-pantry", "w-lunch-box"],
      "similarProducts": []
    },
    {
      "id": "w-722766-9310055598454",
      "name": "Kellogg's K-time Baked Twists Strawberry & Yoghurt Flavour Snack Bars",
      "brand": "Kellogg's",
      "imageUrls": "https://cdn0.woolworths.media/content/wowproductimages/large/722766.jpg",
      "storeId": "woolworths",
      "packageSize": "185g",
      "cupPrice": "$1.62 / 100G",
      "locations": {
        "ALL": { "price": 3, "discountRate": 25, "promo": "", "orgPrice": 4 }
      },
      "categoryIds": ["w-pantry", "w-lunch-box"],
      "similarProducts": []
    },
    {
      "id": "w-72682-9310055104112",
      "name": "Kellogg's K-time Crunchy Baked Bites Berry Flavour",
      "brand": "Kellogg's",
      "imageUrls": "https://cdn0.woolworths.media/content/wowproductimages/large/072682.jpg",
      "storeId": "woolworths",
      "packageSize": "150g",
      "cupPrice": "$2.00 / 100G",
      "locations": {
        "ALL": { "price": 3, "discountRate": 25, "promo": "", "orgPrice": 4 }
      },
      "categoryIds": ["w-pantry"],
      "similarProducts": []
    },
    {
      "id": "w-72672-9310055104129",
      "name": "Kellogg's K-time Crunchy Baked Bites Choc Coconut Flavour",
      "brand": "Kellogg's",
      "imageUrls": "https://cdn0.woolworths.media/content/wowproductimages/large/072672.jpg",
      "storeId": "woolworths",
      "packageSize": "150g",
      "cupPrice": "$2.00 / 100G",
      "locations": {
        "ALL": { "price": 3, "discountRate": 25, "promo": "", "orgPrice": 4 }
      },
      "categoryIds": ["w-pantry"],
      "similarProducts": []
    },
    {
      "id": "w-324207-8852756401721",
      "name": "Kellogg's Lcms Choc Chip Snack Bars",
      "brand": "Kellogg's",
      "imageUrls": "https://cdn0.woolworths.media/content/wowproductimages/large/324207.jpg",
      "storeId": "woolworths",
      "packageSize": "6 pack",
      "cupPrice": "$2.27 / 100G",
      "locations": {
        "ALL": { "price": 3, "discountRate": 25, "promo": "", "orgPrice": 4 }
      },
      "categoryIds": ["w-pantry", "w-lunch-box"],
      "similarProducts": []
    },
    {
      "id": "w-312248-8852756401752",
      "name": "Kellogg's Lcms Choco Split Stix Cereal Bars",
      "brand": "Kellogg's",
      "imageUrls": "https://cdn0.woolworths.media/content/wowproductimages/large/312248.jpg",
      "storeId": "woolworths",
      "packageSize": "138g",
      "cupPrice": "$2.17 / 100G",
      "locations": {
        "ALL": { "price": 3, "discountRate": 25, "promo": "", "orgPrice": 4 }
      },
      "categoryIds": ["w-pantry", "w-lunch-box"],
      "similarProducts": []
    },
    {
      "id": "w-665521-8852756401578",
      "name": "Kellogg's Lcms Coco Pops Cereal Snack Bars",
      "brand": "Kellogg's",
      "imageUrls": "https://cdn0.woolworths.media/content/wowproductimages/large/665521.jpg",
      "storeId": "woolworths",
      "packageSize": "132g",
      "cupPrice": "$2.27 / 100G",
      "locations": {
        "ALL": { "price": 3, "discountRate": 25, "promo": "", "orgPrice": 4 }
      },
      "categoryIds": ["w-pantry", "w-lunch-box"],
      "similarProducts": []
    },
    {
      "id": "w-324208-8852756401738",
      "name": "Kellogg's Lcms Kaleidos Snack Bars",
      "brand": "Kellogg's",
      "imageUrls": "https://cdn0.woolworths.media/content/wowproductimages/large/324208.jpg",
      "storeId": "woolworths",
      "packageSize": "6 pack",
      "cupPrice": "$2.27 / 100G",
      "locations": {
        "ALL": { "price": 3, "discountRate": 25, "promo": "", "orgPrice": 4 }
      },
      "categoryIds": ["w-pantry", "w-lunch-box"],
      "similarProducts": []
    },
    {
      "id": "w-72662-8852756743135",
      "name": "Kellogg's Lcms Poppers Chocolatey Snack Bites",
      "brand": "Kellogg's",
      "imageUrls": "https://cdn0.woolworths.media/content/wowproductimages/large/072662.jpg",
      "storeId": "woolworths",
      "packageSize": "100g",
      "cupPrice": "$3.00 / 100G",
      "locations": {
        "ALL": { "price": 3, "discountRate": 25, "promo": "", "orgPrice": 4 }
      },
      "categoryIds": ["w-pantry"],
      "similarProducts": []
    },
    {
      "id": "w-72652-8852756743142",
      "name": "Kellogg's Lcms Poppers Yoghurty Snack Bites",
      "brand": "Kellogg's",
      "imageUrls": "https://cdn0.woolworths.media/content/wowproductimages/large/072652.jpg",
      "storeId": "woolworths",
      "packageSize": "100g",
      "cupPrice": "$3.00 / 100G",
      "locations": {
        "ALL": { "price": 3, "discountRate": 25, "promo": "", "orgPrice": 4 }
      },
      "categoryIds": ["w-pantry"],
      "similarProducts": []
    },
    {
      "id": "w-861010-8852756023497",
      "name": "Kellogg's Lcms Unicorn Puffed Rice Snack Bars",
      "brand": "Kellogg's",
      "imageUrls": "https://cdn0.woolworths.media/content/wowproductimages/large/861010.jpg",
      "storeId": "woolworths",
      "packageSize": "132g",
      "cupPrice": "$2.27 / 100G",
      "locations": {
        "ALL": { "price": 3, "discountRate": 25, "promo": "", "orgPrice": 4 }
      },
      "categoryIds": ["w-pantry"],
      "similarProducts": []
    },
    {
      "id": "w-312255-8852756401745",
      "name": "Kellogg's Lcms Yoghurty Split Stix Snack Bars",
      "brand": "Kellogg's",
      "imageUrls": "https://cdn0.woolworths.media/content/wowproductimages/large/312255.jpg",
      "storeId": "woolworths",
      "packageSize": "138g",
      "cupPrice": "$2.17 / 100G",
      "locations": {
        "ALL": { "price": 3, "discountRate": 25, "promo": "", "orgPrice": 4 }
      },
      "categoryIds": ["w-pantry", "w-lunch-box"],
      "similarProducts": []
    },
    {
      "id": "w-797142-8852756401691",
      "name": "Kellogg's Nutri-grain Original Cereal Snack Bars",
      "brand": "Kellogg's",
      "imageUrls": "https://cdn0.woolworths.media/content/wowproductimages/large/797142.jpg",
      "storeId": "woolworths",
      "packageSize": "144g",
      "cupPrice": "$2.08 / 100G",
      "locations": {
        "ALL": { "price": 3, "discountRate": 25, "promo": "", "orgPrice": 4 }
      },
      "categoryIds": ["w-pantry", "w-lunch-box"],
      "similarProducts": []
    },
    {
      "id": "w-701706-9310055536395",
      "name": "Kellogg's Nutri-grain Protein Breakfast Cereal",
      "brand": "Kellogg's",
      "imageUrls": "https://cdn0.woolworths.media/content/wowproductimages/large/701706.jpg",
      "storeId": "woolworths",
      "packageSize": "290g",
      "cupPrice": "$1.38 / 100G",
      "locations": {
        "ALL": {
          "price": 4,
          "discountRate": 19,
          "promo": "",
          "orgPrice": 4.95
        }
      },
      "categoryIds": ["w-pantry"],
      "similarProducts": []
    },
    {
      "id": "w-701750-9310055536685",
      "name": "Kellogg's Special K Forest Berries Cereal",
      "brand": "Kellogg's",
      "imageUrls": "https://cdn0.woolworths.media/content/wowproductimages/large/701750.jpg",
      "storeId": "woolworths",
      "packageSize": "380g",
      "cupPrice": "$1.16 / 100G",
      "locations": {
        "ALL": {
          "price": 4.4,
          "discountRate": 25,
          "promo": "",
          "orgPrice": 5.9
        }
      },
      "categoryIds": ["w-pantry"],
      "similarProducts": []
    },
    {
      "id": "w-710045-9310055566118",
      "name": "Kellogg's Special K Fruit & Nut Breakfast Cereal",
      "brand": "Kellogg's",
      "imageUrls": "https://cdn0.woolworths.media/content/wowproductimages/large/710045.jpg",
      "storeId": "woolworths",
      "packageSize": "430g",
      "cupPrice": "$1.05 / 100G",
      "locations": {
        "ALL": {
          "price": 4.5,
          "discountRate": 25,
          "promo": "",
          "orgPrice": 6
        }
      },
      "categoryIds": ["w-pantry"],
      "similarProducts": []
    },
    {
      "id": "w-701734-9310055536654",
      "name": "Kellogg's Special K High Fibre Advantage Cereal",
      "brand": "Kellogg's",
      "imageUrls": "https://cdn0.woolworths.media/content/wowproductimages/large/701734.jpg",
      "storeId": "woolworths",
      "packageSize": "315g",
      "cupPrice": "$1.14 / 100G",
      "locations": {
        "ALL": {
          "price": 3.6,
          "discountRate": 25,
          "promo": "",
          "orgPrice": 4.8
        }
      },
      "categoryIds": ["w-pantry"],
      "similarProducts": []
    },
    {
      "id": "w-606056-9310055102804",
      "name": "Kellogg's Special K Nourish Nut Medley Breakfast Cereal",
      "brand": "Kellogg's",
      "imageUrls": "https://cdn0.woolworths.media/content/wowproductimages/large/606056.jpg",
      "storeId": "woolworths",
      "packageSize": "390g",
      "cupPrice": "$1.17 / 100G",
      "locations": {
        "ALL": {
          "price": 4.55,
          "discountRate": 25,
          "promo": "",
          "orgPrice": 6.1
        }
      },
      "categoryIds": ["w-pantry"],
      "similarProducts": []
    },
    {
      "id": "w-701639-9310055536449",
      "name": "Kellogg's Special K Original Breakfast Cereal",
      "brand": "Kellogg's",
      "imageUrls": "https://cdn0.woolworths.media/content/wowproductimages/large/701639.jpg",
      "storeId": "woolworths",
      "packageSize": "300g",
      "cupPrice": "$1.33 / 100G",
      "locations": {
        "ALL": {
          "price": 4,
          "discountRate": 19,
          "promo": "",
          "orgPrice": 4.95
        }
      },
      "categoryIds": ["w-pantry"],
      "similarProducts": []
    },
    {
      "id": "w-701760-9310055536722",
      "name": "Kellogg's Sultana Bran Fibre Cereal With Oat Clusters",
      "brand": "Kellogg's",
      "imageUrls": "https://cdn0.woolworths.media/content/wowproductimages/large/701760.jpg",
      "storeId": "woolworths",
      "packageSize": "500g",
      "cupPrice": "$0.87 / 100G",
      "locations": {
        "ALL": {
          "price": 4.35,
          "discountRate": 25,
          "promo": "",
          "orgPrice": 5.8
        }
      },
      "categoryIds": ["w-pantry"],
      "similarProducts": []
    },
    {
      "id": "w-701732-9310055536364",
      "name": "Kellogg's Sultana Bran High Fibre Breakfast Cereal",
      "brand": "Kellogg's",
      "imageUrls": "https://cdn0.woolworths.media/content/wowproductimages/large/701732.jpg",
      "storeId": "woolworths",
      "packageSize": "420g",
      "cupPrice": "$0.95 / 100G",
      "locations": {
        "ALL": {
          "price": 4,
          "discountRate": 25,
          "promo": "",
          "orgPrice": 5.3
        }
      },
      "categoryIds": ["w-pantry"],
      "similarProducts": []
    },
    {
      "id": "w-86441-9310055104259",
      "name": "Kellogg's Sultana Bran With Cholesterol Lowering Plant Sterols",
      "brand": "Kellogg's",
      "imageUrls": "https://cdn0.woolworths.media/content/wowproductimages/large/086441.jpg",
      "storeId": "woolworths",
      "packageSize": "390g",
      "cupPrice": "$1.28 / 100G",
      "locations": {
        "ALL": { "price": 5, "discountRate": 29, "promo": "", "orgPrice": 7 }
      },
      "categoryIds": ["w-pantry"],
      "similarProducts": []
    },
    {
      "id": "w-701761-9310055536753",
      "name": "Kellogg's Sustain Whole Grain Flakes Cereal",
      "brand": "Kellogg's",
      "imageUrls": "https://cdn0.woolworths.media/content/wowproductimages/large/701761.jpg",
      "storeId": "woolworths",
      "packageSize": "480g",
      "cupPrice": "$0.89 / 100G",
      "locations": {
        "ALL": {
          "price": 4.25,
          "discountRate": 25,
          "promo": "",
          "orgPrice": 5.7
        }
      },
      "categoryIds": ["w-pantry"],
      "similarProducts": []
    },
    {
      "id": "w-706395-9310988017008",
      "name": "Kettle Mozzarella & Basil Pesto Chips",
      "brand": "Kettle",
      "imageUrls": "https://cdn0.woolworths.media/content/wowproductimages/large/706395.jpg",
      "storeId": "woolworths",
      "packageSize": "175g",
      "cupPrice": "$2.00 / 100G",
      "locations": {
        "ALL": {
          "price": 3.5,
          "discountRate": 25,
          "promo": "",
          "orgPrice": 4.65
        }
      },
      "categoryIds": ["w-pantry"],
      "similarProducts": []
    },
    {
      "id": "w-85708-9310988018005",
      "name": "Kettle Popcorn Sea Salt & Vinegar",
      "brand": "Kettle",
      "imageUrls": "https://cdn0.woolworths.media/content/wowproductimages/large/085708.jpg",
      "storeId": "woolworths",
      "packageSize": "80g",
      "cupPrice": "$22.50 / 1KG",
      "locations": {
        "ALL": {
          "price": 1.8,
          "discountRate": 40,
          "promo": "",
          "orgPrice": 3
        }
      },
      "categoryIds": ["w-pantry"],
      "similarProducts": []
    },
    {
      "id": "w-293821-9310988009638",
      "name": "Kettle Multipack Sea Salt",
      "brand": "Kettle",
      "imageUrls": "https://cdn0.woolworths.media/content/wowproductimages/large/293821.jpg",
      "storeId": "woolworths",
      "packageSize": "5 pack",
      "cupPrice": "$2.17 / 100G",
      "locations": {
        "ALL": {
          "price": 2,
          "discountRate": 40,
          "promo": "",
          "orgPrice": 3.35
        }
      },
      "categoryIds": ["w-pantry", "w-lunch-box"],
      "similarProducts": []
    },
    {
      "id": "w-514456-9310988015707",
      "name": "Kettle Salted Caramel Popcorn",
      "brand": "Kettle",
      "imageUrls": "https://cdn0.woolworths.media/content/wowproductimages/large/514456.jpg",
      "storeId": "woolworths",
      "packageSize": "110g",
      "cupPrice": "$1.64 / 100G",
      "locations": {
        "ALL": {
          "price": 1.8,
          "discountRate": 40,
          "promo": "",
          "orgPrice": 3
        }
      },
      "categoryIds": ["w-pantry"],
      "similarProducts": []
    },
    {
      "id": "w-853360-9316450955083",
      "name": "Kez's Chewy Flourless Brownies - Fudgy Chocolate",
      "brand": "Kez's",
      "imageUrls": "https://cdn0.woolworths.media/content/wowproductimages/large/853360.jpg",
      "storeId": "woolworths",
      "packageSize": "210g",
      "cupPrice": "$2.38 / 100G",
      "locations": {
        "ALL": { "price": 5, "discountRate": 29, "promo": "", "orgPrice": 7 }
      },
      "categoryIds": ["w-pantry"],
      "similarProducts": []
    },
    {
      "id": "w-62852-9316450955144",
      "name": "Kez's Kitchen Chewy Flourless Brownies",
      "brand": "Kez's",
      "imageUrls": "https://cdn0.woolworths.media/content/wowproductimages/large/062852.jpg",
      "storeId": "woolworths",
      "packageSize": "210g",
      "cupPrice": "$2.38 / 100G",
      "locations": {
        "ALL": { "price": 5, "discountRate": 29, "promo": "", "orgPrice": 7 }
      },
      "categoryIds": ["w-pantry"],
      "similarProducts": []
    },
    {
      "id": "w-103725-4901515118586",
      "name": "Kikkoman Soy Sauce Soy",
      "brand": "Kikkoman",
      "imageUrls": "https://cdn0.woolworths.media/content/wowproductimages/large/103725.jpg",
      "storeId": "woolworths",
      "packageSize": "600ml",
      "cupPrice": "$0.92 / 100ML",
      "locations": {
        "ALL": {
          "price": 5.5,
          "discountRate": 12,
          "promo": "",
          "orgPrice": 6.25
        }
      },
      "categoryIds": ["w-pantry"],
      "similarProducts": []
    },
    {
      "id": "w-370456-4901515118838",
      "name": "Kikkoman Soy Sauce Soy Reduced Salt",
      "brand": "Kikkoman",
      "imageUrls": "https://cdn0.woolworths.media/content/wowproductimages/large/370456.jpg",
      "storeId": "woolworths",
      "packageSize": "600ml",
      "cupPrice": "$1.25 / 100ML",
      "locations": {
        "ALL": {
          "price": 7.5,
          "discountRate": 11,
          "promo": "",
          "orgPrice": 8.4
        }
      },
      "categoryIds": ["w-pantry"],
      "similarProducts": []
    },
    {
      "id": "w-318603-41390008009",
      "name": "Kikkoman Tamari Soy Sauce",
      "brand": "Kikkoman",
      "imageUrls": "https://cdn0.woolworths.media/content/wowproductimages/large/318603.jpg",
      "storeId": "woolworths",
      "packageSize": "250ml",
      "cupPrice": "$1.88 / 100ML",
      "locations": {
        "ALL": {
          "price": 4.7,
          "discountRate": 10,
          "promo": "",
          "orgPrice": 5.2
        }
      },
      "categoryIds": ["w-pantry"],
      "similarProducts": []
    },
    {
      "id": "w-76358-93698085",
      "name": "Kinder Surprise Chocolate Egg",
      "brand": "Kinder",
      "imageUrls": "https://cdn0.woolworths.media/content/wowproductimages/large/076358.jpg",
      "storeId": "woolworths",
      "packageSize": "20g",
      "cupPrice": "$10.00 / 100G",
      "locations": {
        "ALL": { "price": 2, "discountRate": 9, "promo": "", "orgPrice": 2.2 }
      },
      "categoryIds": ["w-pantry"],
      "similarProducts": []
    },
    {
      "id": "w-69021-8000500026731",
      "name": "Kinder Surprise Chocolate Egg",
      "brand": "Kinder",
      "imageUrls": "https://cdn0.woolworths.media/content/wowproductimages/large/069021.jpg",
      "storeId": "woolworths",
      "packageSize": "3 pack",
      "cupPrice": "$6.67 / 100G",
      "locations": {
        "ALL": { "price": 4, "discountRate": 20, "promo": "", "orgPrice": 5 }
      },
      "categoryIds": ["w-pantry"],
      "similarProducts": []
    },
    {
      "id": "w-425685-9341709000481",
      "name": "Kintra Foods Dandy Chai Blend",
      "brand": "Kintra",
      "imageUrls": "https://cdn0.woolworths.media/content/wowproductimages/large/425685.jpg",
      "storeId": "woolworths",
      "packageSize": "90g",
      "cupPrice": "$6.00 / 100G",
      "locations": {
        "ALL": {
          "price": 5.4,
          "discountRate": 22,
          "promo": "",
          "orgPrice": 6.9
        }
      },
      "categoryIds": ["w-pantry"],
      "similarProducts": []
    },
    {
      "id": "w-232270-9300650553910",
      "name": "Kraft Easy Mac Cheesy Chicken",
      "brand": "Kraft",
      "imageUrls": "https://cdn0.woolworths.media/content/wowproductimages/large/232270.jpg",
      "storeId": "woolworths",
      "packageSize": "4 pack",
      "cupPrice": "$1.07 / 100G",
      "locations": {
        "ALL": { "price": 3, "discountRate": 25, "promo": "", "orgPrice": 4 }
      },
      "categoryIds": ["w-pantry"],
      "similarProducts": []
    },
    {
      "id": "w-260783-9300657660314",
      "name": "Kraft Easy Mac Classic Cheese",
      "brand": "Kraft",
      "imageUrls": "https://cdn0.woolworths.media/content/wowproductimages/large/260783.jpg",
      "storeId": "woolworths",
      "packageSize": "73g",
      "cupPrice": "$2.47 / 100G",
      "locations": {
        "ALL": {
          "price": 1.8,
          "discountRate": 18,
          "promo": "",
          "orgPrice": 2.2
        }
      },
      "categoryIds": ["w-pantry"],
      "similarProducts": []
    },
    {
      "id": "w-210635-9300650553019",
      "name": "Kraft Easy Mac Classic Cheese",
      "brand": "Kraft",
      "imageUrls": "https://cdn0.woolworths.media/content/wowproductimages/large/210635.jpg",
      "storeId": "woolworths",
      "packageSize": "4 pack",
      "cupPrice": "$1.07 / 100G",
      "locations": {
        "ALL": { "price": 3, "discountRate": 25, "promo": "", "orgPrice": 4 }
      },
      "categoryIds": ["w-pantry"],
      "similarProducts": []
    },
    {
      "id": "w-706392-9319186001819",
      "name": "Kurrajong Kitchen Poppy & Sesame Crispbread",
      "brand": "Kurrajong Kitchen",
      "imageUrls": "https://cdn0.woolworths.media/content/wowproductimages/large/706392.jpg",
      "storeId": "woolworths",
      "packageSize": "175g",
      "cupPrice": "$1.71 / 100G",
      "locations": {
        "ALL": { "price": 3, "discountRate": 25, "promo": "", "orgPrice": 4 }
      },
      "categoryIds": ["w-pantry"],
      "similarProducts": []
    },
    {
      "id": "w-74787-8004690312025",
      "name": "La Molisana Pastificio Extra Di Lusso Penne Rigate",
      "brand": "La Molisana",
      "imageUrls": "https://cdn0.woolworths.media/content/wowproductimages/large/074787.jpg",
      "storeId": "woolworths",
      "packageSize": "500g",
      "cupPrice": "$0.40 / 100G",
      "locations": {
        "ALL": {
          "price": 2,
          "discountRate": 29,
          "promo": "",
          "orgPrice": 2.8
        }
      },
      "categoryIds": ["w-pantry"],
      "similarProducts": []
    },
    {
      "id": "w-74641-8004690446263",
      "name": "La Molisana Pastificio Extra Di Lusso Potato Gnocchi",
      "brand": "La Molisana",
      "imageUrls": "https://cdn0.woolworths.media/content/wowproductimages/large/074641.jpg",
      "storeId": "woolworths",
      "packageSize": "500g",
      "cupPrice": "$0.40 / 100G",
      "locations": {
        "ALL": { "price": 2, "discountRate": 33, "promo": "", "orgPrice": 3 }
      },
      "categoryIds": ["w-pantry"],
      "similarProducts": []
    },
    {
      "id": "w-74791-8004690313183",
      "name": "La Molisana Pastificio Extra Di Lusso Rigatoni Divini",
      "brand": "La Molisana",
      "imageUrls": "https://cdn0.woolworths.media/content/wowproductimages/large/074791.jpg",
      "storeId": "woolworths",
      "packageSize": "500g",
      "cupPrice": "$0.40 / 100G",
      "locations": {
        "ALL": {
          "price": 2,
          "discountRate": 29,
          "promo": "",
          "orgPrice": 2.8
        }
      },
      "categoryIds": ["w-pantry"],
      "similarProducts": []
    },
    {
      "id": "w-74796-8004690450062",
      "name": "La Molisana Pastificio Extra Di Lusso Wholewheat Liguine",
      "brand": "La Molisana",
      "imageUrls": "https://cdn0.woolworths.media/content/wowproductimages/large/074796.jpg",
      "storeId": "woolworths",
      "packageSize": "500g",
      "cupPrice": "$0.40 / 100G",
      "locations": {
        "ALL": { "price": 2, "discountRate": 33, "promo": "", "orgPrice": 3 }
      },
      "categoryIds": ["w-pantry"],
      "similarProducts": []
    },
    {
      "id": "w-74794-8004690450208",
      "name": "La Molisana Pastificio Extra Di Lusso Wholewheat Penne Rigate",
      "brand": "La Molisana",
      "imageUrls": "https://cdn0.woolworths.media/content/wowproductimages/large/074794.jpg",
      "storeId": "woolworths",
      "packageSize": "500g",
      "cupPrice": "$0.40 / 100G",
      "locations": {
        "ALL": { "price": 2, "discountRate": 33, "promo": "", "orgPrice": 3 }
      },
      "categoryIds": ["w-pantry"],
      "similarProducts": []
    },
    {
      "id": "w-74798-8004690450154",
      "name": "La Molisana Pastificio Extra Di Lusso Wholewheat Spaghetti",
      "brand": "La Molisana",
      "imageUrls": "https://cdn0.woolworths.media/content/wowproductimages/large/074798.jpg",
      "storeId": "woolworths",
      "packageSize": "500g",
      "cupPrice": "$0.40 / 100G",
      "locations": {
        "ALL": { "price": 2, "discountRate": 33, "promo": "", "orgPrice": 3 }
      },
      "categoryIds": ["w-pantry"],
      "similarProducts": []
    },
    {
      "id": "w-74920-8004690210666",
      "name": "La Molisana Pastifico Extra Di Lusso Farfalle Rigate",
      "brand": "La Molisana",
      "imageUrls": "https://cdn0.woolworths.media/content/wowproductimages/large/074920.jpg",
      "storeId": "woolworths",
      "packageSize": "500g",
      "cupPrice": "$0.40 / 100G",
      "locations": {
        "ALL": {
          "price": 2,
          "discountRate": 29,
          "promo": "",
          "orgPrice": 2.8
        }
      },
      "categoryIds": ["w-pantry"],
      "similarProducts": []
    },
    {
      "id": "w-74614-8004690310625",
      "name": "La Molisana Pastifico Extra Di Lusso Liguine",
      "brand": "La Molisana",
      "imageUrls": "https://cdn0.woolworths.media/content/wowproductimages/large/074614.jpg",
      "storeId": "woolworths",
      "packageSize": "500g",
      "cupPrice": "$0.40 / 100G",
      "locations": {
        "ALL": {
          "price": 2,
          "discountRate": 29,
          "promo": "",
          "orgPrice": 2.8
        }
      },
      "categoryIds": ["w-pantry"],
      "similarProducts": []
    },
    {
      "id": "w-74613-8004690311547",
      "name": "La Molisana Pastifico Extra Di Lusso Spaghetti",
      "brand": "La Molisana",
      "imageUrls": "https://cdn0.woolworths.media/content/wowproductimages/large/074613.jpg",
      "storeId": "woolworths",
      "packageSize": "500g",
      "cupPrice": "$0.40 / 100G",
      "locations": {
        "ALL": {
          "price": 2,
          "discountRate": 29,
          "promo": "",
          "orgPrice": 2.8
        }
      },
      "categoryIds": ["w-pantry"],
      "similarProducts": []
    },
    {
      "id": "w-74801-8004690442203",
      "name": "La Molisana Pastifico Extra Di Lusso Egg Lasagne",
      "brand": "La Molisana",
      "imageUrls": "https://cdn0.woolworths.media/content/wowproductimages/large/074801.jpg",
      "storeId": "woolworths",
      "packageSize": "250g",
      "cupPrice": "$0.80 / 100G",
      "locations": {
        "ALL": { "price": 2, "discountRate": 33, "promo": "", "orgPrice": 3 }
      },
      "categoryIds": ["w-pantry"],
      "similarProducts": []
    },
    {
      "id": "w-94817-8000070038875",
      "name": "Lavazza Crema E Gusto Classico Ground Coffee",
      "brand": "Lavazza",
      "imageUrls": "https://cdn0.woolworths.media/content/wowproductimages/large/094817.jpg",
      "storeId": "woolworths",
      "packageSize": "250g x2 pack",
      "cupPrice": "$1.60 / 100G",
      "locations": {
        "ALL": { "price": 8, "discountRate": 33, "promo": "", "orgPrice": 12 }
      },
      "categoryIds": ["w-pantry"],
      "similarProducts": []
    },
    {
      "id": "w-95089-8000070036598",
      "name": "Lavazza Qualita Rossa Ground Coffee",
      "brand": "Lavazza",
      "imageUrls": "https://cdn0.woolworths.media/content/wowproductimages/large/095089.jpg",
      "storeId": "woolworths",
      "packageSize": "250g x2 pack",
      "cupPrice": "$1.60 / 100G",
      "locations": {
        "ALL": { "price": 8, "discountRate": 33, "promo": "", "orgPrice": 12 }
      },
      "categoryIds": ["w-pantry"],
      "similarProducts": []
    },
    {
      "id": "w-258585-78895134186",
      "name": "Lee Kum Kee Sauce Soy Salt Reduced",
      "brand": "Lee Kum Kee",
      "imageUrls": "https://cdn0.woolworths.media/content/wowproductimages/large/258585.jpg",
      "storeId": "woolworths",
      "packageSize": "150ml",
      "cupPrice": "$1.53 / 100ML",
      "locations": {
        "ALL": {
          "price": 2.3,
          "discountRate": 21,
          "promo": "",
          "orgPrice": 2.9
        }
      },
      "categoryIds": ["w-pantry"],
      "similarProducts": []
    },
    {
      "id": "w-152363-78895122824",
      "name": "Lee Kum Kee Soy Sauce",
      "brand": "Lee Kum Kee",
      "imageUrls": "https://cdn0.woolworths.media/content/wowproductimages/large/152363.jpg",
      "storeId": "woolworths",
      "packageSize": "150ml",
      "cupPrice": "$1.40 / 100ML",
      "locations": {
        "ALL": {
          "price": 2.1,
          "discountRate": 19,
          "promo": "",
          "orgPrice": 2.6
        }
      },
      "categoryIds": ["w-pantry"],
      "similarProducts": []
    },
    {
      "id": "w-198763-78895126396",
      "name": "Lee Kum Kee Soy Sauce Premium",
      "brand": "Lee Kum Kee",
      "imageUrls": "https://cdn0.woolworths.media/content/wowproductimages/large/198763.jpg",
      "storeId": "woolworths",
      "packageSize": "500ml",
      "cupPrice": "$0.64 / 100ML",
      "locations": {
        "ALL": {
          "price": 3.2,
          "discountRate": 16,
          "promo": "",
          "orgPrice": 3.8
        }
      },
      "categoryIds": ["w-pantry"],
      "similarProducts": []
    },
    {
      "id": "w-856815-9300645121438",
      "name": "Leggos Passata Rustic",
      "brand": "Leggos",
      "imageUrls": "https://cdn0.woolworths.media/content/wowproductimages/large/856815.jpg",
      "storeId": "woolworths",
      "packageSize": "700g",
      "cupPrice": "$0.36 / 100G",
      "locations": {
        "ALL": {
          "price": 2.5,
          "discountRate": 17,
          "promo": "",
          "orgPrice": 3
        }
      },
      "categoryIds": ["w-pantry"],
      "similarProducts": []
    },
    {
      "id": "w-250962-9300645019636",
      "name": "Leggos Passata Sauce Italian Herbs",
      "brand": "Leggos",
      "imageUrls": "https://cdn0.woolworths.media/content/wowproductimages/large/250962.jpg",
      "storeId": "woolworths",
      "packageSize": "700g",
      "cupPrice": "$0.36 / 100G",
      "locations": {
        "ALL": {
          "price": 2.5,
          "discountRate": 17,
          "promo": "",
          "orgPrice": 3
        }
      },
      "categoryIds": ["w-pantry"],
      "similarProducts": []
    },
    {
      "id": "w-94376-93352208",
      "name": "Leggos Pesto Sundried Tomato",
      "brand": "Leggos",
      "imageUrls": "https://cdn0.woolworths.media/content/wowproductimages/large/094376.jpg",
      "storeId": "woolworths",
      "packageSize": "190g",
      "cupPrice": "$2.11 / 100G",
      "locations": {
        "ALL": {
          "price": 4,
          "discountRate": 13,
          "promo": "",
          "orgPrice": 4.6
        }
      },
      "categoryIds": ["w-pantry"],
      "similarProducts": []
    },
    {
      "id": "w-94375-93352192",
      "name": "Leggos Pesto Traditional Basil",
      "brand": "Leggos",
      "imageUrls": "https://cdn0.woolworths.media/content/wowproductimages/large/094375.jpg",
      "storeId": "woolworths",
      "packageSize": "190g",
      "cupPrice": "$2.11 / 100G",
      "locations": {
        "ALL": {
          "price": 4,
          "discountRate": 13,
          "promo": "",
          "orgPrice": 4.6
        }
      },
      "categoryIds": ["w-pantry"],
      "similarProducts": []
    },
    {
      "id": "w-87846-9300645127027",
      "name": "Leggos Pesto Chilli & Garlic",
      "brand": "Leggos",
      "imageUrls": "https://cdn0.woolworths.media/content/wowproductimages/large/087846.jpg",
      "storeId": "woolworths",
      "packageSize": "190g",
      "cupPrice": "$2.11 / 100G",
      "locations": {
        "ALL": {
          "price": 4,
          "discountRate": 13,
          "promo": "",
          "orgPrice": 4.6
        }
      },
      "categoryIds": ["w-pantry"],
      "similarProducts": []
    },
    {
      "id": "w-30515-9300645069013",
      "name": "Leggos Stir Through Chargrilled Vegetable",
      "brand": "Leggos",
      "imageUrls": "https://cdn0.woolworths.media/content/wowproductimages/large/030515.jpg",
      "storeId": "woolworths",
      "packageSize": "350g",
      "cupPrice": "$1.00 / 100G",
      "locations": {
        "ALL": {
          "price": 3.5,
          "discountRate": 13,
          "promo": "",
          "orgPrice": 4
        }
      },
      "categoryIds": ["w-pantry"],
      "similarProducts": []
    },
    {
      "id": "w-30644-9300645069044",
      "name": "Leggos Stir Through Sundried Tomato & Garlic",
      "brand": "Leggos",
      "imageUrls": "https://cdn0.woolworths.media/content/wowproductimages/large/030644.jpg",
      "storeId": "woolworths",
      "packageSize": "350g",
      "cupPrice": "$1.00 / 100G",
      "locations": {
        "ALL": {
          "price": 3.5,
          "discountRate": 13,
          "promo": "",
          "orgPrice": 4
        }
      },
      "categoryIds": ["w-pantry"],
      "similarProducts": []
    },
    {
      "id": "w-957033-9300645107548",
      "name": "Leggos Stir Through Tomato Garlic & Caramelised Onion",
      "brand": "Leggos",
      "imageUrls": "https://cdn0.woolworths.media/content/wowproductimages/large/957033.jpg",
      "storeId": "woolworths",
      "packageSize": "350g",
      "cupPrice": "$1.00 / 100G",
      "locations": {
        "ALL": {
          "price": 3.5,
          "discountRate": 13,
          "promo": "",
          "orgPrice": 4
        }
      },
      "categoryIds": ["w-pantry"],
      "similarProducts": []
    },
    {
      "id": "w-676647-9323966117461",
      "name": "Lindt 70% Cocoa Bag",
      "brand": "Lindt",
      "imageUrls": "https://cdn0.woolworths.media/content/wowproductimages/large/676647.jpg",
      "storeId": "woolworths",
      "packageSize": "123g",
      "cupPrice": "$3.90 / 100G",
      "locations": {
        "ALL": {
          "price": 4.8,
          "discountRate": 40,
          "promo": "",
          "orgPrice": 8
        }
      },
      "categoryIds": ["w-pantry"],
      "similarProducts": []
    },
    {
      "id": "w-19731-3046920028004",
      "name": "Lindt Excellence Dark Chocolate 70% Cocoa Block",
      "brand": "Lindt",
      "imageUrls": "https://cdn0.woolworths.media/content/wowproductimages/large/019731.jpg",
      "storeId": "woolworths",
      "packageSize": "100g",
      "cupPrice": "$3.00 / 100G",
      "locations": {
        "ALL": {
          "price": 3,
          "discountRate": 33,
          "promo": "",
          "orgPrice": 4.5
        }
      },
      "categoryIds": ["w-pantry"],
      "similarProducts": []
    },
    {
      "id": "w-201687-9542005948",
      "name": "Lindt Excellence Dark Chocolate 85% Cocoa Block",
      "brand": "Lindt",
      "imageUrls": "https://cdn0.woolworths.media/content/wowproductimages/large/201687.jpg",
      "storeId": "woolworths",
      "packageSize": "100g",
      "cupPrice": "$3.00 / 100G",
      "locations": {
        "ALL": {
          "price": 3,
          "discountRate": 33,
          "promo": "",
          "orgPrice": 4.5
        }
      },
      "categoryIds": ["w-pantry"],
      "similarProducts": []
    },
    {
      "id": "w-4758-9542045371",
      "name": "Lindt Excellence 95% Cocoa Block",
      "brand": "Lindt",
      "imageUrls": "https://cdn0.woolworths.media/content/wowproductimages/large/004758.jpg",
      "storeId": "woolworths",
      "packageSize": "80g",
      "cupPrice": "$3.75 / 100G",
      "locations": {
        "ALL": {
          "price": 3,
          "discountRate": 33,
          "promo": "",
          "orgPrice": 4.5
        }
      },
      "categoryIds": ["w-pantry"],
      "similarProducts": []
    },
    {
      "id": "w-429457-3046920029780",
      "name": "Lindt Excellence Dark Chocolate 70% Smooth Blend Cocoa Block",
      "brand": "Lindt",
      "imageUrls": "https://cdn0.woolworths.media/content/wowproductimages/large/429457.jpg",
      "storeId": "woolworths",
      "packageSize": "100g",
      "cupPrice": "$3.00 / 100G",
      "locations": {
        "ALL": {
          "price": 3,
          "discountRate": 33,
          "promo": "",
          "orgPrice": 4.5
        }
      },
      "categoryIds": ["w-pantry"],
      "similarProducts": []
    },
    {
      "id": "w-346722-9542005979",
      "name": "Lindt Excellence Dark Chocolate A Touch Of Sea Salt",
      "brand": "Lindt",
      "imageUrls": "https://cdn0.woolworths.media/content/wowproductimages/large/346722.jpg",
      "storeId": "woolworths",
      "packageSize": "100g block",
      "cupPrice": "$3.00 / 100G",
      "locations": {
        "ALL": {
          "price": 3,
          "discountRate": 33,
          "promo": "",
          "orgPrice": 4.5
        }
      },
      "categoryIds": ["w-pantry"],
      "similarProducts": []
    },
    {
      "id": "w-280452-7610400070577",
      "name": "Lindt Excellence Dark Chocolate Chilli",
      "brand": "Lindt",
      "imageUrls": "https://cdn0.woolworths.media/content/wowproductimages/large/280452.jpg",
      "storeId": "woolworths",
      "packageSize": "100g block",
      "cupPrice": "$3.00 / 100G",
      "locations": {
        "ALL": {
          "price": 3,
          "discountRate": 33,
          "promo": "",
          "orgPrice": 4.5
        }
      },
      "categoryIds": ["w-pantry"],
      "similarProducts": []
    },
    {
      "id": "w-52153-3046920090018",
      "name": "Lindt Excellence Dark Chocolate Cranberry Almond & Hazelnut",
      "brand": "Lindt",
      "imageUrls": "https://cdn0.woolworths.media/content/wowproductimages/large/052153.jpg",
      "storeId": "woolworths",
      "packageSize": "100g",
      "cupPrice": "$3.00 / 100G",
      "locations": {
        "ALL": {
          "price": 3,
          "discountRate": 33,
          "promo": "",
          "orgPrice": 4.5
        }
      },
      "categoryIds": ["w-pantry"],
      "similarProducts": []
    },
    {
      "id": "w-255080-3046920028752",
      "name": "Lindt Excellence Dark Chocolate Mint Intense",
      "brand": "Lindt",
      "imageUrls": "https://cdn0.woolworths.media/content/wowproductimages/large/255080.jpg",
      "storeId": "woolworths",
      "packageSize": "100g block",
      "cupPrice": "$3.00 / 100G",
      "locations": {
        "ALL": {
          "price": 3,
          "discountRate": 33,
          "promo": "",
          "orgPrice": 4.5
        }
      },
      "categoryIds": ["w-pantry"],
      "similarProducts": []
    },
    {
      "id": "w-217002-9542005955",
      "name": "Lindt Excellence Dark Chocolate Orange Intense",
      "brand": "Lindt",
      "imageUrls": "https://cdn0.woolworths.media/content/wowproductimages/large/217002.jpg",
      "storeId": "woolworths",
      "packageSize": "100g block",
      "cupPrice": "$3.00 / 100G",
      "locations": {
        "ALL": {
          "price": 3,
          "discountRate": 33,
          "promo": "",
          "orgPrice": 4.5
        }
      },
      "categoryIds": ["w-pantry"],
      "similarProducts": []
    },
    {
      "id": "w-827470-3046920010603",
      "name": "Lindt Excellence Dark Chocolate Raspberry Intense",
      "brand": "Lindt",
      "imageUrls": "https://cdn0.woolworths.media/content/wowproductimages/large/827470.jpg",
      "storeId": "woolworths",
      "packageSize": "100g block",
      "cupPrice": "$3.00 / 100G",
      "locations": {
        "ALL": {
          "price": 3,
          "discountRate": 33,
          "promo": "",
          "orgPrice": 4.5
        }
      },
      "categoryIds": ["w-pantry"],
      "similarProducts": []
    },
    {
      "id": "w-324314-3046920029698",
      "name": "Lindt Excellence Dark Chocolate Roasted Almond",
      "brand": "Lindt",
      "imageUrls": "https://cdn0.woolworths.media/content/wowproductimages/large/324314.jpg",
      "storeId": "woolworths",
      "packageSize": "100g block",
      "cupPrice": "$3.00 / 100G",
      "locations": {
        "ALL": {
          "price": 3,
          "discountRate": 33,
          "promo": "",
          "orgPrice": 4.5
        }
      },
      "categoryIds": ["w-pantry"],
      "similarProducts": []
    },
    {
      "id": "w-421304-3046920010801",
      "name": "Lindt Excellence Dark Chocolate Roasted Hazelnut",
      "brand": "Lindt",
      "imageUrls": "https://cdn0.woolworths.media/content/wowproductimages/large/421304.jpg",
      "storeId": "woolworths",
      "packageSize": "100g block",
      "cupPrice": "$3.00 / 100G",
      "locations": {
        "ALL": {
          "price": 3,
          "discountRate": 33,
          "promo": "",
          "orgPrice": 4.5
        }
      },
      "categoryIds": ["w-pantry"],
      "similarProducts": []
    },
    {
      "id": "w-797737-3046920027281",
      "name": "Lindt Excellence Dark Chocolate Sea Salt Caramel",
      "brand": "Lindt",
      "imageUrls": "https://cdn0.woolworths.media/content/wowproductimages/large/797737.jpg",
      "storeId": "woolworths",
      "packageSize": "100g block",
      "cupPrice": "$3.00 / 100G",
      "locations": {
        "ALL": {
          "price": 3,
          "discountRate": 33,
          "promo": "",
          "orgPrice": 4.5
        }
      },
      "categoryIds": ["w-pantry"],
      "similarProducts": []
    },
    {
      "id": "w-52152-4000539280207",
      "name": "Lindt Excellence Honeycomb Dark Chocolate",
      "brand": "Lindt",
      "imageUrls": "https://cdn0.woolworths.media/content/wowproductimages/large/052152.jpg",
      "storeId": "woolworths",
      "packageSize": "100g",
      "cupPrice": "$3.00 / 100G",
      "locations": {
        "ALL": {
          "price": 3,
          "discountRate": 33,
          "promo": "",
          "orgPrice": 4.5
        }
      },
      "categoryIds": ["w-pantry"],
      "similarProducts": []
    },
    {
      "id": "w-19752-3046920011013",
      "name": "Lindt Excellence Milk Chocolate Extra Creamy",
      "brand": "Lindt",
      "imageUrls": "https://cdn0.woolworths.media/content/wowproductimages/large/019752.jpg",
      "storeId": "woolworths",
      "packageSize": "100g block",
      "cupPrice": "$3.00 / 100G",
      "locations": {
        "ALL": {
          "price": 3,
          "discountRate": 33,
          "promo": "",
          "orgPrice": 4.5
        }
      },
      "categoryIds": ["w-pantry"],
      "similarProducts": []
    },
    {
      "id": "w-574482-3046920010382",
      "name": "Lindt Excellence Milk Chocolate Seasalt & Caramel",
      "brand": "Lindt",
      "imageUrls": "https://cdn0.woolworths.media/content/wowproductimages/large/574482.jpg",
      "storeId": "woolworths",
      "packageSize": "100g block",
      "cupPrice": "$3.00 / 100G",
      "locations": {
        "ALL": {
          "price": 3,
          "discountRate": 33,
          "promo": "",
          "orgPrice": 4.5
        }
      },
      "categoryIds": ["w-pantry"],
      "similarProducts": []
    },
    {
      "id": "w-574478-3046920010047",
      "name": "Lindt Excellence Rich Dark Chocolate 78% Cocoa",
      "brand": "Lindt",
      "imageUrls": "https://cdn0.woolworths.media/content/wowproductimages/large/574478.jpg",
      "storeId": "woolworths",
      "packageSize": "100g block",
      "cupPrice": "$3.00 / 100G",
      "locations": {
        "ALL": {
          "price": 3,
          "discountRate": 33,
          "promo": "",
          "orgPrice": 4.5
        }
      },
      "categoryIds": ["w-pantry"],
      "similarProducts": []
    },
    {
      "id": "w-789154-9542009984",
      "name": "Lindt Excellence Supreme Dark Chocolate 90% Cocoa",
      "brand": "Lindt",
      "imageUrls": "https://cdn0.woolworths.media/content/wowproductimages/large/789154.jpg",
      "storeId": "woolworths",
      "packageSize": "100g block",
      "cupPrice": "$3.00 / 100G",
      "locations": {
        "ALL": {
          "price": 3,
          "discountRate": 33,
          "promo": "",
          "orgPrice": 4.5
        }
      },
      "categoryIds": ["w-pantry"],
      "similarProducts": []
    },
    {
      "id": "w-760825-3046920084000",
      "name": "Lindt Excellence White Chocolate Extra Silky",
      "brand": "Lindt",
      "imageUrls": "https://cdn0.woolworths.media/content/wowproductimages/large/760825.jpg",
      "storeId": "woolworths",
      "packageSize": "100g block",
      "cupPrice": "$3.00 / 100G",
      "locations": {
        "ALL": {
          "price": 3,
          "discountRate": 33,
          "promo": "",
          "orgPrice": 4.5
        }
      },
      "categoryIds": ["w-pantry"],
      "similarProducts": []
    },
    {
      "id": "w-22330-3046920021081",
      "name": "Lindt Fruit Sens Mango Passionfruit",
      "brand": "Lindt",
      "imageUrls": "https://cdn0.woolworths.media/content/wowproductimages/large/022330.jpg",
      "storeId": "woolworths",
      "packageSize": "150g",
      "cupPrice": "$3.20 / 100G",
      "locations": {
        "ALL": {
          "price": 4.8,
          "discountRate": 20,
          "promo": "",
          "orgPrice": 6
        }
      },
      "categoryIds": ["w-pantry"],
      "similarProducts": []
    },
    {
      "id": "w-674261-3046920045308",
      "name": "Lindt Fruit Sensation Berry Acai",
      "brand": "Lindt",
      "imageUrls": "https://cdn0.woolworths.media/content/wowproductimages/large/674261.jpg",
      "storeId": "woolworths",
      "packageSize": "150g",
      "cupPrice": "$3.20 / 100G",
      "locations": {
        "ALL": {
          "price": 4.8,
          "discountRate": 20,
          "promo": "",
          "orgPrice": 6
        }
      },
      "categoryIds": ["w-pantry"],
      "similarProducts": []
    },
    {
      "id": "w-674239-3046920045315",
      "name": "Lindt Fruit Sensation Raspberry Cranberry",
      "brand": "Lindt",
      "imageUrls": "https://cdn0.woolworths.media/content/wowproductimages/large/674239.jpg",
      "storeId": "woolworths",
      "packageSize": "150g",
      "cupPrice": "$3.20 / 100G",
      "locations": {
        "ALL": {
          "price": 4.8,
          "discountRate": 20,
          "promo": "",
          "orgPrice": 6
        }
      },
      "categoryIds": ["w-pantry"],
      "similarProducts": []
    },
    {
      "id": "w-126395-9323966101002",
      "name": "Lindt Lindor Chocolate Balls Assorted",
      "brand": "Lindt",
      "imageUrls": "https://cdn0.woolworths.media/content/wowproductimages/large/126395.jpg",
      "storeId": "woolworths",
      "packageSize": "235g box",
      "cupPrice": "$5.11 / 100G",
      "locations": {
        "ALL": {
          "price": 12,
          "discountRate": 40,
          "promo": "",
          "orgPrice": 20
        }
      },
      "categoryIds": ["w-pantry"],
      "similarProducts": []
    },
    {
      "id": "w-126399-9323966100944",
      "name": "Lindt Lindor Chocolate Balls Assorted",
      "brand": "Lindt",
      "imageUrls": "https://cdn0.woolworths.media/content/wowproductimages/large/126399.jpg",
      "storeId": "woolworths",
      "packageSize": "150g box",
      "cupPrice": "$5.60 / 100G",
      "locations": {
        "ALL": {
          "price": 8.4,
          "discountRate": 40,
          "promo": "",
          "orgPrice": 14
        }
      },
      "categoryIds": ["w-pantry"],
      "similarProducts": []
    },
    {
      "id": "w-249702-9323966105178",
      "name": "Lindt Lindor Chocolate Balls Assorted",
      "brand": "Lindt",
      "imageUrls": "https://cdn0.woolworths.media/content/wowproductimages/large/249702.jpg",
      "storeId": "woolworths",
      "packageSize": "125g bag",
      "cupPrice": "$3.84 / 100G",
      "locations": {
        "ALL": {
          "price": 4.8,
          "discountRate": 40,
          "promo": "",
          "orgPrice": 8
        }
      },
      "categoryIds": ["w-pantry"],
      "similarProducts": []
    },
    {
      "id": "w-380595-8003340093116",
      "name": "Lindt Lindor Chocolate Balls Cornet Assorted",
      "brand": "Lindt",
      "imageUrls": "https://cdn0.woolworths.media/content/wowproductimages/large/380595.jpg",
      "storeId": "woolworths",
      "packageSize": "337g box",
      "cupPrice": "$3.56 / 100G",
      "locations": {
        "ALL": {
          "price": 12,
          "discountRate": 40,
          "promo": "",
          "orgPrice": 20
        }
      },
      "categoryIds": ["w-pantry"],
      "similarProducts": []
    },
    {
      "id": "w-380596-8003340093109",
      "name": "Lindt Lindor Chocolate Balls Cornet Milk",
      "brand": "Lindt",
      "imageUrls": "https://cdn0.woolworths.media/content/wowproductimages/large/380596.jpg",
      "storeId": "woolworths",
      "packageSize": "337g box",
      "cupPrice": "$3.56 / 100G",
      "locations": {
        "ALL": {
          "price": 12,
          "discountRate": 40,
          "promo": "",
          "orgPrice": 20
        }
      },
      "categoryIds": ["w-pantry"],
      "similarProducts": []
    },
    {
      "id": "w-126397-9323966100937",
      "name": "Lindt Lindor Chocolate Balls Milk",
      "brand": "Lindt",
      "imageUrls": "https://cdn0.woolworths.media/content/wowproductimages/large/126397.jpg",
      "storeId": "woolworths",
      "packageSize": "150g box",
      "cupPrice": "$5.60 / 100G",
      "locations": {
        "ALL": {
          "price": 8.4,
          "discountRate": 40,
          "promo": "",
          "orgPrice": 14
        }
      },
      "categoryIds": ["w-pantry"],
      "similarProducts": []
    },
    {
      "id": "w-249701-9323966105161",
      "name": "Lindt Lindor Chocolate Balls Milk",
      "brand": "Lindt",
      "imageUrls": "https://cdn0.woolworths.media/content/wowproductimages/large/249701.jpg",
      "storeId": "woolworths",
      "packageSize": "125g bag",
      "cupPrice": "$3.84 / 100G",
      "locations": {
        "ALL": {
          "price": 4.8,
          "discountRate": 40,
          "promo": "",
          "orgPrice": 8
        }
      },
      "categoryIds": ["w-pantry"],
      "similarProducts": []
    },
    {
      "id": "w-811009-9323966118192",
      "name": "Lindt Lindor Chocolate Balls Pistachio",
      "brand": "Lindt",
      "imageUrls": "https://cdn0.woolworths.media/content/wowproductimages/large/811009.jpg",
      "storeId": "woolworths",
      "packageSize": "123g",
      "cupPrice": "$3.90 / 100G",
      "locations": {
        "ALL": {
          "price": 4.8,
          "discountRate": 40,
          "promo": "",
          "orgPrice": 8
        }
      },
      "categoryIds": ["w-pantry"],
      "similarProducts": []
    },
    {
      "id": "w-47162-9323966114385",
      "name": "Lindt Lindor Chocolate Balls Sea Salt Caramel",
      "brand": "Lindt",
      "imageUrls": "https://cdn0.woolworths.media/content/wowproductimages/large/047162.jpg",
      "storeId": "woolworths",
      "packageSize": "130g bag",
      "cupPrice": "$3.69 / 100G",
      "locations": {
        "ALL": {
          "price": 4.8,
          "discountRate": 40,
          "promo": "",
          "orgPrice": 8
        }
      },
      "categoryIds": ["w-pantry"],
      "similarProducts": []
    },
    {
      "id": "w-49772-9323966118277",
      "name": "Lindt Lindor Chocolate Balls Mint",
      "brand": "Lindt",
      "imageUrls": "https://cdn0.woolworths.media/content/wowproductimages/large/049772.jpg",
      "storeId": "woolworths",
      "packageSize": "123g",
      "cupPrice": "$3.90 / 100G",
      "locations": {
        "ALL": {
          "price": 4.8,
          "discountRate": 40,
          "promo": "",
          "orgPrice": 8
        }
      },
      "categoryIds": ["w-pantry"],
      "similarProducts": []
    },
    {
      "id": "w-26493-7610400074193",
      "name": "Lindt Lindor Chocolate Block 60% Dark",
      "brand": "Lindt",
      "imageUrls": "https://cdn0.woolworths.media/content/wowproductimages/large/026493.jpg",
      "storeId": "woolworths",
      "packageSize": "100g block",
      "cupPrice": "$3.00 / 100G",
      "locations": {
        "ALL": {
          "price": 3,
          "discountRate": 33,
          "promo": "",
          "orgPrice": 4.5
        }
      },
      "categoryIds": ["w-pantry"],
      "similarProducts": []
    },
    {
      "id": "w-20747-7610400014649",
      "name": "Lindt Lindor Chocolate Block Milk",
      "brand": "Lindt",
      "imageUrls": "https://cdn0.woolworths.media/content/wowproductimages/large/020747.jpg",
      "storeId": "woolworths",
      "packageSize": "100g block",
      "cupPrice": "$3.00 / 100G",
      "locations": {
        "ALL": {
          "price": 3,
          "discountRate": 33,
          "promo": "",
          "orgPrice": 4.5
        }
      },
      "categoryIds": ["w-pantry"],
      "similarProducts": []
    },
    {
      "id": "w-46223-7610400014632",
      "name": "Lindt Lindor Chocolate Block White",
      "brand": "Lindt",
      "imageUrls": "https://cdn0.woolworths.media/content/wowproductimages/large/046223.jpg",
      "storeId": "woolworths",
      "packageSize": "100g block",
      "cupPrice": "$3.00 / 100G",
      "locations": {
        "ALL": {
          "price": 3,
          "discountRate": 33,
          "promo": "",
          "orgPrice": 4.5
        }
      },
      "categoryIds": ["w-pantry"],
      "similarProducts": []
    },
    {
      "id": "w-329027-9323966109343",
      "name": "Lindt Lindor Dark Assorted",
      "brand": "Lindt",
      "imageUrls": "https://cdn0.woolworths.media/content/wowproductimages/large/329027.jpg",
      "storeId": "woolworths",
      "packageSize": "150g",
      "cupPrice": "$5.60 / 100G",
      "locations": {
        "ALL": {
          "price": 8.4,
          "discountRate": 40,
          "promo": "",
          "orgPrice": 14
        }
      },
      "categoryIds": ["w-pantry"],
      "similarProducts": []
    },
    {
      "id": "w-78537-3046920047852",
      "name": "Lindt Milk Chocoate Crispy Sensation",
      "brand": "Lindt",
      "imageUrls": "https://cdn0.woolworths.media/content/wowproductimages/large/078537.jpg",
      "storeId": "woolworths",
      "packageSize": "140g",
      "cupPrice": "$3.43 / 100G",
      "locations": {
        "ALL": {
          "price": 4.8,
          "discountRate": 20,
          "promo": "",
          "orgPrice": 6
        }
      },
      "categoryIds": ["w-pantry"],
      "similarProducts": []
    },
    {
      "id": "w-676637-4000539370007",
      "name": "Lindt Mini Pralines Xxl",
      "brand": "Lindt",
      "imageUrls": "https://cdn0.woolworths.media/content/wowproductimages/large/676637.jpg",
      "storeId": "woolworths",
      "packageSize": "180g",
      "cupPrice": "$5.00 / 100G",
      "locations": {
        "ALL": { "price": 9, "discountRate": 40, "promo": "", "orgPrice": 15 }
      },
      "categoryIds": ["w-pantry"],
      "similarProducts": []
    },
    {
      "id": "w-806632-9323966118024",
      "name": "Lindt Nocciolatte Bag",
      "brand": "Lindt",
      "imageUrls": "https://cdn0.woolworths.media/content/wowproductimages/large/806632.jpg",
      "storeId": "woolworths",
      "packageSize": "96g",
      "cupPrice": "$5.00 / 100G",
      "locations": {
        "ALL": {
          "price": 4.8,
          "discountRate": 40,
          "promo": "",
          "orgPrice": 8
        }
      },
      "categoryIds": ["w-pantry"],
      "similarProducts": []
    },
    {
      "id": "w-81823-9323966118772",
      "name": "Lindt Nuxor Milk Chocolate Gift Box",
      "brand": "Lindt",
      "imageUrls": "https://cdn0.woolworths.media/content/wowproductimages/large/081823.jpg",
      "storeId": "woolworths",
      "packageSize": "177g",
      "cupPrice": "$0.00 / 0",
      "locations": {
        "ALL": {
          "price": 11.1,
          "discountRate": 40,
          "promo": "",
          "orgPrice": 18.5
        }
      },
      "categoryIds": ["w-pantry"],
      "similarProducts": []
    },
    {
      "id": "w-587911-6281006868694",
      "name": "Lipton Quality Black Tea Bags",
      "brand": "Lipton",
      "imageUrls": "https://cdn0.woolworths.media/content/wowproductimages/large/587911.jpg",
      "storeId": "woolworths",
      "packageSize": "100 pack",
      "cupPrice": "$0.04 / 1EA",
      "locations": {
        "ALL": {
          "price": 3.5,
          "discountRate": 30,
          "promo": "",
          "orgPrice": 5
        }
      },
      "categoryIds": ["w-pantry", "w-drinks"],
      "similarProducts": []
    },
    {
      "id": "w-228523-9310021034160",
      "name": "Lipton Quality Black Leaf Tea Intense",
      "brand": "Lipton",
      "imageUrls": "https://cdn0.woolworths.media/content/wowproductimages/large/228523.jpg",
      "storeId": "woolworths",
      "packageSize": "100 pack",
      "cupPrice": "$0.05 / 1EA",
      "locations": {
        "ALL": {
          "price": 5,
          "discountRate": 18,
          "promo": "",
          "orgPrice": 6.1
        }
      },
      "categoryIds": ["w-pantry", "w-drinks"],
      "similarProducts": []
    },
    {
      "id": "w-52003-8000380007264",
      "name": "Loacker Chocolate Classic Wafer",
      "brand": "Loacker",
      "imageUrls": "https://cdn0.woolworths.media/content/wowproductimages/large/052003.jpg",
      "storeId": "woolworths",
      "packageSize": "175g",
      "cupPrice": "$0.86 / 100G",
      "locations": {
        "ALL": {
          "price": 1.5,
          "discountRate": 50,
          "promo": "",
          "orgPrice": 3
        }
      },
      "categoryIds": ["w-pantry"],
      "similarProducts": []
    },
    {
      "id": "w-812582-8000380148035",
      "name": "Loacker Gran Pasticceria Dark Hazelnut",
      "brand": "Loacker",
      "imageUrls": "https://cdn0.woolworths.media/content/wowproductimages/large/812582.jpg",
      "storeId": "woolworths",
      "packageSize": "100g",
      "cupPrice": "$3.00 / 100G",
      "locations": {
        "ALL": { "price": 3, "discountRate": 25, "promo": "", "orgPrice": 4 }
      },
      "categoryIds": ["w-pantry"],
      "similarProducts": []
    },
    {
      "id": "w-52002-8000380007219",
      "name": "Loacker Napolitaner Wafers",
      "brand": "Loacker",
      "imageUrls": "https://cdn0.woolworths.media/content/wowproductimages/large/052002.jpg",
      "storeId": "woolworths",
      "packageSize": "175g",
      "cupPrice": "$0.86 / 100G",
      "locations": {
        "ALL": {
          "price": 1.5,
          "discountRate": 50,
          "promo": "",
          "orgPrice": 3
        }
      },
      "categoryIds": ["w-pantry"],
      "similarProducts": []
    },
    {
      "id": "w-214438-8000380003761",
      "name": "Loacker Wafers Coconut",
      "brand": "Loacker",
      "imageUrls": "https://cdn0.woolworths.media/content/wowproductimages/large/214438.jpg",
      "storeId": "woolworths",
      "packageSize": "100g",
      "cupPrice": "$3.00 / 100G",
      "locations": {
        "ALL": { "price": 3, "discountRate": 25, "promo": "", "orgPrice": 4 }
      },
      "categoryIds": ["w-pantry"],
      "similarProducts": []
    },
    {
      "id": "w-768620-8000380153534",
      "name": "Loacker Wafers White Tortina",
      "brand": "Loacker",
      "imageUrls": "https://cdn0.woolworths.media/content/wowproductimages/large/768620.jpg",
      "storeId": "woolworths",
      "packageSize": "125g",
      "cupPrice": "$2.40 / 100G",
      "locations": {
        "ALL": { "price": 3, "discountRate": 25, "promo": "", "orgPrice": 4 }
      },
      "categoryIds": ["w-pantry"],
      "similarProducts": []
    },
    {
      "id": "w-261945-8000380005598",
      "name": "Loacker Wafers Dark Chocolate Tortina",
      "brand": "Loacker",
      "imageUrls": "https://cdn0.woolworths.media/content/wowproductimages/large/261945.jpg",
      "storeId": "woolworths",
      "packageSize": "125g",
      "cupPrice": "$2.40 / 100G",
      "locations": {
        "ALL": { "price": 3, "discountRate": 25, "promo": "", "orgPrice": 4 }
      },
      "categoryIds": ["w-pantry"],
      "similarProducts": []
    },
    {
      "id": "w-261943-8000380106028",
      "name": "Loacker Wafers Original Hazelnut Tortina",
      "brand": "Loacker",
      "imageUrls": "https://cdn0.woolworths.media/content/wowproductimages/large/261943.jpg",
      "storeId": "woolworths",
      "packageSize": "125g",
      "cupPrice": "$2.40 / 100G",
      "locations": {
        "ALL": { "price": 3, "discountRate": 25, "promo": "", "orgPrice": 4 }
      },
      "categoryIds": ["w-pantry"],
      "similarProducts": []
    },
    {
      "id": "w-629587-8000380180837",
      "name": "Loacker White Chocolate & Coconut Wafers",
      "brand": "Loacker",
      "imageUrls": "https://cdn0.woolworths.media/content/wowproductimages/large/629587.jpg",
      "storeId": "woolworths",
      "packageSize": "100g",
      "cupPrice": "$3.00 / 100G",
      "locations": {
        "ALL": { "price": 3, "discountRate": 25, "promo": "", "orgPrice": 4 }
      },
      "categoryIds": ["w-pantry"],
      "similarProducts": []
    },
    {
      "id": "w-214435-8000380003723",
      "name": "Loacker Wafers Pasticceria Noisette",
      "brand": "Loacker",
      "imageUrls": "https://cdn0.woolworths.media/content/wowproductimages/large/214435.jpg",
      "storeId": "woolworths",
      "packageSize": "100g",
      "cupPrice": "$3.00 / 100G",
      "locations": {
        "ALL": { "price": 3, "discountRate": 25, "promo": "", "orgPrice": 4 }
      },
      "categoryIds": ["w-pantry"],
      "similarProducts": []
    },
    {
      "id": "w-54972-9312564607726",
      "name": "Local Legends Biltong Chilli",
      "brand": "Local Legends",
      "imageUrls": "https://cdn0.woolworths.media/content/wowproductimages/large/054972.jpg",
      "storeId": "woolworths",
      "packageSize": "45g",
      "cupPrice": "$7.78 / 100G",
      "locations": {
        "ALL": {
          "price": 3.5,
          "discountRate": 19,
          "promo": "",
          "orgPrice": 4.3
        }
      },
      "categoryIds": ["w-pantry"],
      "similarProducts": []
    },
    {
      "id": "w-827130-9312564607672",
      "name": "Local Legends Wagyu Beef",
      "brand": "Local Legends",
      "imageUrls": "https://cdn0.woolworths.media/content/wowproductimages/large/827130.jpg",
      "storeId": "woolworths",
      "packageSize": "50g",
      "cupPrice": "$9.00 / 100G",
      "locations": {
        "ALL": {
          "price": 4.5,
          "discountRate": 18,
          "promo": "",
          "orgPrice": 5.5
        }
      },
      "categoryIds": ["w-pantry"],
      "similarProducts": []
    },
    {
      "id": "w-53672-9310765111677",
      "name": "Lowan Cereal Cocoa Bombs",
      "brand": "Lowan",
      "imageUrls": "https://cdn0.woolworths.media/content/wowproductimages/large/053672.jpg",
      "storeId": "woolworths",
      "packageSize": "350g",
      "cupPrice": "$0.86 / 100G",
      "locations": {
        "ALL": { "price": 3, "discountRate": 25, "promo": "", "orgPrice": 4 }
      },
      "categoryIds": ["w-pantry"],
      "similarProducts": []
    },
    {
      "id": "w-85546-9310273001477",
      "name": "Lowan Quick Oats",
      "brand": "Lowan",
      "imageUrls": "https://cdn0.woolworths.media/content/wowproductimages/large/085546.jpg",
      "storeId": "woolworths",
      "packageSize": "1kg",
      "cupPrice": "$0.35 / 100G",
      "locations": {
        "ALL": {
          "price": 3.5,
          "discountRate": 13,
          "promo": "",
          "orgPrice": 4
        }
      },
      "categoryIds": ["w-pantry"],
      "similarProducts": []
    },
    {
      "id": "w-85572-9310273001484",
      "name": "Lowan Traditional Rolled Oats",
      "brand": "Lowan",
      "imageUrls": "https://cdn0.woolworths.media/content/wowproductimages/large/085572.jpg",
      "storeId": "woolworths",
      "packageSize": "1kg",
      "cupPrice": "$0.35 / 100G",
      "locations": {
        "ALL": {
          "price": 3.5,
          "discountRate": 13,
          "promo": "",
          "orgPrice": 4
        }
      },
      "categoryIds": ["w-pantry"],
      "similarProducts": []
    },
    {
      "id": "w-353439-9310064002287",
      "name": "Lucky Oven Roasted Almonds & Yoghurt Sultanas",
      "brand": "Lucky",
      "imageUrls": "https://cdn0.woolworths.media/content/wowproductimages/large/353439.jpg",
      "storeId": "woolworths",
      "packageSize": "6 pack",
      "cupPrice": "$22.22 / 1KG",
      "locations": {
        "ALL": {
          "price": 4,
          "discountRate": 37,
          "promo": "",
          "orgPrice": 6.3
        }
      },
      "categoryIds": ["w-pantry"],
      "similarProducts": []
    },
    {
      "id": "w-208931-9310064001334",
      "name": "Lucky Walnuts, Cashews & Almonds",
      "brand": "Lucky",
      "imageUrls": "https://cdn0.woolworths.media/content/wowproductimages/large/208931.jpg",
      "storeId": "woolworths",
      "packageSize": "6 pack",
      "cupPrice": "$27.78 / 1KG",
      "locations": {
        "ALL": {
          "price": 5,
          "discountRate": 32,
          "promo": "",
          "orgPrice": 7.4
        }
      },
      "categoryIds": ["w-pantry"],
      "similarProducts": []
    },
    {
      "id": "w-752016-9300682042260",
      "name": "M&m's Chocolate Medium Party Share Bag 12 Piece",
      "brand": "M&m's",
      "imageUrls": "https://cdn0.woolworths.media/content/wowproductimages/large/752016.jpg",
      "storeId": "woolworths",
      "packageSize": "162g",
      "cupPrice": "$1.85 / 100G",
      "locations": {
        "ALL": {
          "price": 3,
          "discountRate": 35,
          "promo": "",
          "orgPrice": 4.6
        }
      },
      "categoryIds": ["w-pantry"],
      "similarProducts": []
    },
    {
      "id": "w-579-40000000396",
      "name": "M&m's Mini's Chocolate Tube",
      "brand": "M&m's",
      "imageUrls": "https://cdn0.woolworths.media/content/wowproductimages/large/000579.jpg",
      "storeId": "woolworths",
      "packageSize": "35g",
      "cupPrice": "$2.86 / 100G",
      "locations": {
        "ALL": { "price": 1, "discountRate": 50, "promo": "", "orgPrice": 2 }
      },
      "categoryIds": ["w-pantry"],
      "similarProducts": []
    },
    {
      "id": "w-54406-9300682055642",
      "name": "M&m's Peanut Chocolate Gift Box",
      "brand": "M&m's",
      "imageUrls": "https://cdn0.woolworths.media/content/wowproductimages/large/054406.jpg",
      "storeId": "woolworths",
      "packageSize": "460g",
      "cupPrice": "$1.57 / 100G",
      "locations": {
        "ALL": {
          "price": 7.2,
          "discountRate": 40,
          "promo": "",
          "orgPrice": 12
        }
      },
      "categoryIds": ["w-pantry"],
      "similarProducts": []
    },
    {
      "id": "w-869070-9339687089918",
      "name": "Macro Breakfast Bowl Acai Mixed Berry",
      "brand": "Macro",
      "imageUrls": "https://cdn0.woolworths.media/content/wowproductimages/large/869070.jpg",
      "storeId": "woolworths",
      "packageSize": "60g",
      "cupPrice": "$5.00 / 100G",
      "locations": {
        "ALL": {
          "price": 3,
          "discountRate": 14,
          "promo": "",
          "orgPrice": 3.5
        }
      },
      "categoryIds": ["w-pantry"],
      "similarProducts": []
    },
    {
      "id": "w-869071-9339687089925",
      "name": "Macro Breakfast Bowl Cacao Coconut",
      "brand": "Macro",
      "imageUrls": "https://cdn0.woolworths.media/content/wowproductimages/large/869071.jpg",
      "storeId": "woolworths",
      "packageSize": "60g",
      "cupPrice": "$5.00 / 100G",
      "locations": {
        "ALL": {
          "price": 3,
          "discountRate": 14,
          "promo": "",
          "orgPrice": 3.5
        }
      },
      "categoryIds": ["w-pantry"],
      "similarProducts": []
    },
    {
      "id": "w-869072-9339687089932",
      "name": "Macro Breakfast Bowl Mango Coconut",
      "brand": "Macro",
      "imageUrls": "https://cdn0.woolworths.media/content/wowproductimages/large/869072.jpg",
      "storeId": "woolworths",
      "packageSize": "60g",
      "cupPrice": "$5.00 / 100G",
      "locations": {
        "ALL": {
          "price": 3,
          "discountRate": 14,
          "promo": "",
          "orgPrice": 3.5
        }
      },
      "categoryIds": ["w-pantry"],
      "similarProducts": []
    },
    {
      "id": "w-698014-9339687056712",
      "name": "Macro Cacao & Mint Latte",
      "brand": "Macro",
      "imageUrls": "https://cdn0.woolworths.media/content/wowproductimages/large/698014.jpg",
      "storeId": "woolworths",
      "packageSize": "100g",
      "cupPrice": "$4.00 / 100G",
      "locations": {
        "ALL": { "price": 4, "discountRate": 33, "promo": "", "orgPrice": 6 }
      },
      "categoryIds": ["w-pantry"],
      "similarProducts": []
    },
    {
      "id": "w-61837-9339687133710",
      "name": "Macro Chipotle Crunch",
      "brand": "Macro",
      "imageUrls": "https://cdn0.woolworths.media/content/wowproductimages/large/061837.jpg",
      "storeId": "woolworths",
      "packageSize": "30g",
      "cupPrice": "$2.67 / 100G",
      "locations": {
        "ALL": {
          "price": 0.8,
          "discountRate": 20,
          "promo": "",
          "orgPrice": 1
        }
      },
      "categoryIds": ["w-pantry"],
      "similarProducts": []
    },
    {
      "id": "w-61835-9339687133697",
      "name": "Macro Chocolate Orange Nuts",
      "brand": "Macro",
      "imageUrls": "https://cdn0.woolworths.media/content/wowproductimages/large/061835.jpg",
      "storeId": "woolworths",
      "packageSize": "30g",
      "cupPrice": "$2.67 / 100G",
      "locations": {
        "ALL": {
          "price": 0.8,
          "discountRate": 20,
          "promo": "",
          "orgPrice": 1
        }
      },
      "categoryIds": ["w-pantry"],
      "similarProducts": []
    },
    {
      "id": "w-61836-9339687133703",
      "name": "Macro Nuts About Onion",
      "brand": "Macro",
      "imageUrls": "https://cdn0.woolworths.media/content/wowproductimages/large/061836.jpg",
      "storeId": "woolworths",
      "packageSize": "30g",
      "cupPrice": "$2.67 / 100G",
      "locations": {
        "ALL": {
          "price": 0.8,
          "discountRate": 20,
          "promo": "",
          "orgPrice": 1
        }
      },
      "categoryIds": ["w-pantry"],
      "similarProducts": []
    },
    {
      "id": "w-70750-9339687137251",
      "name": "Macro Organic Intense Industrially Compostable Coffee Capsules",
      "brand": "Macro",
      "imageUrls": "https://cdn0.woolworths.media/content/wowproductimages/large/070750.jpg",
      "storeId": "woolworths",
      "packageSize": "10 pack",
      "cupPrice": "$0.48 / 1EA",
      "locations": {
        "ALL": {
          "price": 4.8,
          "discountRate": 20,
          "promo": "",
          "orgPrice": 6
        }
      },
      "categoryIds": ["w-pantry", "w-drinks"],
      "similarProducts": []
    },
    {
      "id": "w-70748-9339687137237",
      "name": "Macro Organic Medium Industrially Compostable Coffee Capsules",
      "brand": "Macro",
      "imageUrls": "https://cdn0.woolworths.media/content/wowproductimages/large/070748.jpg",
      "storeId": "woolworths",
      "packageSize": "10 pack",
      "cupPrice": "$0.48 / 1EA",
      "locations": {
        "ALL": {
          "price": 4.8,
          "discountRate": 20,
          "promo": "",
          "orgPrice": 6
        }
      },
      "categoryIds": ["w-pantry", "w-drinks"],
      "similarProducts": []
    },
    {
      "id": "w-70749-9339687137244",
      "name": "Macro Organic Strong Industrially Compostable Coffee Capsules",
      "brand": "Macro",
      "imageUrls": "https://cdn0.woolworths.media/content/wowproductimages/large/070749.jpg",
      "storeId": "woolworths",
      "packageSize": "10 pack",
      "cupPrice": "$0.48 / 1EA",
      "locations": {
        "ALL": {
          "price": 4.8,
          "discountRate": 20,
          "promo": "",
          "orgPrice": 6
        }
      },
      "categoryIds": ["w-pantry", "w-drinks"],
      "similarProducts": []
    },
    {
      "id": "w-61838-9339687133727",
      "name": "Macro Tempting Tamari",
      "brand": "Macro",
      "imageUrls": "https://cdn0.woolworths.media/content/wowproductimages/large/061838.jpg",
      "storeId": "woolworths",
      "packageSize": "30g",
      "cupPrice": "$2.67 / 100G",
      "locations": {
        "ALL": {
          "price": 0.8,
          "discountRate": 20,
          "promo": "",
          "orgPrice": 1
        }
      },
      "categoryIds": ["w-pantry"],
      "similarProducts": []
    },
    {
      "id": "w-57326-44738072311",
      "name": "Mae Ploy Sauce Sweet Chilli",
      "brand": "Mae Ploy",
      "imageUrls": "https://cdn0.woolworths.media/content/wowproductimages/large/057326.jpg",
      "storeId": "woolworths",
      "packageSize": "280ml",
      "cupPrice": "$0.89 / 100ML",
      "locations": {
        "ALL": {
          "price": 2.5,
          "discountRate": 14,
          "promo": "",
          "orgPrice": 2.9
        }
      },
      "categoryIds": ["w-pantry"],
      "similarProducts": []
    },
    {
      "id": "w-784857-9400556014093",
      "name": "Maggi Best Ever Beef Burgers Recipe Base",
      "brand": "Maggi",
      "imageUrls": "https://cdn0.woolworths.media/content/wowproductimages/large/784857.jpg",
      "storeId": "woolworths",
      "packageSize": "30g",
      "cupPrice": "$5.00 / 100G",
      "locations": {
        "ALL": {
          "price": 1.5,
          "discountRate": 14,
          "promo": "",
          "orgPrice": 1.75
        }
      },
      "categoryIds": ["w-pantry"],
      "similarProducts": []
    },
    {
      "id": "w-270685-9400556005237",
      "name": "Maggi Brown Onion Gravy",
      "brand": "Maggi",
      "imageUrls": "https://cdn0.woolworths.media/content/wowproductimages/large/270685.jpg",
      "storeId": "woolworths",
      "packageSize": "31g",
      "cupPrice": "$0.26 / 10G",
      "locations": {
        "ALL": {
          "price": 0.8,
          "discountRate": 20,
          "promo": "",
          "orgPrice": 1
        }
      },
      "categoryIds": ["w-pantry"],
      "similarProducts": []
    },
    {
      "id": "w-84956-9556001278661",
      "name": "Maggi Fusian Soupy Noodles Thai Tom Yum",
      "brand": "Maggi",
      "imageUrls": "https://cdn0.woolworths.media/content/wowproductimages/large/084956.jpg",
      "storeId": "woolworths",
      "packageSize": "5 pack",
      "cupPrice": "$0.75 / 100G",
      "locations": {
        "ALL": {
          "price": 3,
          "discountRate": 24,
          "promo": "",
          "orgPrice": 3.95
        }
      },
      "categoryIds": ["w-pantry"],
      "similarProducts": []
    },
    {
      "id": "w-257413-9400556005299",
      "name": "Maggi Gravy Mix Roast Chicken",
      "brand": "Maggi",
      "imageUrls": "https://cdn0.woolworths.media/content/wowproductimages/large/257413.jpg",
      "storeId": "woolworths",
      "packageSize": "24g",
      "cupPrice": "$0.33 / 10G",
      "locations": {
        "ALL": {
          "price": 0.8,
          "discountRate": 20,
          "promo": "",
          "orgPrice": 1
        }
      },
      "categoryIds": ["w-pantry"],
      "similarProducts": []
    },
    {
      "id": "w-257411-9400556005459",
      "name": "Maggi Gravy Mix Roast Meat",
      "brand": "Maggi",
      "imageUrls": "https://cdn0.woolworths.media/content/wowproductimages/large/257411.jpg",
      "storeId": "woolworths",
      "packageSize": "27g",
      "cupPrice": "$0.30 / 10G",
      "locations": {
        "ALL": {
          "price": 0.8,
          "discountRate": 20,
          "promo": "",
          "orgPrice": 1
        }
      },
      "categoryIds": ["w-pantry"],
      "similarProducts": []
    },
    {
      "id": "w-748317-9300605075702",
      "name": "Maggi Marketplace Sweet Chilli & Lemongrass Recipe Mix",
      "brand": "Maggi",
      "imageUrls": "https://cdn0.woolworths.media/content/wowproductimages/large/748317.jpg",
      "storeId": "woolworths",
      "packageSize": "150g",
      "cupPrice": "$1.80 / 100G",
      "locations": {
        "ALL": {
          "price": 2.7,
          "discountRate": 10,
          "promo": "",
          "orgPrice": 3
        }
      },
      "categoryIds": ["w-pantry"],
      "similarProducts": []
    },
    {
      "id": "w-86873-9300605134881",
      "name": "Maggi Pad Thai Stir Fry Infusion",
      "brand": "Maggi",
      "imageUrls": "https://cdn0.woolworths.media/content/wowproductimages/large/086873.jpg",
      "storeId": "woolworths",
      "packageSize": "150g",
      "cupPrice": "$1.80 / 100G",
      "locations": {
        "ALL": {
          "price": 2.7,
          "discountRate": 10,
          "promo": "",
          "orgPrice": 3
        }
      },
      "categoryIds": ["w-pantry"],
      "similarProducts": []
    },
    {
      "id": "w-777844-9300605095151",
      "name": "Maggi Stir Fry Creations Chinese Bbq Pork",
      "brand": "Maggi",
      "imageUrls": "https://cdn0.woolworths.media/content/wowproductimages/large/777844.jpg",
      "storeId": "woolworths",
      "packageSize": "150g",
      "cupPrice": "$1.80 / 100G",
      "locations": {
        "ALL": {
          "price": 2.7,
          "discountRate": 10,
          "promo": "",
          "orgPrice": 3
        }
      },
      "categoryIds": ["w-pantry"],
      "similarProducts": [
        {
          "productId": "maggi-stir-fry-creations-chinese-barbeque-pork",
          "storeId": "coles"
        }
      ]
    },
    {
      "id": "w-748353-9300605075719",
      "name": "Maggi Stir Fry Creations Chinese Five Spice & Soy Beef",
      "brand": "Maggi",
      "imageUrls": "https://cdn0.woolworths.media/content/wowproductimages/large/748353.jpg",
      "storeId": "woolworths",
      "packageSize": "150g",
      "cupPrice": "$1.80 / 100G",
      "locations": {
        "ALL": {
          "price": 2.7,
          "discountRate": 10,
          "promo": "",
          "orgPrice": 3
        }
      },
      "categoryIds": ["w-pantry"],
      "similarProducts": [
        {
          "productId": "maggi-stirfry-creations-five-spice",
          "storeId": "coles"
        }
      ]
    },
    {
      "id": "w-748363-9300605075634",
      "name": "Maggi Stir Fry Creations Honey, Soy & Garlic Chicken",
      "brand": "Maggi",
      "imageUrls": "https://cdn0.woolworths.media/content/wowproductimages/large/748363.jpg",
      "storeId": "woolworths",
      "packageSize": "150g",
      "cupPrice": "$1.80 / 100G",
      "locations": {
        "ALL": {
          "price": 2.7,
          "discountRate": 10,
          "promo": "",
          "orgPrice": 3
        }
      },
      "categoryIds": ["w-pantry"],
      "similarProducts": [
        {
          "productId": "maggi-stirfry-creations-honey-soy-garlic-chicken",
          "storeId": "coles"
        }
      ]
    },
    {
      "id": "w-748338-9300605075696",
      "name": "Maggi Teriyaki & Sesame Chicken Stir Fry",
      "brand": "Maggi",
      "imageUrls": "https://cdn0.woolworths.media/content/wowproductimages/large/748338.jpg",
      "storeId": "woolworths",
      "packageSize": "150g",
      "cupPrice": "$1.80 / 100G",
      "locations": {
        "ALL": {
          "price": 2.7,
          "discountRate": 10,
          "promo": "",
          "orgPrice": 3
        }
      },
      "categoryIds": ["w-pantry"],
      "similarProducts": []
    },
    {
      "id": "w-142145-3250540257939",
      "name": "Maille Hollandaise Cream Sauce With Lemon Juice",
      "brand": "Maille",
      "imageUrls": "https://cdn0.woolworths.media/content/wowproductimages/large/142145.jpg",
      "storeId": "woolworths",
      "packageSize": "200ml",
      "cupPrice": "$1.85 / 100ML",
      "locations": {
        "ALL": {
          "price": 3.7,
          "discountRate": 12,
          "promo": "",
          "orgPrice": 4.2
        }
      },
      "categoryIds": ["w-pantry"],
      "similarProducts": []
    },
    {
      "id": "w-5558-8714100897935",
      "name": "Maille Mustard Dijon",
      "brand": "Maille",
      "imageUrls": "https://cdn0.woolworths.media/content/wowproductimages/large/005558.jpg",
      "storeId": "woolworths",
      "packageSize": "215g",
      "cupPrice": "$1.72 / 100G",
      "locations": {
        "ALL": {
          "price": 3.7,
          "discountRate": 12,
          "promo": "",
          "orgPrice": 4.2
        }
      },
      "categoryIds": ["w-pantry"],
      "similarProducts": []
    },
    {
      "id": "w-5556-3036810207589",
      "name": "Maille Mustard Wholegrain Mild",
      "brand": "Maille",
      "imageUrls": "https://cdn0.woolworths.media/content/wowproductimages/large/005556.jpg",
      "storeId": "woolworths",
      "packageSize": "210g",
      "cupPrice": "$1.76 / 100G",
      "locations": {
        "ALL": {
          "price": 3.7,
          "discountRate": 12,
          "promo": "",
          "orgPrice": 4.2
        }
      },
      "categoryIds": ["w-pantry"],
      "similarProducts": []
    },
    {
      "id": "w-854807-9300682052061",
      "name": "Maltesers Milk Chocolate Block",
      "brand": "Maltesers",
      "imageUrls": "https://cdn0.woolworths.media/content/wowproductimages/large/854807.jpg",
      "storeId": "woolworths",
      "packageSize": "146g",
      "cupPrice": "$2.40 / 100G",
      "locations": {
        "ALL": {
          "price": 3.5,
          "discountRate": 27,
          "promo": "",
          "orgPrice": 4.8
        }
      },
      "categoryIds": ["w-pantry"],
      "similarProducts": []
    },
    {
      "id": "w-54407-9300682055611",
      "name": "Maltesers Milk Chocolate Gift Box",
      "brand": "Maltesers",
      "imageUrls": "https://cdn0.woolworths.media/content/wowproductimages/large/054407.jpg",
      "storeId": "woolworths",
      "packageSize": "400g",
      "cupPrice": "$1.80 / 100G",
      "locations": {
        "ALL": {
          "price": 7.2,
          "discountRate": 40,
          "promo": "",
          "orgPrice": 12
        }
      },
      "categoryIds": ["w-pantry"],
      "similarProducts": []
    },
    {
      "id": "w-324008-9300682035613",
      "name": "Maltesers Milk Chocolate Medium Party Share Bag 12 Piece",
      "brand": "Maltesers",
      "imageUrls": "https://cdn0.woolworths.media/content/wowproductimages/large/324008.jpg",
      "storeId": "woolworths",
      "packageSize": "144g",
      "cupPrice": "$2.08 / 100G",
      "locations": {
        "ALL": {
          "price": 3,
          "discountRate": 35,
          "promo": "",
          "orgPrice": 4.6
        }
      },
      "categoryIds": ["w-pantry"],
      "similarProducts": []
    },
    {
      "id": "w-87797-9300682056595",
      "name": "Maltesers Teasers Honeycomb Chocolate Block",
      "brand": "Maltesers",
      "imageUrls": "https://cdn0.woolworths.media/content/wowproductimages/large/087797.jpg",
      "storeId": "woolworths",
      "packageSize": "146g",
      "cupPrice": "$2.40 / 100G",
      "locations": {
        "ALL": {
          "price": 3.5,
          "discountRate": 27,
          "promo": "",
          "orgPrice": 4.8
        }
      },
      "categoryIds": ["w-pantry"],
      "similarProducts": []
    },
    {
      "id": "w-60146-9300682055178",
      "name": "Maltesers Truffles Gift Box",
      "brand": "Maltesers",
      "imageUrls": "https://cdn0.woolworths.media/content/wowproductimages/large/060146.jpg",
      "storeId": "woolworths",
      "packageSize": "196g",
      "cupPrice": "$4.29 / 100G",
      "locations": {
        "ALL": {
          "price": 8.4,
          "discountRate": 40,
          "promo": "",
          "orgPrice": 14
        }
      },
      "categoryIds": ["w-pantry"],
      "similarProducts": []
    },
    {
      "id": "w-90681-9300682057257",
      "name": "Mars Caramel Sundae Chocolate Bar",
      "brand": "Mars",
      "imageUrls": "https://cdn0.woolworths.media/content/wowproductimages/large/090681.jpg",
      "storeId": "woolworths",
      "packageSize": "45.5g",
      "cupPrice": "$2.20 / 100G",
      "locations": {
        "ALL": { "price": 1, "discountRate": 50, "promo": "", "orgPrice": 2 }
      },
      "categoryIds": ["w-pantry"],
      "similarProducts": []
    },
    {
      "id": "w-98378-93682459",
      "name": "Mars Chocolate Bar",
      "brand": "Mars",
      "imageUrls": "https://cdn0.woolworths.media/content/wowproductimages/large/098378.jpg",
      "storeId": "woolworths",
      "packageSize": "53g",
      "cupPrice": "$1.89 / 100G",
      "locations": {
        "ALL": { "price": 1, "discountRate": 50, "promo": "", "orgPrice": 2 }
      },
      "categoryIds": ["w-pantry"],
      "similarProducts": []
    },
    {
      "id": "w-54408-9300682055598",
      "name": "Mars Chocolate Gift Celebrations Box",
      "brand": "Mars",
      "imageUrls": "https://cdn0.woolworths.media/content/wowproductimages/large/054408.jpg",
      "storeId": "woolworths",
      "packageSize": "320g",
      "cupPrice": "$2.25 / 100G",
      "locations": {
        "ALL": {
          "price": 7.2,
          "discountRate": 40,
          "promo": "",
          "orgPrice": 12
        }
      },
      "categoryIds": ["w-pantry"],
      "similarProducts": []
    },
    {
      "id": "w-323467-9300682035620",
      "name": "Mars Chocolate Medium Party Share Bag 12 Piece",
      "brand": "Mars",
      "imageUrls": "https://cdn0.woolworths.media/content/wowproductimages/large/323467.jpg",
      "storeId": "woolworths",
      "packageSize": "216g",
      "cupPrice": "$1.39 / 100G",
      "locations": {
        "ALL": {
          "price": 3,
          "discountRate": 35,
          "promo": "",
          "orgPrice": 4.6
        }
      },
      "categoryIds": ["w-pantry"],
      "similarProducts": []
    },
    {
      "id": "w-99696-9310012021063",
      "name": "Masterfoods Barbecue Sauce",
      "brand": "Masterfoods",
      "imageUrls": "https://cdn0.woolworths.media/content/wowproductimages/large/099696.jpg",
      "storeId": "woolworths",
      "packageSize": "500ml",
      "cupPrice": "$0.50 / 100ML",
      "locations": {
        "ALL": {
          "price": 2.5,
          "discountRate": 15,
          "promo": "",
          "orgPrice": 2.95
        }
      },
      "categoryIds": ["w-pantry"],
      "similarProducts": []
    },
    {
      "id": "w-608711-9310012049173",
      "name": "Masterfoods Barbecue Sauce Reduced Salt & Sugar",
      "brand": "Masterfoods",
      "imageUrls": "https://cdn0.woolworths.media/content/wowproductimages/large/608711.jpg",
      "storeId": "woolworths",
      "packageSize": "475ml",
      "cupPrice": "$0.53 / 100ML",
      "locations": {
        "ALL": {
          "price": 2.5,
          "discountRate": 15,
          "promo": "",
          "orgPrice": 2.95
        }
      },
      "categoryIds": ["w-pantry"],
      "similarProducts": []
    },
    {
      "id": "w-609023-9310012049029",
      "name": "Masterfoods Barbeque Sauce",
      "brand": "Masterfoods",
      "imageUrls": "https://cdn0.woolworths.media/content/wowproductimages/large/609023.jpg",
      "storeId": "woolworths",
      "packageSize": "2l",
      "cupPrice": "$0.18 / 100ML",
      "locations": {
        "ALL": {
          "price": 3.5,
          "discountRate": 50,
          "promo": "",
          "orgPrice": 7
        }
      },
      "categoryIds": ["w-pantry"],
      "similarProducts": []
    },
    {
      "id": "w-95103-9310012057833",
      "name": "Masterfoods Charred Korean Barbecue Style Marinade",
      "brand": "Masterfoods",
      "imageUrls": "https://cdn0.woolworths.media/content/wowproductimages/large/095103.jpg",
      "storeId": "woolworths",
      "packageSize": "160g",
      "cupPrice": "$1.56 / 100G",
      "locations": {
        "ALL": {
          "price": 2.5,
          "discountRate": 17,
          "promo": "",
          "orgPrice": 3
        }
      },
      "categoryIds": ["w-pantry"],
      "similarProducts": []
    },
    {
      "id": "w-95083-9310012057871",
      "name": "Masterfoods Charred Tandoori Style Marinade",
      "brand": "Masterfoods",
      "imageUrls": "https://cdn0.woolworths.media/content/wowproductimages/large/095083.jpg",
      "storeId": "woolworths",
      "packageSize": "160g",
      "cupPrice": "$1.56 / 100G",
      "locations": {
        "ALL": {
          "price": 2.5,
          "discountRate": 17,
          "promo": "",
          "orgPrice": 3
        }
      },
      "categoryIds": ["w-pantry"],
      "similarProducts": []
    },
    {
      "id": "w-39361-93718141",
      "name": "Masterfoods Lemon Butter Spread",
      "brand": "Masterfoods",
      "imageUrls": "https://cdn0.woolworths.media/content/wowproductimages/large/039361.jpg",
      "storeId": "woolworths",
      "packageSize": "280g",
      "cupPrice": "$1.07 / 100G",
      "locations": {
        "ALL": {
          "price": 3,
          "discountRate": 12,
          "promo": "",
          "orgPrice": 3.4
        }
      },
      "categoryIds": ["w-pantry"],
      "similarProducts": []
    },
    {
      "id": "w-94257-9310012058120",
      "name": "Masterfoods Loaded Fries Topper Cheese & Bacon Flavoured",
      "brand": "Masterfoods",
      "imageUrls": "https://cdn0.woolworths.media/content/wowproductimages/large/094257.jpg",
      "storeId": "woolworths",
      "packageSize": "160g",
      "cupPrice": "$1.69 / 100G",
      "locations": {
        "ALL": {
          "price": 2.7,
          "discountRate": 10,
          "promo": "",
          "orgPrice": 3
        }
      },
      "categoryIds": ["w-pantry"],
      "similarProducts": []
    },
    {
      "id": "w-94300-9310012057819",
      "name": "Masterfoods Loaded Fries Topper Mexican Style Salsa",
      "brand": "Masterfoods",
      "imageUrls": "https://cdn0.woolworths.media/content/wowproductimages/large/094300.jpg",
      "storeId": "woolworths",
      "packageSize": "160g",
      "cupPrice": "$1.69 / 100G",
      "locations": {
        "ALL": {
          "price": 2.7,
          "discountRate": 10,
          "promo": "",
          "orgPrice": 3
        }
      },
      "categoryIds": ["w-pantry"],
      "similarProducts": []
    },
    {
      "id": "w-94338-9310012058090",
      "name": "Masterfoods Loaded Fries Topper Nacho Cheese",
      "brand": "Masterfoods",
      "imageUrls": "https://cdn0.woolworths.media/content/wowproductimages/large/094338.jpg",
      "storeId": "woolworths",
      "packageSize": "160g",
      "cupPrice": "$1.69 / 100G",
      "locations": {
        "ALL": {
          "price": 2.7,
          "discountRate": 10,
          "promo": "",
          "orgPrice": 3
        }
      },
      "categoryIds": ["w-pantry"],
      "similarProducts": []
    },
    {
      "id": "w-94815-9310012058038",
      "name": "Masterfoods Loaded Fries Topper Smokey Hickory Barbecue",
      "brand": "Masterfoods",
      "imageUrls": "https://cdn0.woolworths.media/content/wowproductimages/large/094815.jpg",
      "storeId": "woolworths",
      "packageSize": "160g",
      "cupPrice": "$1.69 / 100G",
      "locations": {
        "ALL": {
          "price": 2.7,
          "discountRate": 10,
          "promo": "",
          "orgPrice": 3
        }
      },
      "categoryIds": ["w-pantry"],
      "similarProducts": []
    },
    {
      "id": "w-38930-93718127",
      "name": "Masterfoods Promite Spread",
      "brand": "Masterfoods",
      "imageUrls": "https://cdn0.woolworths.media/content/wowproductimages/large/038930.jpg",
      "storeId": "woolworths",
      "packageSize": "290g",
      "cupPrice": "$1.38 / 100G",
      "locations": {
        "ALL": { "price": 4, "discountRate": 9, "promo": "", "orgPrice": 4.4 }
      },
      "categoryIds": ["w-pantry"],
      "similarProducts": []
    },
    {
      "id": "w-608712-9310012049142",
      "name": "Masterfoods Reduced Salt & Sugar Tomato Sauce",
      "brand": "Masterfoods",
      "imageUrls": "https://cdn0.woolworths.media/content/wowproductimages/large/608712.jpg",
      "storeId": "woolworths",
      "packageSize": "475ml",
      "cupPrice": "$0.53 / 100ML",
      "locations": {
        "ALL": {
          "price": 2.5,
          "discountRate": 15,
          "promo": "",
          "orgPrice": 2.95
        }
      },
      "categoryIds": ["w-pantry"],
      "similarProducts": []
    },
    {
      "id": "w-699319-9310012048459",
      "name": "Masterfoods Schnitzel Mix Garlic & Herb",
      "brand": "Masterfoods",
      "imageUrls": "https://cdn0.woolworths.media/content/wowproductimages/large/699319.jpg",
      "storeId": "woolworths",
      "packageSize": "80g",
      "cupPrice": "$0.25 / 10G",
      "locations": {
        "ALL": {
          "price": 2,
          "discountRate": 20,
          "promo": "",
          "orgPrice": 2.5
        }
      },
      "categoryIds": ["w-pantry"],
      "similarProducts": []
    },
    {
      "id": "w-60864-9310012056386",
      "name": "Masterfoods Shaker Fries Charcoal Chicken Flavour Seasoning",
      "brand": "Masterfoods",
      "imageUrls": "https://cdn0.woolworths.media/content/wowproductimages/large/060864.jpg",
      "storeId": "woolworths",
      "packageSize": "185g",
      "cupPrice": "$0.16 / 10G",
      "locations": {
        "ALL": { "price": 3, "discountRate": 25, "promo": "", "orgPrice": 4 }
      },
      "categoryIds": ["w-pantry"],
      "similarProducts": []
    },
    {
      "id": "w-94189-9310012057895",
      "name": "Masterfoods Smokey Jamaican Barbecue Style Marinade",
      "brand": "Masterfoods",
      "imageUrls": "https://cdn0.woolworths.media/content/wowproductimages/large/094189.jpg",
      "storeId": "woolworths",
      "packageSize": "160g",
      "cupPrice": "$1.56 / 100G",
      "locations": {
        "ALL": {
          "price": 2.5,
          "discountRate": 17,
          "promo": "",
          "orgPrice": 3
        }
      },
      "categoryIds": ["w-pantry"],
      "similarProducts": []
    },
    {
      "id": "w-94120-9310012057857",
      "name": "Masterfoods Smokey Texan Barbecue Style Marinade",
      "brand": "Masterfoods",
      "imageUrls": "https://cdn0.woolworths.media/content/wowproductimages/large/094120.jpg",
      "storeId": "woolworths",
      "packageSize": "160g",
      "cupPrice": "$1.56 / 100G",
      "locations": {
        "ALL": {
          "price": 2.5,
          "discountRate": 17,
          "promo": "",
          "orgPrice": 3
        }
      },
      "categoryIds": ["w-pantry"],
      "similarProducts": []
    },
    {
      "id": "w-608987-9310012048992",
      "name": "Masterfoods Tomato Sauce",
      "brand": "Masterfoods",
      "imageUrls": "https://cdn0.woolworths.media/content/wowproductimages/large/608987.jpg",
      "storeId": "woolworths",
      "packageSize": "2l",
      "cupPrice": "$0.18 / 100ML",
      "locations": {
        "ALL": {
          "price": 3.5,
          "discountRate": 50,
          "promo": "",
          "orgPrice": 7
        }
      },
      "categoryIds": ["w-pantry"],
      "similarProducts": []
    },
    {
      "id": "w-99633-9310012021049",
      "name": "Masterfoods Tomato Sauce",
      "brand": "Masterfoods",
      "imageUrls": "https://cdn0.woolworths.media/content/wowproductimages/large/099633.jpg",
      "storeId": "woolworths",
      "packageSize": "500ml",
      "cupPrice": "$0.50 / 100ML",
      "locations": {
        "ALL": {
          "price": 2.5,
          "discountRate": 15,
          "promo": "",
          "orgPrice": 2.95
        }
      },
      "categoryIds": ["w-pantry"],
      "similarProducts": []
    },
    {
      "id": "w-233996-8006050099294",
      "name": "Mazzetti Vinegar Balsamic Glaze",
      "brand": "Mazzetti",
      "imageUrls": "https://cdn0.woolworths.media/content/wowproductimages/large/233996.jpg",
      "storeId": "woolworths",
      "packageSize": "215ml",
      "cupPrice": "$3.00 / 100ML",
      "locations": {
        "ALL": {
          "price": 6.45,
          "discountRate": 8,
          "promo": "",
          "orgPrice": 7
        }
      },
      "categoryIds": ["w-pantry"],
      "similarProducts": []
    },
    {
      "id": "w-550385-9300683504521",
      "name": "Mccormicks Produce Partner Italian Herb Potatoes",
      "brand": "Mccormicks",
      "imageUrls": "https://cdn0.woolworths.media/content/wowproductimages/large/550385.jpg",
      "storeId": "woolworths",
      "packageSize": "40g",
      "cupPrice": "$3.75 / 100G",
      "locations": {
        "ALL": {
          "price": 1.5,
          "discountRate": 11,
          "promo": "",
          "orgPrice": 1.69
        }
      },
      "categoryIds": ["w-pantry"],
      "similarProducts": []
    },
    {
      "id": "w-591719-9300683504538",
      "name": "Mccormicks Produce Partner Scallop Potato",
      "brand": "Mccormicks",
      "imageUrls": "https://cdn0.woolworths.media/content/wowproductimages/large/591719.jpg",
      "storeId": "woolworths",
      "packageSize": "40g",
      "cupPrice": "$3.75 / 100G",
      "locations": {
        "ALL": {
          "price": 1.5,
          "discountRate": 11,
          "promo": "",
          "orgPrice": 1.69
        }
      },
      "categoryIds": ["w-pantry"],
      "similarProducts": []
    },
    {
      "id": "w-591730-9300683504545",
      "name": "Mccormicks Produce Partner Sour Cream Chive Potato Mash",
      "brand": "Mccormicks",
      "imageUrls": "https://cdn0.woolworths.media/content/wowproductimages/large/591730.jpg",
      "storeId": "woolworths",
      "packageSize": "40g",
      "cupPrice": "$3.75 / 100G",
      "locations": {
        "ALL": {
          "price": 1.5,
          "discountRate": 11,
          "promo": "",
          "orgPrice": 1.69
        }
      },
      "categoryIds": ["w-pantry"],
      "similarProducts": []
    },
    {
      "id": "w-73928-9310061121301",
      "name": "Mckenzie's Dried Green Split Peas",
      "brand": "Mckenzie's",
      "imageUrls": "https://cdn0.woolworths.media/content/wowproductimages/large/073928.jpg",
      "storeId": "woolworths",
      "packageSize": "500g",
      "cupPrice": "$3.00 / 1KG",
      "locations": {
        "ALL": {
          "price": 1.5,
          "discountRate": 12,
          "promo": "",
          "orgPrice": 1.7
        }
      },
      "categoryIds": ["w-pantry"],
      "similarProducts": []
    },
    {
      "id": "w-27298-9310061120106",
      "name": "Mckenzie's Dried Veg Pearl Barley",
      "brand": "Mckenzie's",
      "imageUrls": "https://cdn0.woolworths.media/content/wowproductimages/large/027298.jpg",
      "storeId": "woolworths",
      "packageSize": "500g",
      "cupPrice": "$3.00 / 1KG",
      "locations": {
        "ALL": {
          "price": 1.5,
          "discountRate": 12,
          "promo": "",
          "orgPrice": 1.7
        }
      },
      "categoryIds": ["w-pantry"],
      "similarProducts": []
    },
    {
      "id": "w-27296-9310061121103",
      "name": "Mckenzie's Dried Veg Yellow Split Peas",
      "brand": "Mckenzie's",
      "imageUrls": "https://cdn0.woolworths.media/content/wowproductimages/large/027296.jpg",
      "storeId": "woolworths",
      "packageSize": "500g",
      "cupPrice": "$3.00 / 1KG",
      "locations": {
        "ALL": {
          "price": 1.5,
          "discountRate": 12,
          "promo": "",
          "orgPrice": 1.7
        }
      },
      "categoryIds": ["w-pantry"],
      "similarProducts": []
    },
    {
      "id": "w-577126-9310061124128",
      "name": "Mckenzie's Minestrone Soup Kit",
      "brand": "Mckenzie's",
      "imageUrls": "https://cdn0.woolworths.media/content/wowproductimages/large/577126.jpg",
      "storeId": "woolworths",
      "packageSize": "180g",
      "cupPrice": "$1.11 / 100G",
      "locations": {
        "ALL": {
          "price": 2,
          "discountRate": 20,
          "promo": "",
          "orgPrice": 2.49
        }
      },
      "categoryIds": ["w-pantry"],
      "similarProducts": []
    },
    {
      "id": "w-588066-9310061421906",
      "name": "Mckenzie's Red Lentils",
      "brand": "Mckenzie's",
      "imageUrls": "https://cdn0.woolworths.media/content/wowproductimages/large/588066.jpg",
      "storeId": "woolworths",
      "packageSize": "1kg",
      "cupPrice": "$0.39 / 100G",
      "locations": {
        "ALL": {
          "price": 3.9,
          "discountRate": 11,
          "promo": "",
          "orgPrice": 4.4
        }
      },
      "categoryIds": ["w-pantry"],
      "similarProducts": []
    },
    {
      "id": "w-676910-9310061124272",
      "name": "Mckenzie's Soup Kit Chicken Noodle",
      "brand": "Mckenzie's",
      "imageUrls": "https://cdn0.woolworths.media/content/wowproductimages/large/676910.jpg",
      "storeId": "woolworths",
      "packageSize": "180g",
      "cupPrice": "$1.11 / 100G",
      "locations": {
        "ALL": {
          "price": 2,
          "discountRate": 20,
          "promo": "",
          "orgPrice": 2.49
        }
      },
      "categoryIds": ["w-pantry"],
      "similarProducts": []
    },
    {
      "id": "w-27294-9310061121400",
      "name": "Mckenzie's Soup Mix",
      "brand": "Mckenzie's",
      "imageUrls": "https://cdn0.woolworths.media/content/wowproductimages/large/027294.jpg",
      "storeId": "woolworths",
      "packageSize": "500g",
      "cupPrice": "$0.30 / 100G",
      "locations": {
        "ALL": {
          "price": 1.5,
          "discountRate": 12,
          "promo": "",
          "orgPrice": 1.7
        }
      },
      "categoryIds": ["w-pantry"],
      "similarProducts": []
    },
    {
      "id": "w-294160-5000396015935",
      "name": "Mcvitie's Digestives Biscuits Plain Original",
      "brand": "Mcvitie's",
      "imageUrls": "https://cdn0.woolworths.media/content/wowproductimages/large/294160.jpg",
      "storeId": "woolworths",
      "packageSize": "400g",
      "cupPrice": "$0.63 / 100G",
      "locations": {
        "ALL": {
          "price": 2.5,
          "discountRate": 37,
          "promo": "",
          "orgPrice": 3.95
        }
      },
      "categoryIds": ["w-pantry"],
      "similarProducts": []
    },
    {
      "id": "w-830566-5000396035995",
      "name": "Mcvitie's Go Ahead Crispy Slices Sultana & Apple (5x3pk)",
      "brand": "Mcvitie's",
      "imageUrls": "https://cdn0.woolworths.media/content/wowproductimages/large/830566.jpg",
      "storeId": "woolworths",
      "packageSize": "218g",
      "cupPrice": "$1.15 / 100G",
      "locations": {
        "ALL": {
          "price": 2.5,
          "discountRate": 37,
          "promo": "",
          "orgPrice": 3.95
        }
      },
      "categoryIds": ["w-pantry"],
      "similarProducts": []
    },
    {
      "id": "w-830601-5000396036152",
      "name": "Mcvitie's Go Ahead Crispy Slices Sultana & Forest Fruit (5x3p)",
      "brand": "Mcvitie's",
      "imageUrls": "https://cdn0.woolworths.media/content/wowproductimages/large/830601.jpg",
      "storeId": "woolworths",
      "packageSize": "218g",
      "cupPrice": "$1.15 / 100G",
      "locations": {
        "ALL": {
          "price": 2.5,
          "discountRate": 37,
          "promo": "",
          "orgPrice": 3.95
        }
      },
      "categoryIds": ["w-pantry"],
      "similarProducts": []
    },
    {
      "id": "w-830564-5000396037449",
      "name": "Mcvitie's Go Ahead Crispy Slices Sultana & Raspberry (5x3pk)",
      "brand": "Mcvitie's",
      "imageUrls": "https://cdn0.woolworths.media/content/wowproductimages/large/830564.jpg",
      "storeId": "woolworths",
      "packageSize": "218g",
      "cupPrice": "$1.15 / 100G",
      "locations": {
        "ALL": {
          "price": 2.5,
          "discountRate": 37,
          "promo": "",
          "orgPrice": 3.95
        }
      },
      "categoryIds": ["w-pantry"],
      "similarProducts": []
    },
    {
      "id": "w-42336-73390000165",
      "name": "Mentos Fruit Chews",
      "brand": "Mentos",
      "imageUrls": "https://cdn0.woolworths.media/content/wowproductimages/large/042336.jpg",
      "storeId": "woolworths",
      "packageSize": "37.5g roll",
      "cupPrice": "$2.67 / 100G",
      "locations": {
        "ALL": {
          "price": 1,
          "discountRate": 29,
          "promo": "",
          "orgPrice": 1.4
        }
      },
      "categoryIds": ["w-pantry"],
      "similarProducts": []
    },
    {
      "id": "w-358063-6921211104353",
      "name": "Mentos Fruit Chews Rainbow",
      "brand": "Mentos",
      "imageUrls": "https://cdn0.woolworths.media/content/wowproductimages/large/358063.jpg",
      "storeId": "woolworths",
      "packageSize": "37.5g roll",
      "cupPrice": "$2.67 / 100G",
      "locations": {
        "ALL": {
          "price": 1,
          "discountRate": 29,
          "promo": "",
          "orgPrice": 1.4
        }
      },
      "categoryIds": ["w-pantry"],
      "similarProducts": []
    },
    {
      "id": "w-42340-73390000110",
      "name": "Mentos Mints",
      "brand": "Mentos",
      "imageUrls": "https://cdn0.woolworths.media/content/wowproductimages/large/042340.jpg",
      "storeId": "woolworths",
      "packageSize": "37.5g roll",
      "cupPrice": "$2.67 / 100G",
      "locations": {
        "ALL": {
          "price": 1,
          "discountRate": 29,
          "promo": "",
          "orgPrice": 1.4
        }
      },
      "categoryIds": ["w-pantry"],
      "similarProducts": []
    },
    {
      "id": "w-76748-6921211116035",
      "name": "Mentos Smoothies Roll",
      "brand": "Mentos",
      "imageUrls": "https://cdn0.woolworths.media/content/wowproductimages/large/076748.jpg",
      "storeId": "woolworths",
      "packageSize": "37.5g",
      "cupPrice": "$2.67 / 100G",
      "locations": {
        "ALL": {
          "price": 1,
          "discountRate": 29,
          "promo": "",
          "orgPrice": 1.4
        }
      },
      "categoryIds": ["w-pantry"],
      "similarProducts": []
    },
    {
      "id": "w-86994-9315090208696",
      "name": "Messy Monkeys Banana Blast Cereal",
      "brand": "Messy Monkeys",
      "imageUrls": "https://cdn0.woolworths.media/content/wowproductimages/large/086994.jpg",
      "storeId": "woolworths",
      "packageSize": "240g",
      "cupPrice": "$1.36 / 100G",
      "locations": {
        "ALL": { "price": 3, "discountRate": 25, "promo": "", "orgPrice": 4 }
      },
      "categoryIds": ["w-pantry"],
      "similarProducts": []
    },
    {
      "id": "w-80165-9315090209945",
      "name": "Messy Monkeys Berry Rice Puff Bars",
      "brand": "Messy Monkeys",
      "imageUrls": "https://cdn0.woolworths.media/content/wowproductimages/large/080165.jpg",
      "storeId": "woolworths",
      "packageSize": "6 pack",
      "cupPrice": "$2.86 / 100G",
      "locations": {
        "ALL": {
          "price": 2.75,
          "discountRate": 50,
          "promo": "",
          "orgPrice": 5.5
        }
      },
      "categoryIds": ["w-pantry"],
      "similarProducts": []
    },
    {
      "id": "w-63328-9315090210620",
      "name": "Messy Monkeys Cereal Honey Buzz",
      "brand": "Messy Monkeys",
      "imageUrls": "https://cdn0.woolworths.media/content/wowproductimages/large/063328.jpg",
      "storeId": "woolworths",
      "packageSize": "240g",
      "cupPrice": "$1.25 / 100G",
      "locations": {
        "ALL": { "price": 3, "discountRate": 25, "promo": "", "orgPrice": 4 }
      },
      "categoryIds": ["w-pantry"],
      "similarProducts": []
    },
    {
      "id": "w-79836-9315090209938",
      "name": "Messy Monkeys Chocolate Rice Puff Bars",
      "brand": "Messy Monkeys",
      "imageUrls": "https://cdn0.woolworths.media/content/wowproductimages/large/079836.jpg",
      "storeId": "woolworths",
      "packageSize": "6 pack",
      "cupPrice": "$2.86 / 100G",
      "locations": {
        "ALL": {
          "price": 2.75,
          "discountRate": 50,
          "promo": "",
          "orgPrice": 5.5
        }
      },
      "categoryIds": ["w-pantry"],
      "similarProducts": []
    },
    {
      "id": "w-893090-9300682046480",
      "name": "Milky Way Chocolate Bar",
      "brand": "Milky Way",
      "imageUrls": "https://cdn0.woolworths.media/content/wowproductimages/large/893090.jpg",
      "storeId": "woolworths",
      "packageSize": "53g",
      "cupPrice": "$1.89 / 100G",
      "locations": {
        "ALL": { "price": 1, "discountRate": 50, "promo": "", "orgPrice": 2 }
      },
      "categoryIds": ["w-pantry"],
      "similarProducts": []
    },
    {
      "id": "w-323468-9300682035637",
      "name": "Milky Way Chocolate Medium Party Share Bag 18 Pieces",
      "brand": "Milky Way",
      "imageUrls": "https://cdn0.woolworths.media/content/wowproductimages/large/323468.jpg",
      "storeId": "woolworths",
      "packageSize": "216g",
      "cupPrice": "$1.39 / 100G",
      "locations": {
        "ALL": {
          "price": 3,
          "discountRate": 35,
          "promo": "",
          "orgPrice": 4.6
        }
      },
      "categoryIds": ["w-pantry"],
      "similarProducts": []
    },
    {
      "id": "w-827591-9300605038271",
      "name": "Milo Cereal",
      "brand": "Milo",
      "imageUrls": "https://cdn0.woolworths.media/content/wowproductimages/large/827591.jpg",
      "storeId": "woolworths",
      "packageSize": "700g",
      "cupPrice": "$0.54 / 100G",
      "locations": {
        "ALL": {
          "price": 3.75,
          "discountRate": 50,
          "promo": "",
          "orgPrice": 7.5
        }
      },
      "categoryIds": ["w-pantry"],
      "similarProducts": []
    },
    {
      "id": "w-68814-9350465005067",
      "name": "Mingle Seasoning Garlic And Dill 50g",
      "brand": "Mingle",
      "imageUrls": "https://cdn0.woolworths.media/content/wowproductimages/large/068814.jpg",
      "storeId": "woolworths",
      "packageSize": "each",
      "cupPrice": "$1.09 / 10G",
      "locations": {
        "ALL": {
          "price": 5.45,
          "discountRate": 8,
          "promo": "",
          "orgPrice": 5.95
        }
      },
      "categoryIds": ["w-pantry"],
      "similarProducts": []
    },
    {
      "id": "w-9833-9317224404806",
      "name": "Mission Corn & Wheat Tortillas",
      "brand": "Mission",
      "imageUrls": "https://cdn0.woolworths.media/content/wowproductimages/large/009833.jpg",
      "storeId": "woolworths",
      "packageSize": "384g",
      "cupPrice": "$0.49 / 100G",
      "locations": {
        "ALL": {
          "price": 1.9,
          "discountRate": 50,
          "promo": "",
          "orgPrice": 3.8
        }
      },
      "categoryIds": ["w-pantry"],
      "similarProducts": []
    },
    {
      "id": "w-728159-9317224401911",
      "name": "Mission Corn Chips Cheesy Nachos",
      "brand": "Mission",
      "imageUrls": "https://cdn0.woolworths.media/content/wowproductimages/large/728159.jpg",
      "storeId": "woolworths",
      "packageSize": "230g",
      "cupPrice": "$1.20 / 100G",
      "locations": {
        "ALL": {
          "price": 2.75,
          "discountRate": 11,
          "promo": "",
          "orgPrice": 3.1
        }
      },
      "categoryIds": ["w-pantry"],
      "similarProducts": []
    },
    {
      "id": "w-379739-9317224401584",
      "name": "Mission Corn Chips Chilli & Lime",
      "brand": "Mission",
      "imageUrls": "https://cdn0.woolworths.media/content/wowproductimages/large/379739.jpg",
      "storeId": "woolworths",
      "packageSize": "230g",
      "cupPrice": "$1.20 / 100G",
      "locations": {
        "ALL": {
          "price": 2.75,
          "discountRate": 11,
          "promo": "",
          "orgPrice": 3.1
        }
      },
      "categoryIds": ["w-pantry"],
      "similarProducts": []
    },
    {
      "id": "w-362694-9317224400013",
      "name": "Mission Corn Chips Extreme Cheese",
      "brand": "Mission",
      "imageUrls": "https://cdn0.woolworths.media/content/wowproductimages/large/362694.jpg",
      "storeId": "woolworths",
      "packageSize": "230g",
      "cupPrice": "$1.20 / 100G",
      "locations": {
        "ALL": {
          "price": 2.75,
          "discountRate": 11,
          "promo": "",
          "orgPrice": 3.1
        }
      },
      "categoryIds": ["w-pantry"],
      "similarProducts": []
    },
    {
      "id": "w-333941-9317224400440",
      "name": "Mission Low Fat Tortillas",
      "brand": "Mission",
      "imageUrls": "https://cdn0.woolworths.media/content/wowproductimages/large/333941.jpg",
      "storeId": "woolworths",
      "packageSize": "8 pack",
      "cupPrice": "$0.49 / 100G",
      "locations": {
        "ALL": {
          "price": 1.9,
          "discountRate": 50,
          "promo": "",
          "orgPrice": 3.8
        }
      },
      "categoryIds": ["w-pantry"],
      "similarProducts": []
    },
    {
      "id": "w-333917-9317224400426",
      "name": "Mission Multigrain Tortillas",
      "brand": "Mission",
      "imageUrls": "https://cdn0.woolworths.media/content/wowproductimages/large/333917.jpg",
      "storeId": "woolworths",
      "packageSize": "8 pack",
      "cupPrice": "$0.49 / 100G",
      "locations": {
        "ALL": {
          "price": 1.9,
          "discountRate": 50,
          "promo": "",
          "orgPrice": 3.8
        }
      },
      "categoryIds": ["w-pantry"],
      "similarProducts": []
    },
    {
      "id": "w-333915-9317224400402",
      "name": "Mission Original Tortillas",
      "brand": "Mission",
      "imageUrls": "https://cdn0.woolworths.media/content/wowproductimages/large/333915.jpg",
      "storeId": "woolworths",
      "packageSize": "12 pack",
      "cupPrice": "$0.36 / 100G",
      "locations": {
        "ALL": {
          "price": 2.07,
          "discountRate": 50,
          "promo": "",
          "orgPrice": 4.15
        }
      },
      "categoryIds": ["w-pantry"],
      "similarProducts": []
    },
    {
      "id": "w-610345-9317224403304",
      "name": "Mission Street Mini Tacos",
      "brand": "Mission",
      "imageUrls": "https://cdn0.woolworths.media/content/wowproductimages/large/610345.jpg",
      "storeId": "woolworths",
      "packageSize": "10 pack",
      "cupPrice": "$0.53 / 100G",
      "locations": {
        "ALL": { "price": 2, "discountRate": 50, "promo": "", "orgPrice": 4 }
      },
      "categoryIds": ["w-pantry"],
      "similarProducts": []
    },
    {
      "id": "w-362693-9317224400280",
      "name": "Mission Tortilla Strips White Corn",
      "brand": "Mission",
      "imageUrls": "https://cdn0.woolworths.media/content/wowproductimages/large/362693.jpg",
      "storeId": "woolworths",
      "packageSize": "230g",
      "cupPrice": "$1.20 / 100G",
      "locations": {
        "ALL": {
          "price": 2.75,
          "discountRate": 11,
          "promo": "",
          "orgPrice": 3.1
        }
      },
      "categoryIds": ["w-pantry"],
      "similarProducts": []
    },
    {
      "id": "w-379736-9317224400464",
      "name": "Mission White Corn Tortillas",
      "brand": "Mission",
      "imageUrls": "https://cdn0.woolworths.media/content/wowproductimages/large/379736.jpg",
      "storeId": "woolworths",
      "packageSize": "12 pack",
      "cupPrice": "$0.61 / 100G",
      "locations": {
        "ALL": {
          "price": 1.9,
          "discountRate": 50,
          "promo": "",
          "orgPrice": 3.8
        }
      },
      "categoryIds": ["w-pantry"],
      "similarProducts": []
    },
    {
      "id": "w-680480-9317224400518",
      "name": "Mission Yellow Corn Tortilla Strips",
      "brand": "Mission",
      "imageUrls": "https://cdn0.woolworths.media/content/wowproductimages/large/680480.jpg",
      "storeId": "woolworths",
      "packageSize": "230g",
      "cupPrice": "$1.20 / 100G",
      "locations": {
        "ALL": {
          "price": 2.75,
          "discountRate": 11,
          "promo": "",
          "orgPrice": 3.1
        }
      },
      "categoryIds": ["w-pantry"],
      "similarProducts": []
    },
    {
      "id": "w-687784-8711000370001",
      "name": "Moccona Capsules Espresso 7",
      "brand": "Moccona",
      "imageUrls": "https://cdn0.woolworths.media/content/wowproductimages/large/687784.jpg",
      "storeId": "woolworths",
      "packageSize": "10 pack",
      "cupPrice": "$0.40 / 1EA",
      "locations": {
        "ALL": { "price": 4, "discountRate": 33, "promo": "", "orgPrice": 6 }
      },
      "categoryIds": ["w-pantry", "w-drinks"],
      "similarProducts": []
    },
    {
      "id": "w-687785-8711000370018",
      "name": "Moccona Espresso 10 Coffee Capsules",
      "brand": "Moccona",
      "imageUrls": "https://cdn0.woolworths.media/content/wowproductimages/large/687785.jpg",
      "storeId": "woolworths",
      "packageSize": "10 pack",
      "cupPrice": "$0.40 / 1EA",
      "locations": {
        "ALL": { "price": 4, "discountRate": 33, "promo": "", "orgPrice": 6 }
      },
      "categoryIds": ["w-pantry", "w-drinks"],
      "similarProducts": []
    },
    {
      "id": "w-248520-8711000055489",
      "name": "Moccona Freeze Dried Instant Coffee Classic Dark Roast",
      "brand": "Moccona",
      "imageUrls": "https://cdn0.woolworths.media/content/wowproductimages/large/248520.jpg",
      "storeId": "woolworths",
      "packageSize": "200g",
      "cupPrice": "$4.50 / 100G",
      "locations": {
        "ALL": { "price": 9, "discountRate": 31, "promo": "", "orgPrice": 13 }
      },
      "categoryIds": ["w-pantry", "w-drinks"],
      "similarProducts": []
    },
    {
      "id": "w-35681-8711000065723",
      "name": "Moccona Freeze Dried Instant Coffee Classic Medium Roast",
      "brand": "Moccona",
      "imageUrls": "https://cdn0.woolworths.media/content/wowproductimages/large/035681.jpg",
      "storeId": "woolworths",
      "packageSize": "200g",
      "cupPrice": "$4.50 / 100G",
      "locations": {
        "ALL": { "price": 9, "discountRate": 31, "promo": "", "orgPrice": 13 }
      },
      "categoryIds": ["w-pantry", "w-drinks"],
      "similarProducts": []
    },
    {
      "id": "w-341166-8711000255117",
      "name": "Moccona Freeze Dried Instant Coffee Espresso Style",
      "brand": "Moccona",
      "imageUrls": "https://cdn0.woolworths.media/content/wowproductimages/large/341166.jpg",
      "storeId": "woolworths",
      "packageSize": "200g",
      "cupPrice": "$4.50 / 100G",
      "locations": {
        "ALL": { "price": 9, "discountRate": 31, "promo": "", "orgPrice": 13 }
      },
      "categoryIds": ["w-pantry", "w-drinks"],
      "similarProducts": []
    },
    {
      "id": "w-341165-8711000254721",
      "name": "Moccona Freeze Dried Instant Coffee French Style",
      "brand": "Moccona",
      "imageUrls": "https://cdn0.woolworths.media/content/wowproductimages/large/341165.jpg",
      "storeId": "woolworths",
      "packageSize": "200g",
      "cupPrice": "$4.50 / 100G",
      "locations": {
        "ALL": { "price": 9, "discountRate": 31, "promo": "", "orgPrice": 13 }
      },
      "categoryIds": ["w-pantry", "w-drinks"],
      "similarProducts": []
    },
    {
      "id": "w-71481-8711000055397",
      "name": "Moccona Freeze Dried Instant Coffee Indulgence",
      "brand": "Moccona",
      "imageUrls": "https://cdn0.woolworths.media/content/wowproductimages/large/071481.jpg",
      "storeId": "woolworths",
      "packageSize": "100g",
      "cupPrice": "$8.00 / 100G",
      "locations": {
        "ALL": { "price": 8, "discountRate": 27, "promo": "", "orgPrice": 11 }
      },
      "categoryIds": ["w-pantry", "w-drinks"],
      "similarProducts": []
    },
    {
      "id": "w-341164-8711000255056",
      "name": "Moccona Freeze Dried Instant Coffee Mocha Kenya Style",
      "brand": "Moccona",
      "imageUrls": "https://cdn0.woolworths.media/content/wowproductimages/large/341164.jpg",
      "storeId": "woolworths",
      "packageSize": "200g",
      "cupPrice": "$4.50 / 100G",
      "locations": {
        "ALL": { "price": 9, "discountRate": 31, "promo": "", "orgPrice": 13 }
      },
      "categoryIds": ["w-pantry", "w-drinks"],
      "similarProducts": []
    },
    {
      "id": "w-687787-8711000370049",
      "name": "Moccona Lungo 8 Coffee Capsules",
      "brand": "Moccona",
      "imageUrls": "https://cdn0.woolworths.media/content/wowproductimages/large/687787.jpg",
      "storeId": "woolworths",
      "packageSize": "10 pack",
      "cupPrice": "$0.40 / 1EA",
      "locations": {
        "ALL": { "price": 4, "discountRate": 33, "promo": "", "orgPrice": 6 }
      },
      "categoryIds": ["w-pantry", "w-drinks"],
      "similarProducts": []
    },
    {
      "id": "w-663196-8005510007848",
      "name": "Monini Classico Extra Virgin Olive Oil",
      "brand": "Monini",
      "imageUrls": "https://cdn0.woolworths.media/content/wowproductimages/large/663196.jpg",
      "storeId": "woolworths",
      "packageSize": "750ml",
      "cupPrice": "$1.07 / 100ML",
      "locations": {
        "ALL": { "price": 8, "discountRate": 33, "promo": "", "orgPrice": 12 }
      },
      "categoryIds": ["w-pantry"],
      "similarProducts": []
    },
    {
      "id": "w-663195-8005510008463",
      "name": "Monini Delicato Extra Virgin Olive Oil",
      "brand": "Monini",
      "imageUrls": "https://cdn0.woolworths.media/content/wowproductimages/large/663195.jpg",
      "storeId": "woolworths",
      "packageSize": "750ml",
      "cupPrice": "$1.07 / 100ML",
      "locations": {
        "ALL": { "price": 8, "discountRate": 33, "promo": "", "orgPrice": 12 }
      },
      "categoryIds": ["w-pantry"],
      "similarProducts": []
    },
    {
      "id": "w-807202-8005510000863",
      "name": "Monini Grapeseed Oil",
      "brand": "Monini",
      "imageUrls": "https://cdn0.woolworths.media/content/wowproductimages/large/807202.jpg",
      "storeId": "woolworths",
      "packageSize": "750ml",
      "cupPrice": "$1.07 / 100ML",
      "locations": {
        "ALL": { "price": 8, "discountRate": 11, "promo": "", "orgPrice": 9 }
      },
      "categoryIds": ["w-pantry"],
      "similarProducts": []
    },
    {
      "id": "w-698441-5060492470151",
      "name": "Mr Lee's Noodles Noodles Hong Kong Street Beef",
      "brand": "Mr Lee's Noodles",
      "imageUrls": "https://cdn0.woolworths.media/content/wowproductimages/large/698441.jpg",
      "storeId": "woolworths",
      "packageSize": "58.5g",
      "cupPrice": "$5.13 / 100G",
      "locations": {
        "ALL": { "price": 3, "discountRate": 25, "promo": "", "orgPrice": 4 }
      },
      "categoryIds": ["w-pantry"],
      "similarProducts": []
    },
    {
      "id": "w-47190-6001092500052",
      "name": "Mrs H.s.ball's Chutney Original",
      "brand": "Mrs H.s.ball's",
      "imageUrls": "https://cdn0.woolworths.media/content/wowproductimages/large/047190.jpg",
      "storeId": "woolworths",
      "packageSize": "470g",
      "cupPrice": "$7.45 / 1KG",
      "locations": {
        "ALL": {
          "price": 3.5,
          "discountRate": 13,
          "promo": "",
          "orgPrice": 4
        }
      },
      "categoryIds": ["w-pantry"],
      "similarProducts": []
    },
    {
      "id": "w-81641-8005110200144",
      "name": "Mutti Parma Double Concentrated Tomato Paste",
      "brand": "Mutti",
      "imageUrls": "https://cdn0.woolworths.media/content/wowproductimages/large/081641.jpg",
      "storeId": "woolworths",
      "packageSize": "2 pack",
      "cupPrice": "$0.89 / 100G",
      "locations": {
        "ALL": {
          "price": 2.5,
          "discountRate": 17,
          "promo": "",
          "orgPrice": 3
        }
      },
      "categoryIds": ["w-pantry"],
      "similarProducts": []
    },
    {
      "id": "w-81719-8005110022265",
      "name": "Mutti Passata Gastronomia Baby Roma Tomatoes",
      "brand": "Mutti",
      "imageUrls": "https://cdn0.woolworths.media/content/wowproductimages/large/081719.jpg",
      "storeId": "woolworths",
      "packageSize": "400g",
      "cupPrice": "$0.63 / 100G",
      "locations": {
        "ALL": {
          "price": 2.5,
          "discountRate": 29,
          "promo": "",
          "orgPrice": 3.5
        }
      },
      "categoryIds": ["w-pantry"],
      "similarProducts": []
    },
    {
      "id": "w-81718-8005110022234",
      "name": "Mutti Passata Gastronomia Cherry Tomatoes",
      "brand": "Mutti",
      "imageUrls": "https://cdn0.woolworths.media/content/wowproductimages/large/081718.jpg",
      "storeId": "woolworths",
      "packageSize": "400g",
      "cupPrice": "$0.63 / 100G",
      "locations": {
        "ALL": {
          "price": 2.5,
          "discountRate": 29,
          "promo": "",
          "orgPrice": 3.5
        }
      },
      "categoryIds": ["w-pantry"],
      "similarProducts": []
    },
    {
      "id": "w-81721-8005110001635",
      "name": "Mutti Pesto Style Stir Through Sauce Green Tomato",
      "brand": "Mutti",
      "imageUrls": "https://cdn0.woolworths.media/content/wowproductimages/large/081721.jpg",
      "storeId": "woolworths",
      "packageSize": "280g",
      "cupPrice": "$1.07 / 100G",
      "locations": {
        "ALL": { "price": 3, "discountRate": 40, "promo": "", "orgPrice": 5 }
      },
      "categoryIds": ["w-pantry"],
      "similarProducts": []
    },
    {
      "id": "w-81716-8005110001611",
      "name": "Mutti Pesto Style Stir Through Sauce Red Tomato",
      "brand": "Mutti",
      "imageUrls": "https://cdn0.woolworths.media/content/wowproductimages/large/081716.jpg",
      "storeId": "woolworths",
      "packageSize": "280g",
      "cupPrice": "$1.07 / 100G",
      "locations": {
        "ALL": { "price": 3, "discountRate": 40, "promo": "", "orgPrice": 5 }
      },
      "categoryIds": ["w-pantry"],
      "similarProducts": []
    },
    {
      "id": "w-795295-8005110550638",
      "name": "Mutti Mutti Baby Roma Tomatoes",
      "brand": "Mutti",
      "imageUrls": "https://cdn0.woolworths.media/content/wowproductimages/large/795295.jpg",
      "storeId": "woolworths",
      "packageSize": "400g",
      "cupPrice": "$4.00 / 1KG",
      "locations": {
        "ALL": {
          "price": 1.6,
          "discountRate": 20,
          "promo": "",
          "orgPrice": 2
        }
      },
      "categoryIds": ["w-pantry"],
      "similarProducts": []
    },
    {
      "id": "w-701943-6003770002001",
      "name": "Nando's Marinade Peri Peri Lemon & Herb",
      "brand": "Nando's",
      "imageUrls": "https://cdn0.woolworths.media/content/wowproductimages/large/701943.jpg",
      "storeId": "woolworths",
      "packageSize": "270g",
      "cupPrice": "$1.15 / 100G",
      "locations": {
        "ALL": {
          "price": 3,
          "discountRate": 20,
          "promo": "",
          "orgPrice": 3.75
        }
      },
      "categoryIds": ["w-pantry"],
      "similarProducts": []
    },
    {
      "id": "w-720003-6003770007099",
      "name": "Nando's Marinade Peri Peri Medium",
      "brand": "Nando's",
      "imageUrls": "https://cdn0.woolworths.media/content/wowproductimages/large/720003.jpg",
      "storeId": "woolworths",
      "packageSize": "270g",
      "cupPrice": "$1.15 / 100G",
      "locations": {
        "ALL": {
          "price": 3,
          "discountRate": 20,
          "promo": "",
          "orgPrice": 3.75
        }
      },
      "categoryIds": ["w-pantry"],
      "similarProducts": []
    },
    {
      "id": "w-581165-5039303000849",
      "name": "Nando's Peri Peri Rub Medium",
      "brand": "Nando's",
      "imageUrls": "https://cdn0.woolworths.media/content/wowproductimages/large/581165.jpg",
      "storeId": "woolworths",
      "packageSize": "25g",
      "cupPrice": "$1.00 / 10G",
      "locations": {
        "ALL": {
          "price": 2.5,
          "discountRate": 16,
          "promo": "",
          "orgPrice": 2.99
        }
      },
      "categoryIds": ["w-pantry"],
      "similarProducts": []
    },
    {
      "id": "w-581135-5039303000832",
      "name": "Nando's Rubs Peri Peri Lemon & Herb",
      "brand": "Nando's",
      "imageUrls": "https://cdn0.woolworths.media/content/wowproductimages/large/581135.jpg",
      "storeId": "woolworths",
      "packageSize": "25g",
      "cupPrice": "$1.00 / 10G",
      "locations": {
        "ALL": {
          "price": 2.5,
          "discountRate": 16,
          "promo": "",
          "orgPrice": 2.99
        }
      },
      "categoryIds": ["w-pantry"],
      "similarProducts": []
    },
    {
      "id": "w-771810-9311799084203",
      "name": "Naturally Good Cookies Munchy Muesli Brownie",
      "brand": "Naturally Good",
      "imageUrls": "https://cdn0.woolworths.media/content/wowproductimages/large/771810.jpg",
      "storeId": "woolworths",
      "packageSize": "160g",
      "cupPrice": "$2.50 / 100G",
      "locations": {
        "ALL": {
          "price": 4,
          "discountRate": 19,
          "promo": "",
          "orgPrice": 4.95
        }
      },
      "categoryIds": ["w-pantry"],
      "similarProducts": []
    },
    {
      "id": "w-771829-9311799084005",
      "name": "Naturally Good Cookies Munchy Muesli Vanilla",
      "brand": "Naturally Good",
      "imageUrls": "https://cdn0.woolworths.media/content/wowproductimages/large/771829.jpg",
      "storeId": "woolworths",
      "packageSize": "160g",
      "cupPrice": "$2.50 / 100G",
      "locations": {
        "ALL": {
          "price": 4,
          "discountRate": 19,
          "promo": "",
          "orgPrice": 4.95
        }
      },
      "categoryIds": ["w-pantry"],
      "similarProducts": []
    },
    {
      "id": "w-72596-8410076620958",
      "name": "Nature Valley Cocoa Hazelnut Cups",
      "brand": "Nature Valley",
      "imageUrls": "https://cdn0.woolworths.media/content/wowproductimages/large/072596.jpg",
      "storeId": "woolworths",
      "packageSize": "4 pack",
      "cupPrice": "$1.89 / 100G",
      "locations": {
        "ALL": {
          "price": 2.65,
          "discountRate": 50,
          "promo": "",
          "orgPrice": 5.3
        }
      },
      "categoryIds": ["w-pantry"],
      "similarProducts": []
    },
    {
      "id": "w-809407-8410076620590",
      "name": "Nature Valley Nut Butter Peanut Chocolate Cups",
      "brand": "Nature Valley",
      "imageUrls": "https://cdn0.woolworths.media/content/wowproductimages/large/809407.jpg",
      "storeId": "woolworths",
      "packageSize": "4 pack",
      "cupPrice": "$1.89 / 100G",
      "locations": {
        "ALL": {
          "price": 2.65,
          "discountRate": 50,
          "promo": "",
          "orgPrice": 5.3
        }
      },
      "categoryIds": ["w-pantry"],
      "similarProducts": []
    },
    {
      "id": "w-159844-9311367000284",
      "name": "Nature's Cuppa Freeze Dried Coffee Caffeine Free",
      "brand": "Nature's Cuppa",
      "imageUrls": "https://cdn0.woolworths.media/content/wowproductimages/large/159844.jpg",
      "storeId": "woolworths",
      "packageSize": "125g",
      "cupPrice": "$3.20 / 100G",
      "locations": {
        "ALL": { "price": 4, "discountRate": 20, "promo": "", "orgPrice": 5 }
      },
      "categoryIds": ["w-pantry", "w-drinks"],
      "similarProducts": []
    },
    {
      "id": "w-254591-9311367000444",
      "name": "Nature's Cuppa Freeze Dried Coffee Eco Organic",
      "brand": "Nature's Cuppa",
      "imageUrls": "https://cdn0.woolworths.media/content/wowproductimages/large/254591.jpg",
      "storeId": "woolworths",
      "packageSize": "100g",
      "cupPrice": "$6.00 / 100G",
      "locations": {
        "ALL": { "price": 6, "discountRate": 25, "promo": "", "orgPrice": 8 }
      },
      "categoryIds": ["w-pantry", "w-drinks"],
      "similarProducts": []
    },
    {
      "id": "w-63749-9342985000745",
      "name": "Natvia Flip O's Water Ices",
      "brand": "Natvia",
      "imageUrls": "https://cdn0.woolworths.media/content/wowproductimages/large/063749.jpg",
      "storeId": "woolworths",
      "packageSize": "60ml x16 pack",
      "cupPrice": "$0.54 / 100ML",
      "locations": {
        "ALL": {
          "price": 5.2,
          "discountRate": 20,
          "promo": "",
          "orgPrice": 6.5
        }
      },
      "categoryIds": ["w-pantry"],
      "similarProducts": []
    },
    {
      "id": "w-652122-9342985000653",
      "name": "Natvia Natural Sweetener Organic Stevia",
      "brand": "Natvia",
      "imageUrls": "https://cdn0.woolworths.media/content/wowproductimages/large/652122.jpg",
      "storeId": "woolworths",
      "packageSize": "600g",
      "cupPrice": "$2.08 / 100G",
      "locations": {
        "ALL": {
          "price": 12.5,
          "discountRate": 15,
          "promo": "",
          "orgPrice": 14.75
        }
      },
      "categoryIds": ["w-pantry"],
      "similarProducts": []
    },
    {
      "id": "w-63512-9342985000721",
      "name": "Natvia Smooth Choc Chocolate Topping",
      "brand": "Natvia",
      "imageUrls": "https://cdn0.woolworths.media/content/wowproductimages/large/063512.jpg",
      "storeId": "woolworths",
      "packageSize": "250ml",
      "cupPrice": "$1.80 / 100ML",
      "locations": {
        "ALL": {
          "price": 4.5,
          "discountRate": 10,
          "promo": "",
          "orgPrice": 5
        }
      },
      "categoryIds": ["w-pantry"],
      "similarProducts": []
    },
    {
      "id": "w-741011-9342985000424",
      "name": "Natvia Sweetener Sticks",
      "brand": "Natvia",
      "imageUrls": "https://cdn0.woolworths.media/content/wowproductimages/large/741011.jpg",
      "storeId": "woolworths",
      "packageSize": "40 pack",
      "cupPrice": "$9.50 / 100EA",
      "locations": {
        "ALL": {
          "price": 3.8,
          "discountRate": 16,
          "promo": "",
          "orgPrice": 4.5
        }
      },
      "categoryIds": ["w-pantry"],
      "similarProducts": []
    },
    {
      "id": "w-262167-9310551000543",
      "name": "Nerada Organic Chai Tea",
      "brand": "Nerada",
      "imageUrls": "https://cdn0.woolworths.media/content/wowproductimages/large/262167.jpg",
      "storeId": "woolworths",
      "packageSize": "50pk 93g",
      "cupPrice": "$0.07 / 1EA",
      "locations": {
        "ALL": {
          "price": 3.7,
          "discountRate": 21,
          "promo": "",
          "orgPrice": 4.7
        }
      },
      "categoryIds": ["w-pantry"],
      "similarProducts": []
    },
    {
      "id": "w-319056-9310551000550",
      "name": "Nerada Organic Rooibos & Vanilla Tea Bags",
      "brand": "Nerada",
      "imageUrls": "https://cdn0.woolworths.media/content/wowproductimages/large/319056.jpg",
      "storeId": "woolworths",
      "packageSize": "50 pack",
      "cupPrice": "$0.07 / 1EA",
      "locations": {
        "ALL": {
          "price": 3.7,
          "discountRate": 21,
          "promo": "",
          "orgPrice": 4.7
        }
      },
      "categoryIds": ["w-pantry"],
      "similarProducts": []
    },
    {
      "id": "w-75979-9310551000062",
      "name": "Nerada Tea Bags",
      "brand": "Nerada",
      "imageUrls": "https://cdn0.woolworths.media/content/wowproductimages/large/075979.jpg",
      "storeId": "woolworths",
      "packageSize": "200pk 400g",
      "cupPrice": "$0.02 / 1EA",
      "locations": {
        "ALL": {
          "price": 4.25,
          "discountRate": 22,
          "promo": "",
          "orgPrice": 5.45
        }
      },
      "categoryIds": ["w-pantry", "w-drinks"],
      "similarProducts": []
    },
    {
      "id": "w-10927-9300605115392",
      "name": "Nescafe Blend 43 Decaffeinated Instant Coffee",
      "brand": "Nescafe",
      "imageUrls": "https://cdn0.woolworths.media/content/wowproductimages/large/010927.jpg",
      "storeId": "woolworths",
      "packageSize": "250g",
      "cupPrice": "$5.92 / 100G",
      "locations": {
        "ALL": {
          "price": 14.8,
          "discountRate": 15,
          "promo": "",
          "orgPrice": 17.5
        }
      },
      "categoryIds": ["w-pantry", "w-drinks"],
      "similarProducts": []
    },
    {
      "id": "w-35694-9300605003552",
      "name": "Nescafe Blend 43 Soluble Instant Coffee",
      "brand": "Nescafe",
      "imageUrls": "https://cdn0.woolworths.media/content/wowproductimages/large/035694.jpg",
      "storeId": "woolworths",
      "packageSize": "500g",
      "cupPrice": "$2.80 / 100G",
      "locations": {
        "ALL": {
          "price": 14,
          "discountRate": 30,
          "promo": "",
          "orgPrice": 20
        }
      },
      "categoryIds": ["w-pantry", "w-drinks"],
      "similarProducts": []
    },
    {
      "id": "w-195108-5011546451466",
      "name": "Nescafe Coffee Mixer Sachets Cappuccino",
      "brand": "Nescafe",
      "imageUrls": "https://cdn0.woolworths.media/content/wowproductimages/large/195108.jpg",
      "storeId": "woolworths",
      "packageSize": "10 pack",
      "cupPrice": "$0.32 / 1EA",
      "locations": {
        "ALL": {
          "price": 3.15,
          "discountRate": 50,
          "promo": "",
          "orgPrice": 6.3
        }
      },
      "categoryIds": ["w-pantry", "w-drinks"],
      "similarProducts": []
    },
    {
      "id": "w-226908-8801055061815",
      "name": "Nescafe Coffee Mixer Sachets Caramel Latte",
      "brand": "Nescafe",
      "imageUrls": "https://cdn0.woolworths.media/content/wowproductimages/large/226908.jpg",
      "storeId": "woolworths",
      "packageSize": "10 pack",
      "cupPrice": "$0.32 / 1EA",
      "locations": {
        "ALL": {
          "price": 3.15,
          "discountRate": 50,
          "promo": "",
          "orgPrice": 6.3
        }
      },
      "categoryIds": ["w-pantry", "w-drinks"],
      "similarProducts": []
    },
    {
      "id": "w-226666-8801055061846",
      "name": "Nescafe Coffee Mixer Sachets Latte Hazelnut",
      "brand": "Nescafe",
      "imageUrls": "https://cdn0.woolworths.media/content/wowproductimages/large/226666.jpg",
      "storeId": "woolworths",
      "packageSize": "10 pack",
      "cupPrice": "$0.32 / 1EA",
      "locations": {
        "ALL": {
          "price": 3.15,
          "discountRate": 50,
          "promo": "",
          "orgPrice": 6.3
        }
      },
      "categoryIds": ["w-pantry", "w-drinks"],
      "similarProducts": []
    },
    {
      "id": "w-226906-8801055061808",
      "name": "Nescafe Coffee Mixer Sachets Latte Vanilla",
      "brand": "Nescafe",
      "imageUrls": "https://cdn0.woolworths.media/content/wowproductimages/large/226906.jpg",
      "storeId": "woolworths",
      "packageSize": "10 pack",
      "cupPrice": "$0.32 / 1EA",
      "locations": {
        "ALL": {
          "price": 3.15,
          "discountRate": 50,
          "promo": "",
          "orgPrice": 6.3
        }
      },
      "categoryIds": ["w-pantry", "w-drinks"],
      "similarProducts": []
    },
    {
      "id": "w-226106-8801055062799",
      "name": "Nescafe Coffee Mixer Sachets Mocha",
      "brand": "Nescafe",
      "imageUrls": "https://cdn0.woolworths.media/content/wowproductimages/large/226106.jpg",
      "storeId": "woolworths",
      "packageSize": "10 pack",
      "cupPrice": "$0.32 / 1EA",
      "locations": {
        "ALL": {
          "price": 3.15,
          "discountRate": 50,
          "promo": "",
          "orgPrice": 6.3
        }
      },
      "categoryIds": ["w-pantry", "w-drinks"],
      "similarProducts": []
    },
    {
      "id": "w-259079-8801055062287",
      "name": "Nescafe Coffee Mixer Sachets Strong Cappucino",
      "brand": "Nescafe",
      "imageUrls": "https://cdn0.woolworths.media/content/wowproductimages/large/259079.jpg",
      "storeId": "woolworths",
      "packageSize": "10 pack",
      "cupPrice": "$0.32 / 1EA",
      "locations": {
        "ALL": {
          "price": 3.15,
          "discountRate": 50,
          "promo": "",
          "orgPrice": 6.3
        }
      },
      "categoryIds": ["w-pantry", "w-drinks"],
      "similarProducts": []
    },
    {
      "id": "w-22780-9300605126411",
      "name": "Nescafe Decaf Cappuccino Coffee Sachets",
      "brand": "Nescafe",
      "imageUrls": "https://cdn0.woolworths.media/content/wowproductimages/large/022780.jpg",
      "storeId": "woolworths",
      "packageSize": "10 pack",
      "cupPrice": "$0.32 / 1EA",
      "locations": {
        "ALL": {
          "price": 3.15,
          "discountRate": 50,
          "promo": "",
          "orgPrice": 6.3
        }
      },
      "categoryIds": ["w-pantry", "w-drinks"],
      "similarProducts": []
    },
    {
      "id": "w-22769-9300605127395",
      "name": "Nescafe Gold Cappuccino Intense",
      "brand": "Nescafe",
      "imageUrls": "https://cdn0.woolworths.media/content/wowproductimages/large/022769.jpg",
      "storeId": "woolworths",
      "packageSize": "8 pack",
      "cupPrice": "$0.39 / 1EA",
      "locations": {
        "ALL": {
          "price": 3.15,
          "discountRate": 50,
          "promo": "",
          "orgPrice": 6.3
        }
      },
      "categoryIds": ["w-pantry", "w-drinks"],
      "similarProducts": []
    },
    {
      "id": "w-22774-9300605127388",
      "name": "Nescafe Gold Cappucino",
      "brand": "Nescafe",
      "imageUrls": "https://cdn0.woolworths.media/content/wowproductimages/large/022774.jpg",
      "storeId": "woolworths",
      "packageSize": "8 pack",
      "cupPrice": "$0.39 / 1EA",
      "locations": {
        "ALL": {
          "price": 3.15,
          "discountRate": 50,
          "promo": "",
          "orgPrice": 6.3
        }
      },
      "categoryIds": ["w-pantry", "w-drinks"],
      "similarProducts": []
    },
    {
      "id": "w-22768-9300605127104",
      "name": "Nescafe Gold Creme Brulee",
      "brand": "Nescafe",
      "imageUrls": "https://cdn0.woolworths.media/content/wowproductimages/large/022768.jpg",
      "storeId": "woolworths",
      "packageSize": "8 pack",
      "cupPrice": "$0.39 / 1EA",
      "locations": {
        "ALL": {
          "price": 3.15,
          "discountRate": 50,
          "promo": "",
          "orgPrice": 6.3
        }
      },
      "categoryIds": ["w-pantry", "w-drinks"],
      "similarProducts": []
    },
    {
      "id": "w-687038-9300605118256",
      "name": "Nescafe Gold Instant Coffee Refill Soft Sachet",
      "brand": "Nescafe",
      "imageUrls": "https://cdn0.woolworths.media/content/wowproductimages/large/687038.jpg",
      "storeId": "woolworths",
      "packageSize": "320g",
      "cupPrice": "$4.38 / 100G",
      "locations": {
        "ALL": {
          "price": 14,
          "discountRate": 26,
          "promo": "",
          "orgPrice": 19
        }
      },
      "categoryIds": ["w-pantry", "w-drinks"],
      "similarProducts": []
    },
    {
      "id": "w-22823-9300605126466",
      "name": "Nescafe Latte",
      "brand": "Nescafe",
      "imageUrls": "https://cdn0.woolworths.media/content/wowproductimages/large/022823.jpg",
      "storeId": "woolworths",
      "packageSize": "10 pack",
      "cupPrice": "$0.32 / 1EA",
      "locations": {
        "ALL": {
          "price": 3.15,
          "discountRate": 50,
          "promo": "",
          "orgPrice": 6.3
        }
      },
      "categoryIds": ["w-pantry", "w-drinks"],
      "similarProducts": []
    },
    {
      "id": "w-247242-4800361334341",
      "name": "Nesquik Cereal",
      "brand": "Nesquik",
      "imageUrls": "https://cdn0.woolworths.media/content/wowproductimages/large/247242.jpg",
      "storeId": "woolworths",
      "packageSize": "650g",
      "cupPrice": "$0.58 / 100G",
      "locations": {
        "ALL": {
          "price": 3.75,
          "discountRate": 50,
          "promo": "",
          "orgPrice": 7.5
        }
      },
      "categoryIds": ["w-pantry"],
      "similarProducts": []
    },
    {
      "id": "w-98461-9300625501069",
      "name": "Nestle Butter-menthol Throat Lozenge",
      "brand": "Nestle",
      "imageUrls": "https://cdn0.woolworths.media/content/wowproductimages/large/098461.jpg",
      "storeId": "woolworths",
      "packageSize": "20 pack",
      "cupPrice": "$0.10 / 1EA",
      "locations": {
        "ALL": {
          "price": 1.9,
          "discountRate": 10,
          "promo": "",
          "orgPrice": 2.1
        }
      },
      "categoryIds": ["w-pantry"],
      "similarProducts": []
    },
    {
      "id": "w-49212-93625678",
      "name": "Nestle Butter-menthol Throat Lozenge Liquid Centre",
      "brand": "Nestle",
      "imageUrls": "https://cdn0.woolworths.media/content/wowproductimages/large/049212.jpg",
      "storeId": "woolworths",
      "packageSize": "10 pack",
      "cupPrice": "$0.18 / 1EA",
      "locations": {
        "ALL": {
          "price": 1.8,
          "discountRate": 18,
          "promo": "",
          "orgPrice": 2.2
        }
      },
      "categoryIds": ["w-pantry"],
      "similarProducts": []
    },
    {
      "id": "w-346085-93625067",
      "name": "Nestle Butter-menthol Throat Lozenge Liquid Centre Honey & Lemon",
      "brand": "Nestle",
      "imageUrls": "https://cdn0.woolworths.media/content/wowproductimages/large/346085.jpg",
      "storeId": "woolworths",
      "packageSize": "10 pack",
      "cupPrice": "$0.20 / 1EA",
      "locations": {
        "ALL": { "price": 2, "discountRate": 9, "promo": "", "orgPrice": 2.2 }
      },
      "categoryIds": ["w-pantry"],
      "similarProducts": []
    },
    {
      "id": "w-232787-9300605021648",
      "name": "Nestle Milo Dipped Snack Bars",
      "brand": "Nestle",
      "imageUrls": "https://cdn0.woolworths.media/content/wowproductimages/large/232787.jpg",
      "storeId": "woolworths",
      "packageSize": "6 pack",
      "cupPrice": "$1.88 / 100G",
      "locations": {
        "ALL": {
          "price": 3,
          "discountRate": 30,
          "promo": "",
          "orgPrice": 4.3
        }
      },
      "categoryIds": ["w-pantry", "w-lunch-box"],
      "similarProducts": []
    },
    {
      "id": "w-827594-9300605069275",
      "name": "Nestle Milo Duo Cereal",
      "brand": "Nestle",
      "imageUrls": "https://cdn0.woolworths.media/content/wowproductimages/large/827594.jpg",
      "storeId": "woolworths",
      "packageSize": "660g",
      "cupPrice": "$0.57 / 100G",
      "locations": {
        "ALL": {
          "price": 3.75,
          "discountRate": 50,
          "promo": "",
          "orgPrice": 7.5
        }
      },
      "categoryIds": ["w-pantry"],
      "similarProducts": []
    },
    {
      "id": "w-84977-93559355",
      "name": "Nestle Soothers Immune+ Orange Flavour",
      "brand": "Nestle",
      "imageUrls": "https://cdn0.woolworths.media/content/wowproductimages/large/084977.jpg",
      "storeId": "woolworths",
      "packageSize": "40g",
      "cupPrice": "$4.50 / 100G",
      "locations": {
        "ALL": {
          "price": 1.8,
          "discountRate": 18,
          "promo": "",
          "orgPrice": 2.2
        }
      },
      "categoryIds": ["w-pantry"],
      "similarProducts": []
    },
    {
      "id": "w-2979-9300684270913",
      "name": "Nestle Soothers Throat Lozenge Eucalyptus & Menthol",
      "brand": "Nestle",
      "imageUrls": "https://cdn0.woolworths.media/content/wowproductimages/large/002979.jpg",
      "storeId": "woolworths",
      "packageSize": "3 pack",
      "cupPrice": "$0.12 / 1EA",
      "locations": {
        "ALL": {
          "price": 3.5,
          "discountRate": 13,
          "promo": "",
          "orgPrice": 4
        }
      },
      "categoryIds": ["w-pantry"],
      "similarProducts": []
    },
    {
      "id": "w-66427-9300625298075",
      "name": "Nestle Soothers Throat Lozenges Blackcurrant",
      "brand": "Nestle",
      "imageUrls": "https://cdn0.woolworths.media/content/wowproductimages/large/066427.jpg",
      "storeId": "woolworths",
      "packageSize": "30 pack",
      "cupPrice": "$0.12 / 1EA",
      "locations": {
        "ALL": {
          "price": 3.5,
          "discountRate": 13,
          "promo": "",
          "orgPrice": 4
        }
      },
      "categoryIds": ["w-pantry"],
      "similarProducts": []
    },
    {
      "id": "w-205145-93492072",
      "name": "Nestle Soothers Throat Lozenges Liquid Centre Lemon Lime",
      "brand": "Nestle",
      "imageUrls": "https://cdn0.woolworths.media/content/wowproductimages/large/205145.jpg",
      "storeId": "woolworths",
      "packageSize": "10 pack",
      "cupPrice": "$0.20 / 1EA",
      "locations": {
        "ALL": { "price": 2, "discountRate": 9, "promo": "", "orgPrice": 2.2 }
      },
      "categoryIds": ["w-pantry"],
      "similarProducts": []
    },
    {
      "id": "w-248250-9310060406935",
      "name": "Nestle Uncle Tobys Muesli Bars Chewy Apricot",
      "brand": "Nestle",
      "imageUrls": "https://cdn0.woolworths.media/content/wowproductimages/large/248250.jpg",
      "storeId": "woolworths",
      "packageSize": "6 pack",
      "cupPrice": "$1.16 / 100G",
      "locations": {
        "ALL": {
          "price": 2.15,
          "discountRate": 50,
          "promo": "",
          "orgPrice": 4.3
        }
      },
      "categoryIds": ["w-pantry", "w-lunch-box"],
      "similarProducts": []
    },
    {
      "id": "w-248257-9310060407260",
      "name": "Nestle Uncle Tobys Muesli Bars Yoghurt & Honeycomb",
      "brand": "Nestle",
      "imageUrls": "https://cdn0.woolworths.media/content/wowproductimages/large/248257.jpg",
      "storeId": "woolworths",
      "packageSize": "185g",
      "cupPrice": "$1.16 / 100G",
      "locations": {
        "ALL": {
          "price": 2.15,
          "discountRate": 50,
          "promo": "",
          "orgPrice": 4.3
        }
      },
      "categoryIds": ["w-pantry", "w-lunch-box"],
      "similarProducts": []
    },
    {
      "id": "w-248248-9310060406997",
      "name": "Nestle Uncle Tobys Muesli Bars Yoghurt & Mango & Passionfruit",
      "brand": "Nestle",
      "imageUrls": "https://cdn0.woolworths.media/content/wowproductimages/large/248248.jpg",
      "storeId": "woolworths",
      "packageSize": "6 pack",
      "cupPrice": "$1.16 / 100G",
      "locations": {
        "ALL": {
          "price": 2.15,
          "discountRate": 50,
          "promo": "",
          "orgPrice": 4.3
        }
      },
      "categoryIds": ["w-pantry", "w-lunch-box"],
      "similarProducts": []
    },
    {
      "id": "w-954210-9400563448683",
      "name": "Nice & Natural Chocolate Nut Bar Apricot",
      "brand": "Nice & Natural",
      "imageUrls": "https://cdn0.woolworths.media/content/wowproductimages/large/954210.jpg",
      "storeId": "woolworths",
      "packageSize": "180g x6 pack",
      "cupPrice": "$1.11 / 100G",
      "locations": {
        "ALL": { "price": 2, "discountRate": 50, "promo": "", "orgPrice": 4 }
      },
      "categoryIds": ["w-pantry"],
      "similarProducts": []
    },
    {
      "id": "w-343910-9400563740565",
      "name": "Nice & Natural Chocolate Nut Bar Peanut & Almond",
      "brand": "Nice & Natural",
      "imageUrls": "https://cdn0.woolworths.media/content/wowproductimages/large/343910.jpg",
      "storeId": "woolworths",
      "packageSize": "6 pack",
      "cupPrice": "$1.11 / 100G",
      "locations": {
        "ALL": { "price": 2, "discountRate": 50, "promo": "", "orgPrice": 4 }
      },
      "categoryIds": ["w-pantry", "w-lunch-box"],
      "similarProducts": []
    },
    {
      "id": "w-817129-9400563211225",
      "name": "Nice & Natural Fruit & Vege Trains",
      "brand": "Nice & Natural",
      "imageUrls": "https://cdn0.woolworths.media/content/wowproductimages/large/817129.jpg",
      "storeId": "woolworths",
      "packageSize": "8 pack",
      "cupPrice": "$2.08 / 100G",
      "locations": {
        "ALL": {
          "price": 2.5,
          "discountRate": 38,
          "promo": "",
          "orgPrice": 4
        }
      },
      "categoryIds": ["w-pantry"],
      "similarProducts": []
    },
    {
      "id": "w-334160-9400563806896",
      "name": "Nice & Natural Fruit Strings Strawberry",
      "brand": "Nice & Natural",
      "imageUrls": "https://cdn0.woolworths.media/content/wowproductimages/large/334160.jpg",
      "storeId": "woolworths",
      "packageSize": "136g",
      "cupPrice": "$1.84 / 100G",
      "locations": {
        "ALL": {
          "price": 2.5,
          "discountRate": 38,
          "promo": "",
          "orgPrice": 4
        }
      },
      "categoryIds": ["w-pantry", "w-lunch-box"],
      "similarProducts": []
    },
    {
      "id": "w-332059-9400563738944",
      "name": "Nice & Natural Nut Bar Chocolate",
      "brand": "Nice & Natural",
      "imageUrls": "https://cdn0.woolworths.media/content/wowproductimages/large/332059.jpg",
      "storeId": "woolworths",
      "packageSize": "6 pack",
      "cupPrice": "$1.04 / 100G",
      "locations": {
        "ALL": { "price": 2, "discountRate": 50, "promo": "", "orgPrice": 4 }
      },
      "categoryIds": ["w-pantry", "w-lunch-box"],
      "similarProducts": []
    },
    {
      "id": "w-332068-9400563448652",
      "name": "Nice & Natural Nut Bar Trail Mix",
      "brand": "Nice & Natural",
      "imageUrls": "https://cdn0.woolworths.media/content/wowproductimages/large/332068.jpg",
      "storeId": "woolworths",
      "packageSize": "6 pack",
      "cupPrice": "$1.04 / 100G",
      "locations": {
        "ALL": { "price": 2, "discountRate": 50, "promo": "", "orgPrice": 4 }
      },
      "categoryIds": ["w-pantry", "w-lunch-box"],
      "similarProducts": []
    },
    {
      "id": "w-332066-9400563738951",
      "name": "Nice & Natural Nut Bar Yoghurt",
      "brand": "Nice & Natural",
      "imageUrls": "https://cdn0.woolworths.media/content/wowproductimages/large/332066.jpg",
      "storeId": "woolworths",
      "packageSize": "6 pack",
      "cupPrice": "$1.04 / 100G",
      "locations": {
        "ALL": { "price": 2, "discountRate": 50, "promo": "", "orgPrice": 4 }
      },
      "categoryIds": ["w-pantry", "w-lunch-box"],
      "similarProducts": []
    },
    {
      "id": "w-70654-9400563455667",
      "name": "Nice & Natural Protein Whole Seed Bar With Sunflower & Pumpkin Seeds",
      "brand": "Nice & Natural",
      "imageUrls": "https://cdn0.woolworths.media/content/wowproductimages/large/070654.jpg",
      "storeId": "woolworths",
      "packageSize": "5 pack",
      "cupPrice": "$1.67 / 100G",
      "locations": {
        "ALL": {
          "price": 2.5,
          "discountRate": 50,
          "promo": "",
          "orgPrice": 5
        }
      },
      "categoryIds": ["w-pantry"],
      "similarProducts": []
    },
    {
      "id": "w-807865-9400563454608",
      "name": "Nice & Natural Protein Wholeseed Bars Coconut & Goji Berry",
      "brand": "Nice & Natural",
      "imageUrls": "https://cdn0.woolworths.media/content/wowproductimages/large/807865.jpg",
      "storeId": "woolworths",
      "packageSize": "5 pack",
      "cupPrice": "$1.67 / 100G",
      "locations": {
        "ALL": {
          "price": 2.5,
          "discountRate": 50,
          "promo": "",
          "orgPrice": 5
        }
      },
      "categoryIds": ["w-pantry"],
      "similarProducts": []
    },
    {
      "id": "w-807862-9400563454615",
      "name": "Nice & Natural Protein Wholeseed Bars Cranberry & Raspberry",
      "brand": "Nice & Natural",
      "imageUrls": "https://cdn0.woolworths.media/content/wowproductimages/large/807862.jpg",
      "storeId": "woolworths",
      "packageSize": "5 pack",
      "cupPrice": "$1.67 / 100G",
      "locations": {
        "ALL": {
          "price": 2.5,
          "discountRate": 50,
          "promo": "",
          "orgPrice": 5
        }
      },
      "categoryIds": ["w-pantry"],
      "similarProducts": []
    },
    {
      "id": "w-332070-9400563738982",
      "name": "Nice & Natural Roasted Nut Bars Almond",
      "brand": "Nice & Natural",
      "imageUrls": "https://cdn0.woolworths.media/content/wowproductimages/large/332070.jpg",
      "storeId": "woolworths",
      "packageSize": "6 pack",
      "cupPrice": "$1.04 / 100G",
      "locations": {
        "ALL": { "price": 2, "discountRate": 50, "promo": "", "orgPrice": 4 }
      },
      "categoryIds": ["w-pantry"],
      "similarProducts": []
    },
    {
      "id": "w-830008-9400563448607",
      "name": "Nice & Natural Roasted Peanut & Cashew Bar With Milk Chocolate Drizzle",
      "brand": "Nice & Natural",
      "imageUrls": "https://cdn0.woolworths.media/content/wowproductimages/large/830008.jpg",
      "storeId": "woolworths",
      "packageSize": "6 pack",
      "cupPrice": "$1.04 / 100G",
      "locations": {
        "ALL": { "price": 2, "discountRate": 50, "promo": "", "orgPrice": 4 }
      },
      "categoryIds": ["w-pantry"],
      "similarProducts": []
    },
    {
      "id": "w-23089-9310015330247",
      "name": "Nobby's Beer Nuts",
      "brand": "Nobby's",
      "imageUrls": "https://cdn0.woolworths.media/content/wowproductimages/large/023089.jpg",
      "storeId": "woolworths",
      "packageSize": "375g",
      "cupPrice": "$8.00 / 1KG",
      "locations": {
        "ALL": {
          "price": 3,
          "discountRate": 14,
          "promo": "",
          "orgPrice": 3.5
        }
      },
      "categoryIds": ["w-pantry"],
      "similarProducts": []
    },
    {
      "id": "w-846442-9310015246876",
      "name": "Nobby's Loaded Buffalo Wings Buffalo Wings",
      "brand": "Nobby's",
      "imageUrls": "https://cdn0.woolworths.media/content/wowproductimages/large/846442.jpg",
      "storeId": "woolworths",
      "packageSize": "110g",
      "cupPrice": "$2.27 / 100G",
      "locations": {
        "ALL": {
          "price": 2.5,
          "discountRate": 29,
          "promo": "",
          "orgPrice": 3.5
        }
      },
      "categoryIds": ["w-pantry"],
      "similarProducts": []
    },
    {
      "id": "w-95891-9310015332036",
      "name": "Nobby's Mixed Nuts",
      "brand": "Nobby's",
      "imageUrls": "https://cdn0.woolworths.media/content/wowproductimages/large/095891.jpg",
      "storeId": "woolworths",
      "packageSize": "375g",
      "cupPrice": "$13.33 / 1KG",
      "locations": {
        "ALL": {
          "price": 5,
          "discountRate": 25,
          "promo": "",
          "orgPrice": 6.65
        }
      },
      "categoryIds": ["w-pantry"],
      "similarProducts": []
    },
    {
      "id": "w-462428-9310015243202",
      "name": "Nobby's Peanuts Salt & Vinegar",
      "brand": "Nobby's",
      "imageUrls": "https://cdn0.woolworths.media/content/wowproductimages/large/462428.jpg",
      "storeId": "woolworths",
      "packageSize": "350g",
      "cupPrice": "$8.57 / 1KG",
      "locations": {
        "ALL": {
          "price": 3,
          "discountRate": 14,
          "promo": "",
          "orgPrice": 3.5
        }
      },
      "categoryIds": ["w-pantry"],
      "similarProducts": []
    },
    {
      "id": "w-95889-9310015330056",
      "name": "Nobby's Peanuts Salted",
      "brand": "Nobby's",
      "imageUrls": "https://cdn0.woolworths.media/content/wowproductimages/large/095889.jpg",
      "storeId": "woolworths",
      "packageSize": "375g",
      "cupPrice": "$8.00 / 1KG",
      "locations": {
        "ALL": {
          "price": 3,
          "discountRate": 14,
          "promo": "",
          "orgPrice": 3.5
        }
      },
      "categoryIds": ["w-pantry"],
      "similarProducts": []
    },
    {
      "id": "w-96010-9312016005810",
      "name": "Noya Abc Almond Brazil & Cashew Butter",
      "brand": "Noya",
      "imageUrls": "https://cdn0.woolworths.media/content/wowproductimages/large/096010.jpg",
      "storeId": "woolworths",
      "packageSize": "250g",
      "cupPrice": "$1.70 / 100G",
      "locations": {
        "ALL": {
          "price": 4.25,
          "discountRate": 50,
          "promo": "",
          "orgPrice": 8.5
        }
      },
      "categoryIds": ["w-pantry"],
      "similarProducts": []
    },
    {
      "id": "w-96804-9312016005827",
      "name": "Noya Almond Nut Butter",
      "brand": "Noya",
      "imageUrls": "https://cdn0.woolworths.media/content/wowproductimages/large/096804.jpg",
      "storeId": "woolworths",
      "packageSize": "250g",
      "cupPrice": "$1.70 / 100G",
      "locations": {
        "ALL": {
          "price": 4.25,
          "discountRate": 50,
          "promo": "",
          "orgPrice": 8.5
        }
      },
      "categoryIds": ["w-pantry"],
      "similarProducts": []
    },
    {
      "id": "w-96906-9312016005780",
      "name": "Noya Cashew Nut Butter",
      "brand": "Noya",
      "imageUrls": "https://cdn0.woolworths.media/content/wowproductimages/large/096906.jpg",
      "storeId": "woolworths",
      "packageSize": "250g",
      "cupPrice": "$1.70 / 100G",
      "locations": {
        "ALL": {
          "price": 4.25,
          "discountRate": 50,
          "promo": "",
          "orgPrice": 8.5
        }
      },
      "categoryIds": ["w-pantry"],
      "similarProducts": []
    },
    {
      "id": "w-97204-9312016034049",
      "name": "Noya Hazelnut & Cashew Butter",
      "brand": "Noya",
      "imageUrls": "https://cdn0.woolworths.media/content/wowproductimages/large/097204.jpg",
      "storeId": "woolworths",
      "packageSize": "200g",
      "cupPrice": "$2.13 / 100G",
      "locations": {
        "ALL": {
          "price": 4.25,
          "discountRate": 50,
          "promo": "",
          "orgPrice": 8.5
        }
      },
      "categoryIds": ["w-pantry"],
      "similarProducts": []
    },
    {
      "id": "w-96905-9312016034056",
      "name": "Noya Macadamia & Cashew Butter",
      "brand": "Noya",
      "imageUrls": "https://cdn0.woolworths.media/content/wowproductimages/large/096905.jpg",
      "storeId": "woolworths",
      "packageSize": "200g",
      "cupPrice": "$3.00 / 100G",
      "locations": {
        "ALL": { "price": 6, "discountRate": 50, "promo": "", "orgPrice": 12 }
      },
      "categoryIds": ["w-pantry"],
      "similarProducts": []
    },
    {
      "id": "w-187099-9300698000643",
      "name": "Nutella Hazelnut Spread",
      "brand": "Nutella",
      "imageUrls": "https://cdn0.woolworths.media/content/wowproductimages/large/187099.jpg",
      "storeId": "woolworths",
      "packageSize": "220g",
      "cupPrice": "$1.36 / 100G",
      "locations": {
        "ALL": {
          "price": 3,
          "discountRate": 19,
          "promo": "",
          "orgPrice": 3.7
        }
      },
      "categoryIds": ["w-pantry", "w-lunch-box"],
      "similarProducts": []
    },
    {
      "id": "w-62297-9340784002847",
      "name": "Nutty Bruce Peanut Caramel Butter Bar",
      "brand": "Nutty Bruce",
      "imageUrls": "https://cdn0.woolworths.media/content/wowproductimages/large/062297.jpg",
      "storeId": "woolworths",
      "packageSize": "50g",
      "cupPrice": "$4.00 / 100G",
      "locations": {
        "ALL": { "price": 2, "discountRate": 33, "promo": "", "orgPrice": 3 }
      },
      "categoryIds": ["w-pantry"],
      "similarProducts": []
    },
    {
      "id": "w-60396-9340784002823",
      "name": "Nutty Bruce Peanut Choc Nut Butter Bar",
      "brand": "Nutty Bruce",
      "imageUrls": "https://cdn0.woolworths.media/content/wowproductimages/large/060396.jpg",
      "storeId": "woolworths",
      "packageSize": "50g",
      "cupPrice": "$4.00 / 100G",
      "locations": {
        "ALL": { "price": 2, "discountRate": 33, "promo": "", "orgPrice": 3 }
      },
      "categoryIds": ["w-pantry"],
      "similarProducts": []
    },
    {
      "id": "w-626939-9310432390022",
      "name": "Obap Sweet Potato Noodles",
      "brand": "Obap",
      "imageUrls": "https://cdn0.woolworths.media/content/wowproductimages/large/626939.jpg",
      "storeId": "woolworths",
      "packageSize": "100g",
      "cupPrice": "$1.70 / 100G",
      "locations": {
        "ALL": {
          "price": 1.7,
          "discountRate": 15,
          "promo": "",
          "orgPrice": 2
        }
      },
      "categoryIds": ["w-pantry"],
      "similarProducts": [
        { "productId": "sempio-sweet-potato-noodles", "storeId": "coles" }
      ]
    },
    {
      "id": "w-790391-9310432001270",
      "name": "Obento Japanese Cooking Sake",
      "brand": "Obento",
      "imageUrls": "https://cdn0.woolworths.media/content/wowproductimages/large/790391.jpg",
      "storeId": "woolworths",
      "packageSize": "250ml",
      "cupPrice": "$1.12 / 100ML",
      "locations": {
        "ALL": {
          "price": 2.8,
          "discountRate": 15,
          "promo": "",
          "orgPrice": 3.3
        }
      },
      "categoryIds": ["w-pantry"],
      "similarProducts": []
    },
    {
      "id": "w-345113-9310432003564",
      "name": "Obento Japanese Noodles Ramen",
      "brand": "Obento",
      "imageUrls": "https://cdn0.woolworths.media/content/wowproductimages/large/345113.jpg",
      "storeId": "woolworths",
      "packageSize": "150g",
      "cupPrice": "$0.80 / 100G",
      "locations": {
        "ALL": {
          "price": 1.2,
          "discountRate": 14,
          "promo": "",
          "orgPrice": 1.4
        }
      },
      "categoryIds": ["w-pantry"],
      "similarProducts": []
    },
    {
      "id": "w-263251-9310432001423",
      "name": "Obento Japanese Noodles Udon",
      "brand": "Obento",
      "imageUrls": "https://cdn0.woolworths.media/content/wowproductimages/large/263251.jpg",
      "storeId": "woolworths",
      "packageSize": "200g",
      "cupPrice": "$0.60 / 100G",
      "locations": {
        "ALL": {
          "price": 1.2,
          "discountRate": 14,
          "promo": "",
          "orgPrice": 1.4
        }
      },
      "categoryIds": ["w-pantry"],
      "similarProducts": []
    },
    {
      "id": "w-229400-9310432400059",
      "name": "Obento Japanese Rice Wine Vinegar",
      "brand": "Obento",
      "imageUrls": "https://cdn0.woolworths.media/content/wowproductimages/large/229400.jpg",
      "storeId": "woolworths",
      "packageSize": "250ml",
      "cupPrice": "$0.80 / 100ML",
      "locations": {
        "ALL": {
          "price": 2,
          "discountRate": 13,
          "promo": "",
          "orgPrice": 2.3
        }
      },
      "categoryIds": ["w-pantry"],
      "similarProducts": []
    },
    {
      "id": "w-263255-9310432001614",
      "name": "Obento Japanese Seasoning Sushi",
      "brand": "Obento",
      "imageUrls": "https://cdn0.woolworths.media/content/wowproductimages/large/263255.jpg",
      "storeId": "woolworths",
      "packageSize": "250ml",
      "cupPrice": "$1.12 / 100ML",
      "locations": {
        "ALL": {
          "price": 2.8,
          "discountRate": 15,
          "promo": "",
          "orgPrice": 3.3
        }
      },
      "categoryIds": ["w-pantry"],
      "similarProducts": []
    },
    {
      "id": "w-481200-9310432330028",
      "name": "Obento Marinade Teriyaki",
      "brand": "Obento",
      "imageUrls": "https://cdn0.woolworths.media/content/wowproductimages/large/481200.jpg",
      "storeId": "woolworths",
      "packageSize": "250ml",
      "cupPrice": "$1.04 / 100ML",
      "locations": {
        "ALL": {
          "price": 2.6,
          "discountRate": 13,
          "promo": "",
          "orgPrice": 3
        }
      },
      "categoryIds": ["w-pantry"],
      "similarProducts": []
    },
    {
      "id": "w-626973-9310432420170",
      "name": "Obento Ponzu Sauce",
      "brand": "Obento",
      "imageUrls": "https://cdn0.woolworths.media/content/wowproductimages/large/626973.jpg",
      "storeId": "woolworths",
      "packageSize": "250ml",
      "cupPrice": "$0.88 / 100ML",
      "locations": {
        "ALL": {
          "price": 2.2,
          "discountRate": 27,
          "promo": "",
          "orgPrice": 3
        }
      },
      "categoryIds": ["w-pantry"],
      "similarProducts": []
    },
    {
      "id": "w-626956-9310432420156",
      "name": "Obento Tonkatsu Sauce",
      "brand": "Obento",
      "imageUrls": "https://cdn0.woolworths.media/content/wowproductimages/large/626956.jpg",
      "storeId": "woolworths",
      "packageSize": "250ml",
      "cupPrice": "$0.88 / 100ML",
      "locations": {
        "ALL": {
          "price": 2.2,
          "discountRate": 27,
          "promo": "",
          "orgPrice": 3
        }
      },
      "categoryIds": ["w-pantry"],
      "similarProducts": []
    },
    {
      "id": "w-627748-9310432420163",
      "name": "Obento Yakitori Sauce",
      "brand": "Obento",
      "imageUrls": "https://cdn0.woolworths.media/content/wowproductimages/large/627748.jpg",
      "storeId": "woolworths",
      "packageSize": "250ml",
      "cupPrice": "$0.88 / 100ML",
      "locations": {
        "ALL": {
          "price": 2.2,
          "discountRate": 27,
          "promo": "",
          "orgPrice": 3
        }
      },
      "categoryIds": ["w-pantry"],
      "similarProducts": []
    },
    {
      "id": "w-717762-9310432390107",
      "name": "Obento Japanese Sushi & Sashimi Soy Sauce",
      "brand": "Obento",
      "imageUrls": "https://cdn0.woolworths.media/content/wowproductimages/large/717762.jpg",
      "storeId": "woolworths",
      "packageSize": "250ml",
      "cupPrice": "$1.00 / 100ML",
      "locations": {
        "ALL": {
          "price": 2.5,
          "discountRate": 17,
          "promo": "",
          "orgPrice": 3
        }
      },
      "categoryIds": ["w-pantry"],
      "similarProducts": []
    },
    {
      "id": "w-456578-31200205780",
      "name": "Ocean Spray Craisins Reduced Sugar",
      "brand": "Ocean Spray",
      "imageUrls": "https://cdn0.woolworths.media/content/wowproductimages/large/456578.jpg",
      "storeId": "woolworths",
      "packageSize": "150g",
      "cupPrice": "$20.00 / 1KG",
      "locations": {
        "ALL": { "price": 3, "discountRate": 25, "promo": "", "orgPrice": 4 }
      },
      "categoryIds": ["w-pantry"],
      "similarProducts": []
    },
    {
      "id": "w-95093-9331200001292",
      "name": "Ocean Spray Craisins Dried Cranberries",
      "brand": "Ocean Spray",
      "imageUrls": "https://cdn0.woolworths.media/content/wowproductimages/large/095093.jpg",
      "storeId": "woolworths",
      "packageSize": "170g",
      "cupPrice": "$17.65 / 1KG",
      "locations": {
        "ALL": { "price": 3, "discountRate": 25, "promo": "", "orgPrice": 4 }
      },
      "categoryIds": ["w-pantry"],
      "similarProducts": []
    },
    {
      "id": "w-59305-31200015785",
      "name": "Ocean Spray Craisins Dried Cranberries Infused With Blueberry Juice",
      "brand": "Ocean Spray",
      "imageUrls": "https://cdn0.woolworths.media/content/wowproductimages/large/059305.jpg",
      "storeId": "woolworths",
      "packageSize": "150g",
      "cupPrice": "$20.00 / 1KG",
      "locations": {
        "ALL": { "price": 3, "discountRate": 25, "promo": "", "orgPrice": 4 }
      },
      "categoryIds": ["w-pantry"],
      "similarProducts": []
    },
    {
      "id": "w-683029-8809041427386",
      "name": "Okf Aloe Vera Drink",
      "brand": "Okf",
      "imageUrls": "https://cdn0.woolworths.media/content/wowproductimages/large/683029.jpg",
      "storeId": "woolworths",
      "packageSize": "1.5l",
      "cupPrice": "$0.30 / 100ML",
      "locations": {
        "ALL": {
          "price": 4.5,
          "discountRate": 10,
          "promo": "",
          "orgPrice": 5
        }
      },
      "categoryIds": ["w-pantry"],
      "similarProducts": []
    },
    {
      "id": "w-683005-8809041428062",
      "name": "Okf Aloe Vera Pomegranate Drink",
      "brand": "Okf",
      "imageUrls": "https://cdn0.woolworths.media/content/wowproductimages/large/683005.jpg",
      "storeId": "woolworths",
      "packageSize": "1.5l",
      "cupPrice": "$0.30 / 100ML",
      "locations": {
        "ALL": {
          "price": 4.5,
          "discountRate": 10,
          "promo": "",
          "orgPrice": 5
        }
      },
      "categoryIds": ["w-pantry"],
      "similarProducts": []
    },
    {
      "id": "w-51652-9300695001896",
      "name": "Old El Paso Chunky Tomato Salsa Dip Hot",
      "brand": "Old El Paso",
      "imageUrls": "https://cdn0.woolworths.media/content/wowproductimages/large/051652.jpg",
      "storeId": "woolworths",
      "packageSize": "300g",
      "cupPrice": "$0.67 / 100G",
      "locations": {
        "ALL": {
          "price": 2,
          "discountRate": 22,
          "promo": "",
          "orgPrice": 2.55
        }
      },
      "categoryIds": ["w-pantry"],
      "similarProducts": []
    },
    {
      "id": "w-248679-9300695004279",
      "name": "Old El Paso Fajita Spice Mix",
      "brand": "Old El Paso",
      "imageUrls": "https://cdn0.woolworths.media/content/wowproductimages/large/248679.jpg",
      "storeId": "woolworths",
      "packageSize": "40g",
      "cupPrice": "$4.50 / 100G",
      "locations": {
        "ALL": {
          "price": 1.8,
          "discountRate": 10,
          "promo": "",
          "orgPrice": 2
        }
      },
      "categoryIds": ["w-pantry"],
      "similarProducts": []
    },
    {
      "id": "w-680471-8410076474018",
      "name": "Old El Paso Gluten Free Tortilla",
      "brand": "Old El Paso",
      "imageUrls": "https://cdn0.woolworths.media/content/wowproductimages/large/680471.jpg",
      "storeId": "woolworths",
      "packageSize": "216g",
      "cupPrice": "$1.85 / 100G",
      "locations": {
        "ALL": {
          "price": 4,
          "discountRate": 10,
          "promo": "",
          "orgPrice": 4.45
        }
      },
      "categoryIds": ["w-pantry"],
      "similarProducts": []
    },
    {
      "id": "w-98778-9300695002329",
      "name": "Old El Paso Mexican Burrito Spice Mix",
      "brand": "Old El Paso",
      "imageUrls": "https://cdn0.woolworths.media/content/wowproductimages/large/098778.jpg",
      "storeId": "woolworths",
      "packageSize": "40g",
      "cupPrice": "$4.50 / 100G",
      "locations": {
        "ALL": {
          "price": 1.8,
          "discountRate": 10,
          "promo": "",
          "orgPrice": 2
        }
      },
      "categoryIds": ["w-pantry"],
      "similarProducts": []
    },
    {
      "id": "w-93445-9300695001308",
      "name": "Old El Paso Mexican Chilli Spice Mix",
      "brand": "Old El Paso",
      "imageUrls": "https://cdn0.woolworths.media/content/wowproductimages/large/093445.jpg",
      "storeId": "woolworths",
      "packageSize": "35g",
      "cupPrice": "$5.14 / 100G",
      "locations": {
        "ALL": {
          "price": 1.8,
          "discountRate": 10,
          "promo": "",
          "orgPrice": 2
        }
      },
      "categoryIds": ["w-pantry"],
      "similarProducts": []
    },
    {
      "id": "w-93444-9300695001285",
      "name": "Old El Paso Mexican Taco Spice Mix",
      "brand": "Old El Paso",
      "imageUrls": "https://cdn0.woolworths.media/content/wowproductimages/large/093444.jpg",
      "storeId": "woolworths",
      "packageSize": "30g",
      "cupPrice": "$6.00 / 100G",
      "locations": {
        "ALL": {
          "price": 1.8,
          "discountRate": 10,
          "promo": "",
          "orgPrice": 2
        }
      },
      "categoryIds": ["w-pantry"],
      "similarProducts": []
    },
    {
      "id": "w-65086-9300695001629",
      "name": "Old El Paso Mexican Chunky Tomato Salsa Dip Mild",
      "brand": "Old El Paso",
      "imageUrls": "https://cdn0.woolworths.media/content/wowproductimages/large/065086.jpg",
      "storeId": "woolworths",
      "packageSize": "300g",
      "cupPrice": "$0.67 / 100G",
      "locations": {
        "ALL": {
          "price": 2,
          "discountRate": 22,
          "promo": "",
          "orgPrice": 2.55
        }
      },
      "categoryIds": ["w-pantry"],
      "similarProducts": []
    },
    {
      "id": "w-362697-9300695005252",
      "name": "Old El Paso Mexican Crispy Chicken Spice Mix",
      "brand": "Old El Paso",
      "imageUrls": "https://cdn0.woolworths.media/content/wowproductimages/large/362697.jpg",
      "storeId": "woolworths",
      "packageSize": "35g",
      "cupPrice": "$5.14 / 100G",
      "locations": {
        "ALL": {
          "price": 1.8,
          "discountRate": 10,
          "promo": "",
          "orgPrice": 2
        }
      },
      "categoryIds": ["w-pantry"],
      "similarProducts": []
    },
    {
      "id": "w-379648-9300695005450",
      "name": "Old El Paso Mexican Guacamole Spice Mix",
      "brand": "Old El Paso",
      "imageUrls": "https://cdn0.woolworths.media/content/wowproductimages/large/379648.jpg",
      "storeId": "woolworths",
      "packageSize": "30g",
      "cupPrice": "$6.00 / 100G",
      "locations": {
        "ALL": {
          "price": 1.8,
          "discountRate": 10,
          "promo": "",
          "orgPrice": 2
        }
      },
      "categoryIds": ["w-pantry"],
      "similarProducts": []
    },
    {
      "id": "w-248677-9300695004378",
      "name": "Old El Paso Mexican Mini Tortillas",
      "brand": "Old El Paso",
      "imageUrls": "https://cdn0.woolworths.media/content/wowproductimages/large/248677.jpg",
      "storeId": "woolworths",
      "packageSize": "10 pack",
      "cupPrice": "$1.20 / 100G",
      "locations": {
        "ALL": {
          "price": 3,
          "discountRate": 19,
          "promo": "",
          "orgPrice": 3.7
        }
      },
      "categoryIds": ["w-pantry"],
      "similarProducts": []
    },
    {
      "id": "w-65083-9300695001681",
      "name": "Old El Paso Mexican Reduced Salt Taco Spice Mix",
      "brand": "Old El Paso",
      "imageUrls": "https://cdn0.woolworths.media/content/wowproductimages/large/065083.jpg",
      "storeId": "woolworths",
      "packageSize": "30g",
      "cupPrice": "$6.00 / 100G",
      "locations": {
        "ALL": {
          "price": 1.8,
          "discountRate": 10,
          "promo": "",
          "orgPrice": 2
        }
      },
      "categoryIds": ["w-pantry"],
      "similarProducts": []
    },
    {
      "id": "w-88192-9300695008741",
      "name": "Old El Paso Nachos Spice Mix Mild",
      "brand": "Old El Paso",
      "imageUrls": "https://cdn0.woolworths.media/content/wowproductimages/large/088192.jpg",
      "storeId": "woolworths",
      "packageSize": "35g",
      "cupPrice": "$5.14 / 100G",
      "locations": {
        "ALL": {
          "price": 1.8,
          "discountRate": 10,
          "promo": "",
          "orgPrice": 2
        }
      },
      "categoryIds": ["w-pantry"],
      "similarProducts": []
    },
    {
      "id": "w-610175-9300695007508",
      "name": "Old El Paso Seasoning Burrito Reduced Salt",
      "brand": "Old El Paso",
      "imageUrls": "https://cdn0.woolworths.media/content/wowproductimages/large/610175.jpg",
      "storeId": "woolworths",
      "packageSize": "25g",
      "cupPrice": "$7.20 / 100G",
      "locations": {
        "ALL": {
          "price": 1.8,
          "discountRate": 10,
          "promo": "",
          "orgPrice": 2
        }
      },
      "categoryIds": ["w-pantry"],
      "similarProducts": []
    },
    {
      "id": "w-54628-8410076421647",
      "name": "Old El Paso Smoky Chipotle Dip",
      "brand": "Old El Paso",
      "imageUrls": "https://cdn0.woolworths.media/content/wowproductimages/large/054628.jpg",
      "storeId": "woolworths",
      "packageSize": "312g",
      "cupPrice": "$0.84 / 100G",
      "locations": {
        "ALL": {
          "price": 2.63,
          "discountRate": 20,
          "promo": "",
          "orgPrice": 3.3
        }
      },
      "categoryIds": ["w-pantry"],
      "similarProducts": []
    },
    {
      "id": "w-514871-8410076482167",
      "name": "Old El Paso Stand 'n Stuff Taco Shells",
      "brand": "Old El Paso",
      "imageUrls": "https://cdn0.woolworths.media/content/wowproductimages/large/514871.jpg",
      "storeId": "woolworths",
      "packageSize": "10pk 160g",
      "cupPrice": "$2.19 / 100G",
      "locations": {
        "ALL": {
          "price": 3.5,
          "discountRate": 13,
          "promo": "",
          "orgPrice": 4
        }
      },
      "categoryIds": ["w-pantry"],
      "similarProducts": []
    },
    {
      "id": "w-787275-8410076472137",
      "name": "Old El Paso Stand 'n Stuff Tortilla",
      "brand": "Old El Paso",
      "imageUrls": "https://cdn0.woolworths.media/content/wowproductimages/large/787275.jpg",
      "storeId": "woolworths",
      "packageSize": "8 pack",
      "cupPrice": "$1.87 / 100G",
      "locations": {
        "ALL": {
          "price": 3.6,
          "discountRate": 20,
          "promo": "",
          "orgPrice": 4.5
        }
      },
      "categoryIds": ["w-pantry"],
      "similarProducts": []
    },
    {
      "id": "w-683027-9349571000608",
      "name": "Olina's Gluten Free Cranberry Pumpkin Cracker",
      "brand": "Olina's",
      "imageUrls": "https://cdn0.woolworths.media/content/wowproductimages/large/683027.jpg",
      "storeId": "woolworths",
      "packageSize": "100g",
      "cupPrice": "$4.50 / 100G",
      "locations": {
        "ALL": {
          "price": 4.5,
          "discountRate": 10,
          "promo": "",
          "orgPrice": 5
        }
      },
      "categoryIds": ["w-pantry"],
      "similarProducts": []
    },
    {
      "id": "w-683003-9349571000615",
      "name": "Olina's Gluten Free Sunflower Seed & Fig Cracker",
      "brand": "Olina's",
      "imageUrls": "https://cdn0.woolworths.media/content/wowproductimages/large/683003.jpg",
      "storeId": "woolworths",
      "packageSize": "100g",
      "cupPrice": "$4.50 / 100G",
      "locations": {
        "ALL": {
          "price": 4.5,
          "discountRate": 10,
          "promo": "",
          "orgPrice": 5
        }
      },
      "categoryIds": ["w-pantry"],
      "similarProducts": []
    },
    {
      "id": "w-60148-9349571000493",
      "name": "Olina's Parmesan & Onion Crackers",
      "brand": "Olina's",
      "imageUrls": "https://cdn0.woolworths.media/content/wowproductimages/large/060148.jpg",
      "storeId": "woolworths",
      "packageSize": "90g",
      "cupPrice": "$3.89 / 100G",
      "locations": {
        "ALL": {
          "price": 3.5,
          "discountRate": 13,
          "promo": "",
          "orgPrice": 4
        }
      },
      "categoryIds": ["w-pantry"],
      "similarProducts": []
    },
    {
      "id": "w-60162-9349571000479",
      "name": "Olina's Sundried Tomato & Basil Crackers",
      "brand": "Olina's",
      "imageUrls": "https://cdn0.woolworths.media/content/wowproductimages/large/060162.jpg",
      "storeId": "woolworths",
      "packageSize": "90g",
      "cupPrice": "$3.89 / 100G",
      "locations": {
        "ALL": {
          "price": 3.5,
          "discountRate": 13,
          "promo": "",
          "orgPrice": 4
        }
      },
      "categoryIds": ["w-pantry"],
      "similarProducts": []
    },
    {
      "id": "w-60163-9349571000486",
      "name": "Olina's Sundried Tomato & Olive Crackers",
      "brand": "Olina's",
      "imageUrls": "https://cdn0.woolworths.media/content/wowproductimages/large/060163.jpg",
      "storeId": "woolworths",
      "packageSize": "90g",
      "cupPrice": "$3.89 / 100G",
      "locations": {
        "ALL": {
          "price": 3.5,
          "discountRate": 13,
          "promo": "",
          "orgPrice": 4
        }
      },
      "categoryIds": ["w-pantry"],
      "similarProducts": []
    },
    {
      "id": "w-693175-9300650028807",
      "name": "Oreo Cadbury Coated Mint Cookies",
      "brand": "Oreo",
      "imageUrls": "https://cdn0.woolworths.media/content/wowproductimages/large/693175.jpg",
      "storeId": "woolworths",
      "packageSize": "2 pack",
      "cupPrice": "$1.47 / 100G",
      "locations": {
        "ALL": {
          "price": 3,
          "discountRate": 21,
          "promo": "",
          "orgPrice": 3.8
        }
      },
      "categoryIds": ["w-pantry"],
      "similarProducts": []
    },
    {
      "id": "w-637695-9300650027176",
      "name": "Oreo Chocolate Coated",
      "brand": "Oreo",
      "imageUrls": "https://cdn0.woolworths.media/content/wowproductimages/large/637695.jpg",
      "storeId": "woolworths",
      "packageSize": "204g",
      "cupPrice": "$1.47 / 100G",
      "locations": {
        "ALL": {
          "price": 3,
          "discountRate": 21,
          "promo": "",
          "orgPrice": 3.8
        }
      },
      "categoryIds": ["w-pantry"],
      "similarProducts": []
    },
    {
      "id": "w-38324-9310034001364",
      "name": "Oreo Coat Triple Chocolate",
      "brand": "Oreo",
      "imageUrls": "https://cdn0.woolworths.media/content/wowproductimages/large/038324.jpg",
      "storeId": "woolworths",
      "packageSize": "204g",
      "cupPrice": "$1.47 / 100G",
      "locations": {
        "ALL": {
          "price": 3,
          "discountRate": 21,
          "promo": "",
          "orgPrice": 3.8
        }
      },
      "categoryIds": ["w-pantry"],
      "similarProducts": []
    },
    {
      "id": "w-72138-9300650450257",
      "name": "Oreo Cookie Choc Split",
      "brand": "Oreo",
      "imageUrls": "https://cdn0.woolworths.media/content/wowproductimages/large/072138.jpg",
      "storeId": "woolworths",
      "packageSize": "133g",
      "cupPrice": "$1.13 / 100G",
      "locations": {
        "ALL": {
          "price": 1.5,
          "discountRate": 25,
          "promo": "",
          "orgPrice": 2
        }
      },
      "categoryIds": ["w-pantry"],
      "similarProducts": []
    },
    {
      "id": "w-72212-9300650450516",
      "name": "Oreo Cookie Chocolate",
      "brand": "Oreo",
      "imageUrls": "https://cdn0.woolworths.media/content/wowproductimages/large/072212.jpg",
      "storeId": "woolworths",
      "packageSize": "133g",
      "cupPrice": "$1.13 / 100G",
      "locations": {
        "ALL": {
          "price": 1.5,
          "discountRate": 25,
          "promo": "",
          "orgPrice": 2
        }
      },
      "categoryIds": ["w-pantry"],
      "similarProducts": []
    },
    {
      "id": "w-72222-9300650450639",
      "name": "Oreo Cookie Golden",
      "brand": "Oreo",
      "imageUrls": "https://cdn0.woolworths.media/content/wowproductimages/large/072222.jpg",
      "storeId": "woolworths",
      "packageSize": "133g",
      "cupPrice": "$1.13 / 100G",
      "locations": {
        "ALL": {
          "price": 1.5,
          "discountRate": 25,
          "promo": "",
          "orgPrice": 2
        }
      },
      "categoryIds": ["w-pantry"],
      "similarProducts": []
    },
    {
      "id": "w-72136-9300650450363",
      "name": "Oreo Cookie Original",
      "brand": "Oreo",
      "imageUrls": "https://cdn0.woolworths.media/content/wowproductimages/large/072136.jpg",
      "storeId": "woolworths",
      "packageSize": "133g",
      "cupPrice": "$1.13 / 100G",
      "locations": {
        "ALL": {
          "price": 1.5,
          "discountRate": 25,
          "promo": "",
          "orgPrice": 2
        }
      },
      "categoryIds": ["w-pantry"],
      "similarProducts": []
    },
    {
      "id": "w-72140-9310034001487",
      "name": "Oreo Cookie Red Velvet",
      "brand": "Oreo",
      "imageUrls": "https://cdn0.woolworths.media/content/wowproductimages/large/072140.jpg",
      "storeId": "woolworths",
      "packageSize": "133g",
      "cupPrice": "$1.13 / 100G",
      "locations": {
        "ALL": {
          "price": 1.5,
          "discountRate": 25,
          "promo": "",
          "orgPrice": 2
        }
      },
      "categoryIds": ["w-pantry"],
      "similarProducts": []
    },
    {
      "id": "w-72139-9300650450271",
      "name": "Oreo Cookie Strawberry",
      "brand": "Oreo",
      "imageUrls": "https://cdn0.woolworths.media/content/wowproductimages/large/072139.jpg",
      "storeId": "woolworths",
      "packageSize": "133g",
      "cupPrice": "$1.13 / 100G",
      "locations": {
        "ALL": {
          "price": 1.5,
          "discountRate": 25,
          "promo": "",
          "orgPrice": 2
        }
      },
      "categoryIds": ["w-pantry"],
      "similarProducts": []
    },
    {
      "id": "w-104444-9300650450615",
      "name": "Oreo Double Stuff Cookie",
      "brand": "Oreo",
      "imageUrls": "https://cdn0.woolworths.media/content/wowproductimages/large/104444.jpg",
      "storeId": "woolworths",
      "packageSize": "147g",
      "cupPrice": "$1.02 / 100G",
      "locations": {
        "ALL": {
          "price": 1.5,
          "discountRate": 25,
          "promo": "",
          "orgPrice": 2
        }
      },
      "categoryIds": ["w-pantry"],
      "similarProducts": []
    },
    {
      "id": "w-72699-9300650450479",
      "name": "Oreo Grab & Go Original",
      "brand": "Oreo",
      "imageUrls": "https://cdn0.woolworths.media/content/wowproductimages/large/072699.jpg",
      "storeId": "woolworths",
      "packageSize": "9 pack",
      "cupPrice": "$1.17 / 100G",
      "locations": {
        "ALL": {
          "price": 3,
          "discountRate": 24,
          "promo": "",
          "orgPrice": 3.95
        }
      },
      "categoryIds": ["w-pantry"],
      "similarProducts": []
    },
    {
      "id": "w-104372-9300650450318",
      "name": "Oreo Salted Caramel Cookie",
      "brand": "Oreo",
      "imageUrls": "https://cdn0.woolworths.media/content/wowproductimages/large/104372.jpg",
      "storeId": "woolworths",
      "packageSize": "133g",
      "cupPrice": "$1.13 / 100G",
      "locations": {
        "ALL": {
          "price": 1.5,
          "discountRate": 25,
          "promo": "",
          "orgPrice": 2
        }
      },
      "categoryIds": ["w-pantry"],
      "similarProducts": []
    },
    {
      "id": "w-819744-9310034001197",
      "name": "Oreo Wafer Bites Vanilla",
      "brand": "Oreo",
      "imageUrls": "https://cdn0.woolworths.media/content/wowproductimages/large/819744.jpg",
      "storeId": "woolworths",
      "packageSize": "47g",
      "cupPrice": "$1.60 / 100G",
      "locations": {
        "ALL": {
          "price": 0.75,
          "discountRate": 50,
          "promo": "",
          "orgPrice": 1.5
        }
      },
      "categoryIds": ["w-pantry"],
      "similarProducts": []
    },
    {
      "id": "w-729836-7622300754372",
      "name": "Oreo Wafers Biscuit",
      "brand": "Oreo",
      "imageUrls": "https://cdn0.woolworths.media/content/wowproductimages/large/729836.jpg",
      "storeId": "woolworths",
      "packageSize": "10 pack",
      "cupPrice": "$1.41 / 100G",
      "locations": {
        "ALL": {
          "price": 1.8,
          "discountRate": 25,
          "promo": "",
          "orgPrice": 2.4
        }
      },
      "categoryIds": ["w-pantry", "w-lunch-box"],
      "similarProducts": []
    },
    {
      "id": "w-466175-720516024023",
      "name": "Orgran Premium Breadcrumbs",
      "brand": "Orgran",
      "imageUrls": "https://cdn0.woolworths.media/content/wowproductimages/large/466175.jpg",
      "storeId": "woolworths",
      "packageSize": "300g",
      "cupPrice": "$1.17 / 100G",
      "locations": {
        "ALL": {
          "price": 3.5,
          "discountRate": 20,
          "promo": "",
          "orgPrice": 4.35
        }
      },
      "categoryIds": ["w-pantry"],
      "similarProducts": []
    },
    {
      "id": "w-682514-8801045129426",
      "name": "Ottogi Korean Bbq Bulgogi",
      "brand": "Ottogi",
      "imageUrls": "https://cdn0.woolworths.media/content/wowproductimages/large/682514.jpg",
      "storeId": "woolworths",
      "packageSize": "240g",
      "cupPrice": "$1.17 / 100G",
      "locations": {
        "ALL": {
          "price": 2.8,
          "discountRate": 20,
          "promo": "",
          "orgPrice": 3.5
        }
      },
      "categoryIds": ["w-pantry"],
      "similarProducts": []
    },
    {
      "id": "w-682522-8801045129525",
      "name": "Ottogi Korean Bbq Kalbi Sauce & Marinade",
      "brand": "Ottogi",
      "imageUrls": "https://cdn0.woolworths.media/content/wowproductimages/large/682522.jpg",
      "storeId": "woolworths",
      "packageSize": "240g",
      "cupPrice": "$1.17 / 100G",
      "locations": {
        "ALL": {
          "price": 2.8,
          "discountRate": 20,
          "promo": "",
          "orgPrice": 3.5
        }
      },
      "categoryIds": ["w-pantry"],
      "similarProducts": []
    },
    {
      "id": "w-78083-7612100120606",
      "name": "Ovaltine Ovalteenies",
      "brand": "Ovaltine",
      "imageUrls": "https://cdn0.woolworths.media/content/wowproductimages/large/078083.jpg",
      "storeId": "woolworths",
      "packageSize": "135g pack",
      "cupPrice": "$2.22 / 100G",
      "locations": {
        "ALL": { "price": 3, "discountRate": 25, "promo": "", "orgPrice": 4 }
      },
      "categoryIds": ["w-pantry"],
      "similarProducts": []
    },
    {
      "id": "w-363085-9316454000031",
      "name": "Oxfam Fair Organic Fair Trade Ground Africa Blend Coffee",
      "brand": "Oxfam Fair",
      "imageUrls": "https://cdn0.woolworths.media/content/wowproductimages/large/363085_1.jpg",
      "storeId": "woolworths",
      "packageSize": "250g",
      "cupPrice": "$2.80 / 100G",
      "locations": {
        "ALL": { "price": 7, "discountRate": 22, "promo": "", "orgPrice": 9 }
      },
      "categoryIds": ["w-pantry", "w-drinks"],
      "similarProducts": []
    },
    {
      "id": "w-363082-9316454000000",
      "name": "Oxfam Fair Organic Fair Trade Ground World Blend Coffee",
      "brand": "Oxfam Fair",
      "imageUrls": "https://cdn0.woolworths.media/content/wowproductimages/large/363082.jpg",
      "storeId": "woolworths",
      "packageSize": "250g",
      "cupPrice": "$2.80 / 100G",
      "locations": {
        "ALL": { "price": 7, "discountRate": 22, "promo": "", "orgPrice": 9 }
      },
      "categoryIds": ["w-pantry", "w-drinks"],
      "similarProducts": []
    },
    {
      "id": "w-742407-9337944000331",
      "name": "Ozesauce Tomato Sauce",
      "brand": "Ozesauce",
      "imageUrls": "https://cdn0.woolworths.media/content/wowproductimages/large/742407.jpg",
      "storeId": "woolworths",
      "packageSize": "500ml",
      "cupPrice": "$0.50 / 100ML",
      "locations": {
        "ALL": {
          "price": 2.5,
          "discountRate": 17,
          "promo": "",
          "orgPrice": 3
        }
      },
      "categoryIds": ["w-pantry"],
      "similarProducts": []
    },
    {
      "id": "w-12643-9311257200121",
      "name": "Paradise Cottage Cookies Chocolate Chip",
      "brand": "Paradise Cottage",
      "imageUrls": "https://cdn0.woolworths.media/content/wowproductimages/large/012643.jpg",
      "storeId": "woolworths",
      "packageSize": "250g",
      "cupPrice": "$0.88 / 100G",
      "locations": {
        "ALL": {
          "price": 2.2,
          "discountRate": 15,
          "promo": "",
          "orgPrice": 2.6
        }
      },
      "categoryIds": ["w-pantry"],
      "similarProducts": []
    },
    {
      "id": "w-24378-9315908111620",
      "name": "Parker's Pretzels Twists",
      "brand": "Parker's",
      "imageUrls": "https://cdn0.woolworths.media/content/wowproductimages/large/024378.jpg",
      "storeId": "woolworths",
      "packageSize": "200g",
      "cupPrice": "$1.25 / 100G",
      "locations": {
        "ALL": {
          "price": 2.5,
          "discountRate": 30,
          "promo": "",
          "orgPrice": 3.55
        }
      },
      "categoryIds": ["w-pantry"],
      "similarProducts": []
    },
    {
      "id": "w-21463-9300617075608",
      "name": "Pascall Choc Mallows Bites Raspberry",
      "brand": "Pascall",
      "imageUrls": "https://cdn0.woolworths.media/content/wowproductimages/large/021463.jpg",
      "storeId": "woolworths",
      "packageSize": "160g",
      "cupPrice": "$1.25 / 100G",
      "locations": {
        "ALL": { "price": 2, "discountRate": 50, "promo": "", "orgPrice": 4 }
      },
      "categoryIds": ["w-pantry"],
      "similarProducts": []
    },
    {
      "id": "w-21454-9300617075592",
      "name": "Pascall Choc Mallows Bites Vanilla",
      "brand": "Pascall",
      "imageUrls": "https://cdn0.woolworths.media/content/wowproductimages/large/021454.jpg",
      "storeId": "woolworths",
      "packageSize": "160g",
      "cupPrice": "$1.25 / 100G",
      "locations": {
        "ALL": { "price": 2, "discountRate": 50, "promo": "", "orgPrice": 4 }
      },
      "categoryIds": ["w-pantry"],
      "similarProducts": []
    },
    {
      "id": "w-828997-9300617042990",
      "name": "Pascall Jubes",
      "brand": "Pascall",
      "imageUrls": "https://cdn0.woolworths.media/content/wowproductimages/large/828997.jpg",
      "storeId": "woolworths",
      "packageSize": "350g bag",
      "cupPrice": "$0.57 / 100G",
      "locations": {
        "ALL": { "price": 2, "discountRate": 50, "promo": "", "orgPrice": 4 }
      },
      "categoryIds": ["w-pantry"],
      "similarProducts": []
    },
    {
      "id": "w-828996-9300617042976",
      "name": "Pascall Marshmallows Vanilla Raspberry",
      "brand": "Pascall",
      "imageUrls": "https://cdn0.woolworths.media/content/wowproductimages/large/828996.jpg",
      "storeId": "woolworths",
      "packageSize": "280g bag",
      "cupPrice": "$0.71 / 100G",
      "locations": {
        "ALL": { "price": 2, "discountRate": 50, "promo": "", "orgPrice": 4 }
      },
      "categoryIds": ["w-pantry"],
      "similarProducts": []
    },
    {
      "id": "w-828969-9400550005226",
      "name": "Pascall Pineapple Lumps",
      "brand": "Pascall",
      "imageUrls": "https://cdn0.woolworths.media/content/wowproductimages/large/828969.jpg",
      "storeId": "woolworths",
      "packageSize": "185g bag",
      "cupPrice": "$1.08 / 100G",
      "locations": {
        "ALL": { "price": 2, "discountRate": 50, "promo": "", "orgPrice": 4 }
      },
      "categoryIds": ["w-pantry"],
      "similarProducts": []
    },
    {
      "id": "w-256933-5011308012072",
      "name": "Patak's Eggplant Pickle",
      "brand": "Patak's",
      "imageUrls": "https://cdn0.woolworths.media/content/wowproductimages/large/256933.jpg",
      "storeId": "woolworths",
      "packageSize": "312g",
      "cupPrice": "$1.60 / 100G",
      "locations": {
        "ALL": {
          "price": 5,
          "discountRate": 22,
          "promo": "",
          "orgPrice": 6.4
        }
      },
      "categoryIds": ["w-pantry"],
      "similarProducts": []
    },
    {
      "id": "w-87353-5011308000307",
      "name": "Patak's Lime Pickle Lime Medium Pickle",
      "brand": "Patak's",
      "imageUrls": "https://cdn0.woolworths.media/content/wowproductimages/large/087353.jpg",
      "storeId": "woolworths",
      "packageSize": "283g",
      "cupPrice": "$1.77 / 100G",
      "locations": {
        "ALL": {
          "price": 5,
          "discountRate": 22,
          "promo": "",
          "orgPrice": 6.4
        }
      },
      "categoryIds": ["w-pantry"],
      "similarProducts": []
    },
    {
      "id": "w-90486-5011308302982",
      "name": "Patak's Ready To Eat Large Plain Pappadums",
      "brand": "Patak's",
      "imageUrls": "https://cdn0.woolworths.media/content/wowproductimages/large/090486.jpg",
      "storeId": "woolworths",
      "packageSize": "58g",
      "cupPrice": "$5.17 / 100G",
      "locations": {
        "ALL": { "price": 3, "discountRate": 25, "promo": "", "orgPrice": 4 }
      },
      "categoryIds": ["w-pantry"],
      "similarProducts": []
    },
    {
      "id": "w-51671-5011308301848",
      "name": "Patak's Spicy Chicken Oven Bake Bake",
      "brand": "Patak's",
      "imageUrls": "https://cdn0.woolworths.media/content/wowproductimages/large/051671.jpg",
      "storeId": "woolworths",
      "packageSize": "120g",
      "cupPrice": "$1.25 / 100G",
      "locations": {
        "ALL": {
          "price": 1.5,
          "discountRate": 40,
          "promo": "",
          "orgPrice": 2.5
        }
      },
      "categoryIds": ["w-pantry"],
      "similarProducts": []
    },
    {
      "id": "w-846437-5011308301862",
      "name": "Patak's Tandoori Oven Bake Bake Tandoori",
      "brand": "Patak's",
      "imageUrls": "https://cdn0.woolworths.media/content/wowproductimages/large/846437.jpg",
      "storeId": "woolworths",
      "packageSize": "120g",
      "cupPrice": "$1.25 / 100G",
      "locations": {
        "ALL": {
          "price": 1.5,
          "discountRate": 40,
          "promo": "",
          "orgPrice": 2.5
        }
      },
      "categoryIds": ["w-pantry"],
      "similarProducts": []
    },
    {
      "id": "w-310223-6921180820087",
      "name": "Pearl River Bridge Soy Sauce",
      "brand": "Pearl River Bridge",
      "imageUrls": "https://cdn0.woolworths.media/content/wowproductimages/large/310223.jpg",
      "storeId": "woolworths",
      "packageSize": "500ml",
      "cupPrice": "$0.56 / 100ML",
      "locations": {
        "ALL": {
          "price": 2.8,
          "discountRate": 24,
          "promo": "",
          "orgPrice": 3.7
        }
      },
      "categoryIds": ["w-pantry"],
      "similarProducts": []
    },
    {
      "id": "w-435056-3850104284014",
      "name": "Podravka Sandwich Spread Chicken",
      "brand": "Podravka",
      "imageUrls": "https://cdn0.woolworths.media/content/wowproductimages/large/435056.jpg",
      "storeId": "woolworths",
      "packageSize": "100g",
      "cupPrice": "$2.00 / 100G",
      "locations": {
        "ALL": {
          "price": 2,
          "discountRate": 20,
          "promo": "",
          "orgPrice": 2.5
        }
      },
      "categoryIds": ["w-pantry"],
      "similarProducts": []
    },
    {
      "id": "w-710969-9310047209108",
      "name": "Praise Whole Egg Mayonnaise Light",
      "brand": "Praise",
      "imageUrls": "https://cdn0.woolworths.media/content/wowproductimages/large/710969.jpg",
      "storeId": "woolworths",
      "packageSize": "380g",
      "cupPrice": "$1.05 / 100G",
      "locations": {
        "ALL": { "price": 4, "discountRate": 20, "promo": "", "orgPrice": 5 }
      },
      "categoryIds": ["w-pantry"],
      "similarProducts": []
    },
    {
      "id": "w-253433-9310047209092",
      "name": "Praise Whole Egg Mayonnaise Mayonnaise",
      "brand": "Praise",
      "imageUrls": "https://cdn0.woolworths.media/content/wowproductimages/large/253433.jpg",
      "storeId": "woolworths",
      "packageSize": "335g",
      "cupPrice": "$1.19 / 100G",
      "locations": {
        "ALL": { "price": 4, "discountRate": 20, "promo": "", "orgPrice": 5 }
      },
      "categoryIds": ["w-pantry"],
      "similarProducts": []
    },
    {
      "id": "w-749392-9311964001592",
      "name": "Pressed Purity Macadamia Oil",
      "brand": "Pressed Purity",
      "imageUrls": "https://cdn0.woolworths.media/content/wowproductimages/large/749392.jpg",
      "storeId": "woolworths",
      "packageSize": "250ml",
      "cupPrice": "$2.00 / 100ML",
      "locations": {
        "ALL": { "price": 5, "discountRate": 17, "promo": "", "orgPrice": 6 }
      },
      "categoryIds": ["w-pantry"],
      "similarProducts": []
    },
    {
      "id": "w-83501-8886467117039",
      "name": "Pringles Bbq Pulled Beef Flavour Stacked Potato Chips",
      "brand": "Pringles",
      "imageUrls": "https://cdn0.woolworths.media/content/wowproductimages/large/083501.jpg",
      "storeId": "woolworths",
      "packageSize": "134g",
      "cupPrice": "$1.87 / 100G",
      "locations": {
        "ALL": {
          "price": 2.5,
          "discountRate": 38,
          "promo": "",
          "orgPrice": 4
        }
      },
      "categoryIds": ["w-pantry"],
      "similarProducts": []
    },
    {
      "id": "w-83410-8886467117022",
      "name": "Pringles Chicken Satay Flavour Stacked Potato Chips",
      "brand": "Pringles",
      "imageUrls": "https://cdn0.woolworths.media/content/wowproductimages/large/083410.jpg",
      "storeId": "woolworths",
      "packageSize": "134g",
      "cupPrice": "$1.87 / 100G",
      "locations": {
        "ALL": {
          "price": 2.5,
          "discountRate": 38,
          "promo": "",
          "orgPrice": 4
        }
      },
      "categoryIds": ["w-pantry"],
      "similarProducts": []
    },
    {
      "id": "w-479502-8886467103421",
      "name": "Pringles Sour Cream And Onion Chips",
      "brand": "Pringles",
      "imageUrls": "https://cdn0.woolworths.media/content/wowproductimages/large/479502.jpg",
      "storeId": "woolworths",
      "packageSize": "134g",
      "cupPrice": "$1.87 / 100G",
      "locations": {
        "ALL": {
          "price": 2.5,
          "discountRate": 38,
          "promo": "",
          "orgPrice": 4
        }
      },
      "categoryIds": ["w-pantry"],
      "similarProducts": []
    },
    {
      "id": "w-83098-8886467116841",
      "name": "Pringles What's The Flavour Stacked Potato Chips",
      "brand": "Pringles",
      "imageUrls": "https://cdn0.woolworths.media/content/wowproductimages/large/083098.jpg",
      "storeId": "woolworths",
      "packageSize": "134g",
      "cupPrice": "$1.87 / 100G",
      "locations": {
        "ALL": {
          "price": 2.5,
          "discountRate": 38,
          "promo": "",
          "orgPrice": 4
        }
      },
      "categoryIds": ["w-pantry"],
      "similarProducts": []
    },
    {
      "id": "w-479504-8886467103469",
      "name": "Pringles Bbq Stacked Potato Chips",
      "brand": "Pringles",
      "imageUrls": "https://cdn0.woolworths.media/content/wowproductimages/large/479504.jpg",
      "storeId": "woolworths",
      "packageSize": "134g",
      "cupPrice": "$1.87 / 100G",
      "locations": {
        "ALL": {
          "price": 2.5,
          "discountRate": 38,
          "promo": "",
          "orgPrice": 4
        }
      },
      "categoryIds": ["w-pantry"],
      "similarProducts": []
    },
    {
      "id": "w-655424-8886467109980",
      "name": "Pringles Chicken Salt Flavour Chips",
      "brand": "Pringles",
      "imageUrls": "https://cdn0.woolworths.media/content/wowproductimages/large/655424.jpg",
      "storeId": "woolworths",
      "packageSize": "134g",
      "cupPrice": "$1.87 / 100G",
      "locations": {
        "ALL": {
          "price": 2.5,
          "discountRate": 38,
          "promo": "",
          "orgPrice": 4
        }
      },
      "categoryIds": ["w-pantry"],
      "similarProducts": []
    },
    {
      "id": "w-479501-8886467103407",
      "name": "Pringles Original Salted Potato Chips",
      "brand": "Pringles",
      "imageUrls": "https://cdn0.woolworths.media/content/wowproductimages/large/479501.jpg",
      "storeId": "woolworths",
      "packageSize": "134g",
      "cupPrice": "$1.87 / 100G",
      "locations": {
        "ALL": {
          "price": 2.5,
          "discountRate": 38,
          "promo": "",
          "orgPrice": 4
        }
      },
      "categoryIds": ["w-pantry"],
      "similarProducts": []
    },
    {
      "id": "w-479503-8886467103445",
      "name": "Pringles Salt & Vinegar Flavour Chips",
      "brand": "Pringles",
      "imageUrls": "https://cdn0.woolworths.media/content/wowproductimages/large/479503.jpg",
      "storeId": "woolworths",
      "packageSize": "134g",
      "cupPrice": "$1.87 / 100G",
      "locations": {
        "ALL": {
          "price": 2.5,
          "discountRate": 38,
          "promo": "",
          "orgPrice": 4
        }
      },
      "categoryIds": ["w-pantry"],
      "similarProducts": []
    },
    {
      "id": "w-81785-9312231103100",
      "name": "Pureharvest Organic Tamari Gluten Free Soy Sauce",
      "brand": "Pureharvest",
      "imageUrls": "https://cdn0.woolworths.media/content/wowproductimages/large/081785.jpg",
      "storeId": "woolworths",
      "packageSize": "250ml",
      "cupPrice": "$1.20 / 100ML",
      "locations": {
        "ALL": { "price": 3, "discountRate": 25, "promo": "", "orgPrice": 4 }
      },
      "categoryIds": ["w-pantry"],
      "similarProducts": []
    },
    {
      "id": "w-60296-9317471189631",
      "name": "Puresoul Chickpeas",
      "brand": "Puresoul",
      "imageUrls": "https://cdn0.woolworths.media/content/wowproductimages/large/060296.jpg",
      "storeId": "woolworths",
      "packageSize": "1kg",
      "cupPrice": "$0.35 / 100G",
      "locations": {
        "ALL": {
          "price": 3.5,
          "discountRate": 13,
          "promo": "",
          "orgPrice": 4
        }
      },
      "categoryIds": ["w-pantry"],
      "similarProducts": []
    },
    {
      "id": "w-60307-9317471189600",
      "name": "Puresoul Red Lentils Split",
      "brand": "Puresoul",
      "imageUrls": "https://cdn0.woolworths.media/content/wowproductimages/large/060307.jpg",
      "storeId": "woolworths",
      "packageSize": "1kg",
      "cupPrice": "$0.35 / 100G",
      "locations": {
        "ALL": {
          "price": 3.5,
          "discountRate": 13,
          "promo": "",
          "orgPrice": 4
        }
      },
      "categoryIds": ["w-pantry"],
      "similarProducts": []
    },
    {
      "id": "w-60297-9317471189648",
      "name": "Puresoul Yellow Split Peas",
      "brand": "Puresoul",
      "imageUrls": "https://cdn0.woolworths.media/content/wowproductimages/large/060297.jpg",
      "storeId": "woolworths",
      "packageSize": "1kg",
      "cupPrice": "$0.35 / 100G",
      "locations": {
        "ALL": {
          "price": 3.5,
          "discountRate": 13,
          "promo": "",
          "orgPrice": 4
        }
      },
      "categoryIds": ["w-pantry"],
      "similarProducts": []
    },
    {
      "id": "w-490086-93641265",
      "name": "Queen Black Food Colour Gel",
      "brand": "Queen",
      "imageUrls": "https://cdn0.woolworths.media/content/wowproductimages/large/490086.jpg",
      "storeId": "woolworths",
      "packageSize": "15g",
      "cupPrice": "$13.33 / 100G",
      "locations": {
        "ALL": {
          "price": 2,
          "discountRate": 20,
          "promo": "",
          "orgPrice": 2.5
        }
      },
      "categoryIds": ["w-pantry"],
      "similarProducts": []
    },
    {
      "id": "w-115233-9300641000386",
      "name": "Queen Natural Vanilla Concentrated Extract",
      "brand": "Queen",
      "imageUrls": "https://cdn0.woolworths.media/content/wowproductimages/large/115233.jpg",
      "storeId": "woolworths",
      "packageSize": "50ml",
      "cupPrice": "$1.28 / 10ML",
      "locations": {
        "ALL": {
          "price": 6.4,
          "discountRate": 14,
          "promo": "",
          "orgPrice": 7.4
        }
      },
      "categoryIds": ["w-pantry"],
      "similarProducts": []
    },
    {
      "id": "w-225399-9300641000997",
      "name": "Queen Organic Vanilla Bean Paste",
      "brand": "Queen",
      "imageUrls": "https://cdn0.woolworths.media/content/wowproductimages/large/225399.jpg",
      "storeId": "woolworths",
      "packageSize": "65g",
      "cupPrice": "$16.00 / 100G",
      "locations": {
        "ALL": {
          "price": 10.4,
          "discountRate": 12,
          "promo": "",
          "orgPrice": 11.8
        }
      },
      "categoryIds": ["w-pantry"],
      "similarProducts": []
    },
    {
      "id": "w-662622-9350086000267",
      "name": "Queen Party Pals Icing Decorations",
      "brand": "Queen",
      "imageUrls": "https://cdn0.woolworths.media/content/wowproductimages/large/662622.jpg",
      "storeId": "woolworths",
      "packageSize": "12pk 13g",
      "cupPrice": "$23.08 / 100G",
      "locations": {
        "ALL": {
          "price": 3,
          "discountRate": 14,
          "promo": "",
          "orgPrice": 3.5
        }
      },
      "categoryIds": ["w-pantry"],
      "similarProducts": []
    },
    {
      "id": "w-804415-93641173",
      "name": "Queen Pink Food Colour Gel",
      "brand": "Queen",
      "imageUrls": "https://cdn0.woolworths.media/content/wowproductimages/large/804415.jpg",
      "storeId": "woolworths",
      "packageSize": "15g",
      "cupPrice": "$13.33 / 100G",
      "locations": {
        "ALL": {
          "price": 2,
          "discountRate": 20,
          "promo": "",
          "orgPrice": 2.5
        }
      },
      "categoryIds": ["w-pantry"],
      "similarProducts": []
    },
    {
      "id": "w-804423-93641159",
      "name": "Queen Purple Food Colour Gel",
      "brand": "Queen",
      "imageUrls": "https://cdn0.woolworths.media/content/wowproductimages/large/804423.jpg",
      "storeId": "woolworths",
      "packageSize": "15g",
      "cupPrice": "$13.33 / 100G",
      "locations": {
        "ALL": {
          "price": 2,
          "discountRate": 20,
          "promo": "",
          "orgPrice": 2.5
        }
      },
      "categoryIds": ["w-pantry"],
      "similarProducts": []
    },
    {
      "id": "w-786238-93641135",
      "name": "Queen Red Food Colour Gel",
      "brand": "Queen",
      "imageUrls": "https://cdn0.woolworths.media/content/wowproductimages/large/786238.jpg",
      "storeId": "woolworths",
      "packageSize": "15g",
      "cupPrice": "$13.33 / 100G",
      "locations": {
        "ALL": {
          "price": 2,
          "discountRate": 20,
          "promo": "",
          "orgPrice": 2.5
        }
      },
      "categoryIds": ["w-pantry"],
      "similarProducts": []
    },
    {
      "id": "w-662589-9350086000243",
      "name": "Queen Roses Icing Decorations",
      "brand": "Queen",
      "imageUrls": "https://cdn0.woolworths.media/content/wowproductimages/large/662589.jpg",
      "storeId": "woolworths",
      "packageSize": "16pk 16g",
      "cupPrice": "$18.75 / 100G",
      "locations": {
        "ALL": {
          "price": 3,
          "discountRate": 14,
          "promo": "",
          "orgPrice": 3.5
        }
      },
      "categoryIds": ["w-pantry"],
      "similarProducts": []
    },
    {
      "id": "w-662586-9350086000250",
      "name": "Queen Smiley Icing Decorations",
      "brand": "Queen",
      "imageUrls": "https://cdn0.woolworths.media/content/wowproductimages/large/662586.jpg",
      "storeId": "woolworths",
      "packageSize": "12 pack",
      "cupPrice": "$25.00 / 100G",
      "locations": {
        "ALL": {
          "price": 3,
          "discountRate": 14,
          "promo": "",
          "orgPrice": 3.5
        }
      },
      "categoryIds": ["w-pantry"],
      "similarProducts": []
    },
    {
      "id": "w-804424-93641012",
      "name": "Queen Teal Food Colour Gel",
      "brand": "Queen",
      "imageUrls": "https://cdn0.woolworths.media/content/wowproductimages/large/804424.jpg",
      "storeId": "woolworths",
      "packageSize": "15g",
      "cupPrice": "$13.33 / 100G",
      "locations": {
        "ALL": {
          "price": 2,
          "discountRate": 20,
          "promo": "",
          "orgPrice": 2.5
        }
      },
      "categoryIds": ["w-pantry"],
      "similarProducts": []
    },
    {
      "id": "w-4021-9322969000039",
      "name": "Real Foods Corn Thins Multigrain",
      "brand": "Real Foods",
      "imageUrls": "https://cdn0.woolworths.media/content/wowproductimages/large/004021.jpg",
      "storeId": "woolworths",
      "packageSize": "150g",
      "cupPrice": "$0.67 / 100G",
      "locations": {
        "ALL": { "price": 1, "discountRate": 50, "promo": "", "orgPrice": 2 }
      },
      "categoryIds": ["w-pantry", "w-lunch-box"],
      "similarProducts": []
    },
    {
      "id": "w-71422-9322969000015",
      "name": "Real Foods Corn Thins Original",
      "brand": "Real Foods",
      "imageUrls": "https://cdn0.woolworths.media/content/wowproductimages/large/071422.jpg",
      "storeId": "woolworths",
      "packageSize": "150g",
      "cupPrice": "$0.67 / 100G",
      "locations": {
        "ALL": { "price": 1, "discountRate": 50, "promo": "", "orgPrice": 2 }
      },
      "categoryIds": ["w-pantry", "w-lunch-box"],
      "similarProducts": []
    },
    {
      "id": "w-113797-9322969000046",
      "name": "Real Foods Corn Thins Sesame",
      "brand": "Real Foods",
      "imageUrls": "https://cdn0.woolworths.media/content/wowproductimages/large/113797.jpg",
      "storeId": "woolworths",
      "packageSize": "150g",
      "cupPrice": "$0.67 / 100G",
      "locations": {
        "ALL": { "price": 1, "discountRate": 50, "promo": "", "orgPrice": 2 }
      },
      "categoryIds": ["w-pantry", "w-lunch-box"],
      "similarProducts": []
    },
    {
      "id": "w-3961-9322969000022",
      "name": "Real Foods Corn Thins Soy And Linseed",
      "brand": "Real Foods",
      "imageUrls": "https://cdn0.woolworths.media/content/wowproductimages/large/003961.jpg",
      "storeId": "woolworths",
      "packageSize": "150g",
      "cupPrice": "$0.67 / 100G",
      "locations": {
        "ALL": { "price": 1, "discountRate": 50, "promo": "", "orgPrice": 2 }
      },
      "categoryIds": ["w-pantry", "w-lunch-box"],
      "similarProducts": []
    },
    {
      "id": "w-747180-9322969000961",
      "name": "Real Foods Corn Thins Tasty Cheese",
      "brand": "Real Foods",
      "imageUrls": "https://cdn0.woolworths.media/content/wowproductimages/large/747180.jpg",
      "storeId": "woolworths",
      "packageSize": "125g",
      "cupPrice": "$0.80 / 100G",
      "locations": {
        "ALL": { "price": 1, "discountRate": 50, "promo": "", "orgPrice": 2 }
      },
      "categoryIds": ["w-pantry", "w-lunch-box"],
      "similarProducts": []
    },
    {
      "id": "w-727530-9322969000190",
      "name": "Real Foods Grain Thins Sorghum",
      "brand": "Real Foods",
      "imageUrls": "https://cdn0.woolworths.media/content/wowproductimages/large/727530.jpg",
      "storeId": "woolworths",
      "packageSize": "150g",
      "cupPrice": "$0.67 / 100G",
      "locations": {
        "ALL": { "price": 1, "discountRate": 50, "promo": "", "orgPrice": 2 }
      },
      "categoryIds": ["w-pantry", "w-lunch-box"],
      "similarProducts": []
    },
    {
      "id": "w-257879-9333404000231",
      "name": "Red Island Extra Virgin Olive Oil Cold Pressed",
      "brand": "Red Island",
      "imageUrls": "https://cdn0.woolworths.media/content/wowproductimages/large/257879.jpg",
      "storeId": "woolworths",
      "packageSize": "1l",
      "cupPrice": "$0.80 / 100ML",
      "locations": {
        "ALL": { "price": 8, "discountRate": 50, "promo": "", "orgPrice": 16 }
      },
      "categoryIds": ["w-pantry"],
      "similarProducts": []
    },
    {
      "id": "w-235064-9333404002006",
      "name": "Red Island Extra Virgin Olive Oil Spray",
      "brand": "Red Island",
      "imageUrls": "https://cdn0.woolworths.media/content/wowproductimages/large/235064.jpg",
      "storeId": "woolworths",
      "packageSize": "150g",
      "cupPrice": "$2.33 / 100G",
      "locations": {
        "ALL": {
          "price": 3.5,
          "discountRate": 22,
          "promo": "",
          "orgPrice": 4.5
        }
      },
      "categoryIds": ["w-pantry"],
      "similarProducts": []
    },
    {
      "id": "w-766607-9320783005131",
      "name": "Red Kellys Dressings Sweet Chilli & Lime",
      "brand": "Red Kellys",
      "imageUrls": "https://cdn0.woolworths.media/content/wowproductimages/large/766607.jpg",
      "storeId": "woolworths",
      "packageSize": "250ml",
      "cupPrice": "$1.36 / 100ML",
      "locations": {
        "ALL": {
          "price": 3.4,
          "discountRate": 15,
          "promo": "",
          "orgPrice": 4
        }
      },
      "categoryIds": ["w-pantry"],
      "similarProducts": []
    },
    {
      "id": "w-311904-9320783005001",
      "name": "Red Kellys Dressings Traditional",
      "brand": "Red Kellys",
      "imageUrls": "https://cdn0.woolworths.media/content/wowproductimages/large/311904.jpg",
      "storeId": "woolworths",
      "packageSize": "250ml",
      "cupPrice": "$1.36 / 100ML",
      "locations": {
        "ALL": {
          "price": 3.4,
          "discountRate": 15,
          "promo": "",
          "orgPrice": 4
        }
      },
      "categoryIds": ["w-pantry"],
      "similarProducts": []
    },
    {
      "id": "w-311907-9320783005063",
      "name": "Red Kellys Salad Dressing Caesar",
      "brand": "Red Kellys",
      "imageUrls": "https://cdn0.woolworths.media/content/wowproductimages/large/311907.jpg",
      "storeId": "woolworths",
      "packageSize": "250ml",
      "cupPrice": "$1.36 / 100ML",
      "locations": {
        "ALL": {
          "price": 3.4,
          "discountRate": 15,
          "promo": "",
          "orgPrice": 4
        }
      },
      "categoryIds": ["w-pantry"],
      "similarProducts": []
    },
    {
      "id": "w-586814-9310015243844",
      "name": "Red Rock Deli Roasted Peanuts Honey & Sea Salt",
      "brand": "Red Rock",
      "imageUrls": "https://cdn0.woolworths.media/content/wowproductimages/large/586814.jpg",
      "storeId": "woolworths",
      "packageSize": "130g",
      "cupPrice": "$23.08 / 1KG",
      "locations": {
        "ALL": { "price": 3, "discountRate": 25, "promo": "", "orgPrice": 4 }
      },
      "categoryIds": ["w-pantry"],
      "similarProducts": []
    },
    {
      "id": "w-55379-9310015247415",
      "name": "Red Rock Deli Deluxe Crisps Cheddar Caramelised Onion & Rosemary",
      "brand": "Red Rock Deli",
      "imageUrls": "https://cdn0.woolworths.media/content/wowproductimages/large/055379.jpg",
      "storeId": "woolworths",
      "packageSize": "135g",
      "cupPrice": "$2.59 / 100G",
      "locations": {
        "ALL": {
          "price": 3.5,
          "discountRate": 22,
          "promo": "",
          "orgPrice": 4.5
        }
      },
      "categoryIds": ["w-pantry"],
      "similarProducts": []
    },
    {
      "id": "w-55380-9310015247422",
      "name": "Red Rock Deli Deluxe Crisps Chilli Roast Garlic & Lemon Oil",
      "brand": "Red Rock Deli",
      "imageUrls": "https://cdn0.woolworths.media/content/wowproductimages/large/055380.jpg",
      "storeId": "woolworths",
      "packageSize": "135g",
      "cupPrice": "$1.67 / 100G",
      "locations": {
        "ALL": {
          "price": 2.25,
          "discountRate": 50,
          "promo": "",
          "orgPrice": 4.5
        }
      },
      "categoryIds": ["w-pantry"],
      "similarProducts": []
    },
    {
      "id": "w-55446-9310015247439",
      "name": "Red Rock Deli Deluxe Crisps Parmesan & Black Truffle Oil",
      "brand": "Red Rock Deli",
      "imageUrls": "https://cdn0.woolworths.media/content/wowproductimages/large/055446.jpg",
      "storeId": "woolworths",
      "packageSize": "135g",
      "cupPrice": "$2.59 / 100G",
      "locations": {
        "ALL": {
          "price": 3.5,
          "discountRate": 22,
          "promo": "",
          "orgPrice": 4.5
        }
      },
      "categoryIds": ["w-pantry"],
      "similarProducts": []
    },
    {
      "id": "w-54683-9310015247477",
      "name": "Red Rock Deli Mixed Nut Balsamic Vinegar And Chilli",
      "brand": "Red Rock Deli",
      "imageUrls": "https://cdn0.woolworths.media/content/wowproductimages/large/054683.jpg",
      "storeId": "woolworths",
      "packageSize": "100g",
      "cupPrice": "$30.00 / 1KG",
      "locations": {
        "ALL": { "price": 3, "discountRate": 25, "promo": "", "orgPrice": 4 }
      },
      "categoryIds": ["w-pantry"],
      "similarProducts": []
    },
    {
      "id": "w-54674-9310015247460",
      "name": "Red Rock Deli Mixed Nuts Caramelised Garlic And Lemon",
      "brand": "Red Rock Deli",
      "imageUrls": "https://cdn0.woolworths.media/content/wowproductimages/large/054674.jpg",
      "storeId": "woolworths",
      "packageSize": "100g",
      "cupPrice": "$20.00 / 1KG",
      "locations": {
        "ALL": { "price": 2, "discountRate": 50, "promo": "", "orgPrice": 4 }
      },
      "categoryIds": ["w-pantry"],
      "similarProducts": []
    },
    {
      "id": "w-54687-9310015247484",
      "name": "Red Rock Deli Nuts Vanilla Cranberry And Honey",
      "brand": "Red Rock Deli",
      "imageUrls": "https://cdn0.woolworths.media/content/wowproductimages/large/054687.jpg",
      "storeId": "woolworths",
      "packageSize": "100g",
      "cupPrice": "$30.00 / 1KG",
      "locations": {
        "ALL": { "price": 3, "discountRate": 25, "promo": "", "orgPrice": 4 }
      },
      "categoryIds": ["w-pantry"],
      "similarProducts": []
    },
    {
      "id": "w-82267-9310015248399",
      "name": "Red Rock Deli Potato Chips Maple Glazed Bacon & Cheddar",
      "brand": "Red Rock Deli",
      "imageUrls": "https://cdn0.woolworths.media/content/wowproductimages/large/082267.jpg",
      "storeId": "woolworths",
      "packageSize": "150g",
      "cupPrice": "$2.33 / 100G",
      "locations": {
        "ALL": {
          "price": 3.5,
          "discountRate": 25,
          "promo": "",
          "orgPrice": 4.65
        }
      },
      "categoryIds": ["w-pantry"],
      "similarProducts": []
    },
    {
      "id": "w-82275-9310015248405",
      "name": "Red Rock Deli Potato Chips Moroccan Spiced Chicken & Lemon",
      "brand": "Red Rock Deli",
      "imageUrls": "https://cdn0.woolworths.media/content/wowproductimages/large/082275.jpg",
      "storeId": "woolworths",
      "packageSize": "150g",
      "cupPrice": "$2.33 / 100G",
      "locations": {
        "ALL": {
          "price": 3.5,
          "discountRate": 25,
          "promo": "",
          "orgPrice": 4.65
        }
      },
      "categoryIds": ["w-pantry"],
      "similarProducts": []
    },
    {
      "id": "w-781394-9310015240621",
      "name": "Red Rock Deli Share Pack Honey Soy Chicken",
      "brand": "Red Rock Deli",
      "imageUrls": "https://cdn0.woolworths.media/content/wowproductimages/large/781394.jpg",
      "storeId": "woolworths",
      "packageSize": "165g",
      "cupPrice": "$2.12 / 100G",
      "locations": {
        "ALL": {
          "price": 3.5,
          "discountRate": 25,
          "promo": "",
          "orgPrice": 4.65
        }
      },
      "categoryIds": ["w-pantry"],
      "similarProducts": []
    },
    {
      "id": "w-781393-9310015240652",
      "name": "Red Rock Deli Share Pack Lime & Black Pepper",
      "brand": "Red Rock Deli",
      "imageUrls": "https://cdn0.woolworths.media/content/wowproductimages/large/781393.jpg",
      "storeId": "woolworths",
      "packageSize": "165g",
      "cupPrice": "$2.12 / 100G",
      "locations": {
        "ALL": {
          "price": 3.5,
          "discountRate": 25,
          "promo": "",
          "orgPrice": 4.65
        }
      },
      "categoryIds": ["w-pantry"],
      "similarProducts": []
    },
    {
      "id": "w-781396-9310015240614",
      "name": "Red Rock Deli Share Pack Sea Salt",
      "brand": "Red Rock Deli",
      "imageUrls": "https://cdn0.woolworths.media/content/wowproductimages/large/781396.jpg",
      "storeId": "woolworths",
      "packageSize": "165g",
      "cupPrice": "$2.12 / 100G",
      "locations": {
        "ALL": {
          "price": 3.5,
          "discountRate": 25,
          "promo": "",
          "orgPrice": 4.65
        }
      },
      "categoryIds": ["w-pantry"],
      "similarProducts": []
    },
    {
      "id": "w-781402-9310015240638",
      "name": "Red Rock Deli Share Pack Sea Salt & Balsamic Vinegar",
      "brand": "Red Rock Deli",
      "imageUrls": "https://cdn0.woolworths.media/content/wowproductimages/large/781402.jpg",
      "storeId": "woolworths",
      "packageSize": "165g",
      "cupPrice": "$2.12 / 100G",
      "locations": {
        "ALL": {
          "price": 3.5,
          "discountRate": 25,
          "promo": "",
          "orgPrice": 4.65
        }
      },
      "categoryIds": ["w-pantry"],
      "similarProducts": []
    },
    {
      "id": "w-781370-9310015240645",
      "name": "Red Rock Deli Share Pack Sweet Chilli & Sour Cream",
      "brand": "Red Rock Deli",
      "imageUrls": "https://cdn0.woolworths.media/content/wowproductimages/large/781370.jpg",
      "storeId": "woolworths",
      "packageSize": "165g",
      "cupPrice": "$2.12 / 100G",
      "locations": {
        "ALL": {
          "price": 3.5,
          "discountRate": 25,
          "promo": "",
          "orgPrice": 4.65
        }
      },
      "categoryIds": ["w-pantry"],
      "similarProducts": []
    },
    {
      "id": "w-827791-34000001446",
      "name": "Reese's Peanut Butter Chips",
      "brand": "Reese's",
      "imageUrls": "https://cdn0.woolworths.media/content/wowproductimages/large/827791.jpg",
      "storeId": "woolworths",
      "packageSize": "283g",
      "cupPrice": "$1.41 / 100G",
      "locations": {
        "ALL": { "price": 4, "discountRate": 20, "promo": "", "orgPrice": 5 }
      },
      "categoryIds": ["w-pantry"],
      "similarProducts": []
    },
    {
      "id": "w-272697-9337507006022",
      "name": "Republica Organic Coffee Ground Timor Espresso",
      "brand": "Republica",
      "imageUrls": "https://cdn0.woolworths.media/content/wowproductimages/large/272697.jpg",
      "storeId": "woolworths",
      "packageSize": "200g",
      "cupPrice": "$3.25 / 100G",
      "locations": {
        "ALL": {
          "price": 6.5,
          "discountRate": 28,
          "promo": "",
          "orgPrice": 9
        }
      },
      "categoryIds": ["w-pantry", "w-drinks"],
      "similarProducts": []
    },
    {
      "id": "w-57564-9310034001388",
      "name": "Ritz Breakz Mediterranean Herb",
      "brand": "Ritz",
      "imageUrls": "https://cdn0.woolworths.media/content/wowproductimages/large/057564.jpg",
      "storeId": "woolworths",
      "packageSize": "250g",
      "cupPrice": "$1.20 / 100G",
      "locations": {
        "ALL": {
          "price": 3,
          "discountRate": 21,
          "promo": "",
          "orgPrice": 3.8
        }
      },
      "categoryIds": ["w-pantry"],
      "similarProducts": []
    },
    {
      "id": "w-57563-9310034001395",
      "name": "Ritz Breakz Original",
      "brand": "Ritz",
      "imageUrls": "https://cdn0.woolworths.media/content/wowproductimages/large/057563.jpg",
      "storeId": "woolworths",
      "packageSize": "250g",
      "cupPrice": "$1.20 / 100G",
      "locations": {
        "ALL": {
          "price": 3,
          "discountRate": 21,
          "promo": "",
          "orgPrice": 3.8
        }
      },
      "categoryIds": ["w-pantry"],
      "similarProducts": []
    },
    {
      "id": "w-660562-9310034000367",
      "name": "Ritz Crackers Original",
      "brand": "Ritz",
      "imageUrls": "https://cdn0.woolworths.media/content/wowproductimages/large/660562.jpg",
      "storeId": "woolworths",
      "packageSize": "300g",
      "cupPrice": "$0.83 / 100G",
      "locations": {
        "ALL": {
          "price": 2.5,
          "discountRate": 17,
          "promo": "",
          "orgPrice": 3
        }
      },
      "categoryIds": ["w-pantry"],
      "similarProducts": []
    },
    {
      "id": "w-54343-9310034001289",
      "name": "Ritz Sandwich Chocolate",
      "brand": "Ritz",
      "imageUrls": "https://cdn0.woolworths.media/content/wowproductimages/large/054343.jpg",
      "storeId": "woolworths",
      "packageSize": "118g",
      "cupPrice": "$0.85 / 100G",
      "locations": {
        "ALL": {
          "price": 1,
          "discountRate": 33,
          "promo": "",
          "orgPrice": 1.5
        }
      },
      "categoryIds": ["w-pantry"],
      "similarProducts": []
    },
    {
      "id": "w-54344-9310034001296",
      "name": "Ritz Sandwich Vanilla",
      "brand": "Ritz",
      "imageUrls": "https://cdn0.woolworths.media/content/wowproductimages/large/054344.jpg",
      "storeId": "woolworths",
      "packageSize": "118g",
      "cupPrice": "$0.85 / 100G",
      "locations": {
        "ALL": {
          "price": 1,
          "discountRate": 33,
          "promo": "",
          "orgPrice": 1.5
        }
      },
      "categoryIds": ["w-pantry"],
      "similarProducts": []
    },
    {
      "id": "w-96830-9300660446813",
      "name": "Rosella Apple Cider Vinegar & Brandy Chutney",
      "brand": "Rosella",
      "imageUrls": "https://cdn0.woolworths.media/content/wowproductimages/large/096830.jpg",
      "storeId": "woolworths",
      "packageSize": "250g",
      "cupPrice": "$2.00 / 100G",
      "locations": {
        "ALL": { "price": 5, "discountRate": 17, "promo": "", "orgPrice": 6 }
      },
      "categoryIds": ["w-pantry"],
      "similarProducts": []
    },
    {
      "id": "w-34460-93667043",
      "name": "Rosella Chutney Fruit",
      "brand": "Rosella",
      "imageUrls": "https://cdn0.woolworths.media/content/wowproductimages/large/034460.jpg",
      "storeId": "woolworths",
      "packageSize": "250g",
      "cupPrice": "$8.80 / 1KG",
      "locations": {
        "ALL": {
          "price": 2.2,
          "discountRate": 14,
          "promo": "",
          "orgPrice": 2.55
        }
      },
      "categoryIds": ["w-pantry"],
      "similarProducts": []
    },
    {
      "id": "w-96025-9300660446790",
      "name": "Rosella Mango Coconut & Habanero Chutney",
      "brand": "Rosella",
      "imageUrls": "https://cdn0.woolworths.media/content/wowproductimages/large/096025.jpg",
      "storeId": "woolworths",
      "packageSize": "250g",
      "cupPrice": "$2.00 / 100G",
      "locations": {
        "ALL": { "price": 5, "discountRate": 17, "promo": "", "orgPrice": 6 }
      },
      "categoryIds": ["w-pantry"],
      "similarProducts": []
    },
    {
      "id": "w-95834-9300660446714",
      "name": "Rosella Organic Bbq Sauce",
      "brand": "Rosella",
      "imageUrls": "https://cdn0.woolworths.media/content/wowproductimages/large/095834.jpg",
      "storeId": "woolworths",
      "packageSize": "250g",
      "cupPrice": "$1.80 / 100G",
      "locations": {
        "ALL": {
          "price": 4.5,
          "discountRate": 25,
          "promo": "",
          "orgPrice": 6
        }
      },
      "categoryIds": ["w-pantry"],
      "similarProducts": []
    },
    {
      "id": "w-97102-9300660446721",
      "name": "Rosella Organic Sweet Chilli Sauce",
      "brand": "Rosella",
      "imageUrls": "https://cdn0.woolworths.media/content/wowproductimages/large/097102.jpg",
      "storeId": "woolworths",
      "packageSize": "250g",
      "cupPrice": "$1.80 / 100G",
      "locations": {
        "ALL": {
          "price": 4.5,
          "discountRate": 25,
          "promo": "",
          "orgPrice": 6
        }
      },
      "categoryIds": ["w-pantry"],
      "similarProducts": []
    },
    {
      "id": "w-95779-9300660446745",
      "name": "Rosella Organic Tomato Sauce",
      "brand": "Rosella",
      "imageUrls": "https://cdn0.woolworths.media/content/wowproductimages/large/095779.jpg",
      "storeId": "woolworths",
      "packageSize": "250g",
      "cupPrice": "$1.80 / 100G",
      "locations": {
        "ALL": {
          "price": 4.5,
          "discountRate": 25,
          "promo": "",
          "orgPrice": 6
        }
      },
      "categoryIds": ["w-pantry"],
      "similarProducts": []
    },
    {
      "id": "w-95780-9300660446806",
      "name": "Rosella Tomato Peri Peri Chutney",
      "brand": "Rosella",
      "imageUrls": "https://cdn0.woolworths.media/content/wowproductimages/large/095780.jpg",
      "storeId": "woolworths",
      "packageSize": "250g",
      "cupPrice": "$2.00 / 100G",
      "locations": {
        "ALL": { "price": 5, "discountRate": 17, "promo": "", "orgPrice": 6 }
      },
      "categoryIds": ["w-pantry"],
      "similarProducts": []
    },
    {
      "id": "w-61679-9300660446561",
      "name": "Rosella Tomato Sauce Glass",
      "brand": "Rosella",
      "imageUrls": "https://cdn0.woolworths.media/content/wowproductimages/large/061679.jpg",
      "storeId": "woolworths",
      "packageSize": "580ml",
      "cupPrice": "$0.43 / 100ML",
      "locations": {
        "ALL": {
          "price": 2.5,
          "discountRate": 17,
          "promo": "",
          "orgPrice": 3
        }
      },
      "categoryIds": ["w-pantry"],
      "similarProducts": []
    },
    {
      "id": "w-204547-78935005353",
      "name": "Ryvita Multi Grain",
      "brand": "Ryvita",
      "imageUrls": "https://cdn0.woolworths.media/content/wowproductimages/large/204547.jpg",
      "storeId": "woolworths",
      "packageSize": "250g",
      "cupPrice": "$1.00 / 100G",
      "locations": {
        "ALL": {
          "price": 2.5,
          "discountRate": 12,
          "promo": "",
          "orgPrice": 2.85
        }
      },
      "categoryIds": ["w-pantry"],
      "similarProducts": []
    },
    {
      "id": "w-204544-78935005117",
      "name": "Ryvita Original",
      "brand": "Ryvita",
      "imageUrls": "https://cdn0.woolworths.media/content/wowproductimages/large/204544.jpg",
      "storeId": "woolworths",
      "packageSize": "250g",
      "cupPrice": "$1.00 / 100G",
      "locations": {
        "ALL": {
          "price": 2.5,
          "discountRate": 12,
          "promo": "",
          "orgPrice": 2.85
        }
      },
      "categoryIds": ["w-pantry"],
      "similarProducts": []
    },
    {
      "id": "w-676904-5050974713517",
      "name": "Ryvita Thins Flatbread Caramalised Onion",
      "brand": "Ryvita",
      "imageUrls": "https://cdn0.woolworths.media/content/wowproductimages/large/676904.jpg",
      "storeId": "woolworths",
      "packageSize": "125g",
      "cupPrice": "$2.40 / 100G",
      "locations": {
        "ALL": { "price": 3, "discountRate": 25, "promo": "", "orgPrice": 4 }
      },
      "categoryIds": ["w-pantry"],
      "similarProducts": []
    },
    {
      "id": "w-676902-5050974713494",
      "name": "Ryvita Thins Flatbread Cheddar & Black Pepper",
      "brand": "Ryvita",
      "imageUrls": "https://cdn0.woolworths.media/content/wowproductimages/large/676902.jpg",
      "storeId": "woolworths",
      "packageSize": "125g",
      "cupPrice": "$2.40 / 100G",
      "locations": {
        "ALL": { "price": 3, "discountRate": 25, "promo": "", "orgPrice": 4 }
      },
      "categoryIds": ["w-pantry"],
      "similarProducts": []
    },
    {
      "id": "w-707091-5050974714491",
      "name": "Ryvita Thins Three Cheese Flatbreads",
      "brand": "Ryvita",
      "imageUrls": "https://cdn0.woolworths.media/content/wowproductimages/large/707091.jpg",
      "storeId": "woolworths",
      "packageSize": "125g",
      "cupPrice": "$2.40 / 100G",
      "locations": {
        "ALL": { "price": 3, "discountRate": 25, "promo": "", "orgPrice": 4 }
      },
      "categoryIds": ["w-pantry"],
      "similarProducts": []
    },
    {
      "id": "w-691310-9310768111711",
      "name": "Safcol Tuna Italian Style Tomato & Onion",
      "brand": "Safcol",
      "imageUrls": "https://cdn0.woolworths.media/content/wowproductimages/large/691310.jpg",
      "storeId": "woolworths",
      "packageSize": "74g",
      "cupPrice": "$20.27 / 1KG",
      "locations": {
        "ALL": {
          "price": 1.5,
          "discountRate": 25,
          "promo": "",
          "orgPrice": 2
        }
      },
      "categoryIds": ["w-pantry"],
      "similarProducts": []
    },
    {
      "id": "w-803511-9310768111704",
      "name": "Safcol Tuna Lemon & Cracked Pepper",
      "brand": "Safcol",
      "imageUrls": "https://cdn0.woolworths.media/content/wowproductimages/large/803511.jpg",
      "storeId": "woolworths",
      "packageSize": "74g",
      "cupPrice": "$20.27 / 1KG",
      "locations": {
        "ALL": {
          "price": 1.5,
          "discountRate": 25,
          "promo": "",
          "orgPrice": 2
        }
      },
      "categoryIds": ["w-pantry"],
      "similarProducts": []
    },
    {
      "id": "w-691217-9310768111681",
      "name": "Safcol Tuna Oil Blend",
      "brand": "Safcol",
      "imageUrls": "https://cdn0.woolworths.media/content/wowproductimages/large/691217.jpg",
      "storeId": "woolworths",
      "packageSize": "74g",
      "cupPrice": "$20.27 / 1KG",
      "locations": {
        "ALL": {
          "price": 1.5,
          "discountRate": 25,
          "promo": "",
          "orgPrice": 2
        }
      },
      "categoryIds": ["w-pantry"],
      "similarProducts": []
    },
    {
      "id": "w-691215-9310768111674",
      "name": "Safcol Tuna Springwater",
      "brand": "Safcol",
      "imageUrls": "https://cdn0.woolworths.media/content/wowproductimages/large/691215.jpg",
      "storeId": "woolworths",
      "packageSize": "74g",
      "cupPrice": "$20.27 / 1KG",
      "locations": {
        "ALL": {
          "price": 1.5,
          "discountRate": 25,
          "promo": "",
          "orgPrice": 2
        }
      },
      "categoryIds": ["w-pantry"],
      "similarProducts": []
    },
    {
      "id": "w-691240-9310768111728",
      "name": "Safcol Tuna Thai Sweet Chilli",
      "brand": "Safcol",
      "imageUrls": "https://cdn0.woolworths.media/content/wowproductimages/large/691240.jpg",
      "storeId": "woolworths",
      "packageSize": "74g",
      "cupPrice": "$20.27 / 1KG",
      "locations": {
        "ALL": {
          "price": 1.5,
          "discountRate": 25,
          "promo": "",
          "orgPrice": 2
        }
      },
      "categoryIds": ["w-pantry"],
      "similarProducts": []
    },
    {
      "id": "w-199639-9319636410215",
      "name": "Sakata Rice Crackers Cheddar Cheese",
      "brand": "Sakata",
      "imageUrls": "https://cdn0.woolworths.media/content/wowproductimages/large/199639.jpg",
      "storeId": "woolworths",
      "packageSize": "100g",
      "cupPrice": "$1.50 / 100G",
      "locations": {
        "ALL": {
          "price": 1.5,
          "discountRate": 25,
          "promo": "",
          "orgPrice": 2
        }
      },
      "categoryIds": ["w-pantry"],
      "similarProducts": []
    },
    {
      "id": "w-199643-9319636410116",
      "name": "Sakata Rice Crackers Classic Bbq",
      "brand": "Sakata",
      "imageUrls": "https://cdn0.woolworths.media/content/wowproductimages/large/199643.jpg",
      "storeId": "woolworths",
      "packageSize": "100g",
      "cupPrice": "$1.50 / 100G",
      "locations": {
        "ALL": {
          "price": 1.5,
          "discountRate": 25,
          "promo": "",
          "orgPrice": 2
        }
      },
      "categoryIds": ["w-pantry"],
      "similarProducts": []
    },
    {
      "id": "w-41814-9319636000140",
      "name": "Sakata Rice Crackers Plain",
      "brand": "Sakata",
      "imageUrls": "https://cdn0.woolworths.media/content/wowproductimages/large/041814.jpg",
      "storeId": "woolworths",
      "packageSize": "100g",
      "cupPrice": "$1.50 / 100G",
      "locations": {
        "ALL": {
          "price": 1.5,
          "discountRate": 25,
          "promo": "",
          "orgPrice": 2
        }
      },
      "categoryIds": ["w-pantry"],
      "similarProducts": []
    },
    {
      "id": "w-323336-9319636000102",
      "name": "Sakata Rice Crackers Seaweed",
      "brand": "Sakata",
      "imageUrls": "https://cdn0.woolworths.media/content/wowproductimages/large/323336.jpg",
      "storeId": "woolworths",
      "packageSize": "90g",
      "cupPrice": "$1.67 / 100G",
      "locations": {
        "ALL": {
          "price": 1.5,
          "discountRate": 25,
          "promo": "",
          "orgPrice": 2
        }
      },
      "categoryIds": ["w-pantry"],
      "similarProducts": []
    },
    {
      "id": "w-199671-9319636411519",
      "name": "Sakata Rice Crackers Sour Cream And Chives",
      "brand": "Sakata",
      "imageUrls": "https://cdn0.woolworths.media/content/wowproductimages/large/199671.jpg",
      "storeId": "woolworths",
      "packageSize": "100g",
      "cupPrice": "$1.50 / 100G",
      "locations": {
        "ALL": {
          "price": 1.5,
          "discountRate": 25,
          "promo": "",
          "orgPrice": 2
        }
      },
      "categoryIds": ["w-pantry"],
      "similarProducts": []
    },
    {
      "id": "w-261618-9319636446108",
      "name": "Sakata Rice Crackers Wholegrain Original",
      "brand": "Sakata",
      "imageUrls": "https://cdn0.woolworths.media/content/wowproductimages/large/261618.jpg",
      "storeId": "woolworths",
      "packageSize": "90g",
      "cupPrice": "$1.67 / 100G",
      "locations": {
        "ALL": {
          "price": 1.5,
          "discountRate": 25,
          "promo": "",
          "orgPrice": 2
        }
      },
      "categoryIds": ["w-pantry"],
      "similarProducts": []
    },
    {
      "id": "w-83608-9319636001420",
      "name": "Sakata Rice Crackers Beetroot",
      "brand": "Sakata",
      "imageUrls": "https://cdn0.woolworths.media/content/wowproductimages/large/083608.jpg",
      "storeId": "woolworths",
      "packageSize": "90g",
      "cupPrice": "$1.67 / 100G",
      "locations": {
        "ALL": {
          "price": 1.5,
          "discountRate": 25,
          "promo": "",
          "orgPrice": 2
        }
      },
      "categoryIds": ["w-pantry"],
      "similarProducts": []
    },
    {
      "id": "w-83609-9319636001437",
      "name": "Sakata Rice Crackers Pumpkin",
      "brand": "Sakata",
      "imageUrls": "https://cdn0.woolworths.media/content/wowproductimages/large/083609.jpg",
      "storeId": "woolworths",
      "packageSize": "90g",
      "cupPrice": "$1.67 / 100G",
      "locations": {
        "ALL": {
          "price": 1.5,
          "discountRate": 25,
          "promo": "",
          "orgPrice": 2
        }
      },
      "categoryIds": ["w-pantry"],
      "similarProducts": []
    },
    {
      "id": "w-322121-9310988009867",
      "name": "Samboy Single Pack Bbq",
      "brand": "Samboy",
      "imageUrls": "https://cdn0.woolworths.media/content/wowproductimages/large/322121.jpg",
      "storeId": "woolworths",
      "packageSize": "45g",
      "cupPrice": "$2.22 / 100G",
      "locations": {
        "ALL": {
          "price": 1,
          "discountRate": 38,
          "promo": "",
          "orgPrice": 1.6
        }
      },
      "categoryIds": ["w-pantry"],
      "similarProducts": []
    },
    {
      "id": "w-49875-9310155204248",
      "name": "San Remo Spirals Large Pasta No 53",
      "brand": "San Remo",
      "imageUrls": "https://cdn0.woolworths.media/content/wowproductimages/large/049875.jpg",
      "storeId": "woolworths",
      "packageSize": "750g",
      "cupPrice": "$0.27 / 100G",
      "locations": {
        "ALL": {
          "price": 2,
          "discountRate": 31,
          "promo": "",
          "orgPrice": 2.9
        }
      },
      "categoryIds": ["w-pantry"],
      "similarProducts": []
    },
    {
      "id": "w-11251-9310155419017",
      "name": "San Remo Vermicelli Egg Noodle Pasta",
      "brand": "San Remo",
      "imageUrls": "https://cdn0.woolworths.media/content/wowproductimages/large/011251.jpg",
      "storeId": "woolworths",
      "packageSize": "250g",
      "cupPrice": "$0.60 / 100G",
      "locations": {
        "ALL": {
          "price": 1.5,
          "discountRate": 14,
          "promo": "",
          "orgPrice": 1.75
        }
      },
      "categoryIds": ["w-pantry"],
      "similarProducts": []
    },
    {
      "id": "w-761064-9313839008019",
      "name": "Sandhurst Kalamata Olives Pitted",
      "brand": "Sandhurst",
      "imageUrls": "https://cdn0.woolworths.media/content/wowproductimages/large/761064.jpg",
      "storeId": "woolworths",
      "packageSize": "300g",
      "cupPrice": "$10.83 / 1KG",
      "locations": {
        "ALL": {
          "price": 3.25,
          "discountRate": 13,
          "promo": "",
          "orgPrice": 3.75
        }
      },
      "categoryIds": ["w-pantry"],
      "similarProducts": []
    },
    {
      "id": "w-733305-9313839007531",
      "name": "Sandhurst Sauerkraut",
      "brand": "Sandhurst",
      "imageUrls": "https://cdn0.woolworths.media/content/wowproductimages/large/733305.jpg",
      "storeId": "woolworths",
      "packageSize": "500g",
      "cupPrice": "$5.90 / 1KG",
      "locations": {
        "ALL": {
          "price": 2.95,
          "discountRate": 11,
          "promo": "",
          "orgPrice": 3.3
        }
      },
      "categoryIds": ["w-pantry"],
      "similarProducts": []
    },
    {
      "id": "w-214325-9313839001508",
      "name": "Sandhurst Tomatoes Semi Dried Canola Oil",
      "brand": "Sandhurst",
      "imageUrls": "https://cdn0.woolworths.media/content/wowproductimages/large/214325.jpg",
      "storeId": "woolworths",
      "packageSize": "270g",
      "cupPrice": "$15.56 / 1KG",
      "locations": {
        "ALL": {
          "price": 4.2,
          "discountRate": 11,
          "promo": "",
          "orgPrice": 4.7
        }
      },
      "categoryIds": ["w-pantry"],
      "similarProducts": []
    },
    {
      "id": "w-729113-9313839007418",
      "name": "Sandhurst Dressings Caramelised Balsamic Vinegar",
      "brand": "Sandhurst",
      "imageUrls": "https://cdn0.woolworths.media/content/wowproductimages/large/729113.jpg",
      "storeId": "woolworths",
      "packageSize": "250ml",
      "cupPrice": "$3.20 / 100ML",
      "locations": {
        "ALL": { "price": 8, "discountRate": 20, "promo": "", "orgPrice": 10 }
      },
      "categoryIds": ["w-pantry"],
      "similarProducts": []
    },
    {
      "id": "w-369908-9300652955637",
      "name": "Sanitarium Up&go Liquid Breakfast Banana",
      "brand": "Sanitarium",
      "imageUrls": "https://cdn0.woolworths.media/content/wowproductimages/large/369908.jpg",
      "storeId": "woolworths",
      "packageSize": "6 pack",
      "cupPrice": "$3.00 / 1L",
      "locations": {
        "ALL": {
          "price": 4.5,
          "discountRate": 50,
          "promo": "",
          "orgPrice": 9
        }
      },
      "categoryIds": ["w-pantry", "w-lunch-box"],
      "similarProducts": []
    },
    {
      "id": "w-167863-9300652009309",
      "name": "Sanitarium Up&go Liquid Breakfast Choc Ice",
      "brand": "Sanitarium",
      "imageUrls": "https://cdn0.woolworths.media/content/wowproductimages/large/167863.jpg",
      "storeId": "woolworths",
      "packageSize": "6 pack",
      "cupPrice": "$3.00 / 1L",
      "locations": {
        "ALL": {
          "price": 4.5,
          "discountRate": 50,
          "promo": "",
          "orgPrice": 9
        }
      },
      "categoryIds": ["w-pantry", "w-lunch-box"],
      "similarProducts": []
    },
    {
      "id": "w-78775-9300652809602",
      "name": "Sanitarium Up&go Liquid Breakfast No Added Sugar Choc Ice",
      "brand": "Sanitarium",
      "imageUrls": "https://cdn0.woolworths.media/content/wowproductimages/large/078775.jpg",
      "storeId": "woolworths",
      "packageSize": "250ml x6 pack",
      "cupPrice": "$3.00 / 1L",
      "locations": {
        "ALL": {
          "price": 4.5,
          "discountRate": 50,
          "promo": "",
          "orgPrice": 9
        }
      },
      "categoryIds": ["w-pantry"],
      "similarProducts": []
    },
    {
      "id": "w-77956-9300652809633",
      "name": "Sanitarium Up&go Liquid Breakfast No Added Sugar Vanilla Ice",
      "brand": "Sanitarium",
      "imageUrls": "https://cdn0.woolworths.media/content/wowproductimages/large/077956.jpg",
      "storeId": "woolworths",
      "packageSize": "250ml x6 pack",
      "cupPrice": "$3.00 / 1L",
      "locations": {
        "ALL": {
          "price": 4.5,
          "discountRate": 50,
          "promo": "",
          "orgPrice": 9
        }
      },
      "categoryIds": ["w-pantry"],
      "similarProducts": []
    },
    {
      "id": "w-189655-9300652010213",
      "name": "Sanitarium Up&go Liquid Breakfast Strawberry",
      "brand": "Sanitarium",
      "imageUrls": "https://cdn0.woolworths.media/content/wowproductimages/large/189655.jpg",
      "storeId": "woolworths",
      "packageSize": "6 pack",
      "cupPrice": "$3.00 / 1L",
      "locations": {
        "ALL": {
          "price": 4.5,
          "discountRate": 50,
          "promo": "",
          "orgPrice": 9
        }
      },
      "categoryIds": ["w-pantry", "w-lunch-box"],
      "similarProducts": []
    },
    {
      "id": "w-201407-9300652011395",
      "name": "Sanitarium Up&go Liquid Breakfast Vanilla Ice",
      "brand": "Sanitarium",
      "imageUrls": "https://cdn0.woolworths.media/content/wowproductimages/large/201407.jpg",
      "storeId": "woolworths",
      "packageSize": "6 pack",
      "cupPrice": "$3.00 / 1L",
      "locations": {
        "ALL": {
          "price": 4.5,
          "discountRate": 50,
          "promo": "",
          "orgPrice": 9
        }
      },
      "categoryIds": ["w-pantry", "w-lunch-box"],
      "similarProducts": []
    },
    {
      "id": "w-717254-9300652803204",
      "name": "Sanitarium Up&go Protein Energize Choc",
      "brand": "Sanitarium",
      "imageUrls": "https://cdn0.woolworths.media/content/wowproductimages/large/717254.jpg",
      "storeId": "woolworths",
      "packageSize": "250ml x6 pack",
      "cupPrice": "$3.00 / 1L",
      "locations": {
        "ALL": {
          "price": 4.5,
          "discountRate": 50,
          "promo": "",
          "orgPrice": 9
        }
      },
      "categoryIds": ["w-pantry", "w-lunch-box"],
      "similarProducts": []
    },
    {
      "id": "w-750104-9300652803792",
      "name": "Sanitarium Up&go Protein Energize Coffee",
      "brand": "Sanitarium",
      "imageUrls": "https://cdn0.woolworths.media/content/wowproductimages/large/750104.jpg",
      "storeId": "woolworths",
      "packageSize": "250ml x6 pack",
      "cupPrice": "$3.00 / 1L",
      "locations": {
        "ALL": {
          "price": 4.5,
          "discountRate": 50,
          "promo": "",
          "orgPrice": 9
        }
      },
      "categoryIds": ["w-pantry", "w-lunch-box"],
      "similarProducts": []
    },
    {
      "id": "w-750079-9300652803808",
      "name": "Sanitarium Up&go Protein Energize Vanilla",
      "brand": "Sanitarium",
      "imageUrls": "https://cdn0.woolworths.media/content/wowproductimages/large/750079.jpg",
      "storeId": "woolworths",
      "packageSize": "250ml x6 pack",
      "cupPrice": "$3.00 / 1L",
      "locations": {
        "ALL": {
          "price": 4.5,
          "discountRate": 50,
          "promo": "",
          "orgPrice": 9
        }
      },
      "categoryIds": ["w-pantry", "w-lunch-box"],
      "similarProducts": []
    },
    {
      "id": "w-793114-9300652805048",
      "name": "Sanitarium Weet-bix Breakfast Cereal",
      "brand": "Sanitarium",
      "imageUrls": "https://cdn0.woolworths.media/content/wowproductimages/large/793114.jpg",
      "storeId": "woolworths",
      "packageSize": "575g",
      "cupPrice": "$0.33 / 100G",
      "locations": {
        "ALL": {
          "price": 1.9,
          "discountRate": 50,
          "promo": "",
          "orgPrice": 3.8
        }
      },
      "categoryIds": ["w-pantry"],
      "similarProducts": []
    },
    {
      "id": "w-61643-9300652808537",
      "name": "Sanitarium Weet-bix Blends Apple & Cinnamon",
      "brand": "Sanitarium",
      "imageUrls": "https://cdn0.woolworths.media/content/wowproductimages/large/061643.jpg",
      "storeId": "woolworths",
      "packageSize": "450g",
      "cupPrice": "$0.89 / 100G",
      "locations": {
        "ALL": {
          "price": 4,
          "discountRate": 25,
          "promo": "",
          "orgPrice": 5.3
        }
      },
      "categoryIds": ["w-pantry"],
      "similarProducts": []
    },
    {
      "id": "w-430466-9300652806663",
      "name": "Sanitarium Weet-bix Blends Cranberry & Coconut Breakfast Cereal",
      "brand": "Sanitarium",
      "imageUrls": "https://cdn0.woolworths.media/content/wowproductimages/large/430466.jpg",
      "storeId": "woolworths",
      "packageSize": "450g",
      "cupPrice": "$0.89 / 100G",
      "locations": {
        "ALL": {
          "price": 4,
          "discountRate": 25,
          "promo": "",
          "orgPrice": 5.3
        }
      },
      "categoryIds": ["w-pantry"],
      "similarProducts": []
    },
    {
      "id": "w-201415-9300652006520",
      "name": "Sanitarium Weet-bix Blends Hi-bran+ Breakfast Cereal",
      "brand": "Sanitarium",
      "imageUrls": "https://cdn0.woolworths.media/content/wowproductimages/large/201415.jpg",
      "storeId": "woolworths",
      "packageSize": "750g",
      "cupPrice": "$0.53 / 100G",
      "locations": {
        "ALL": {
          "price": 4,
          "discountRate": 30,
          "promo": "",
          "orgPrice": 5.7
        }
      },
      "categoryIds": ["w-pantry"],
      "similarProducts": []
    },
    {
      "id": "w-245169-9300652014396",
      "name": "Sanitarium Weet-bix Blends Multi-grain+ Breakfast Cereal",
      "brand": "Sanitarium",
      "imageUrls": "https://cdn0.woolworths.media/content/wowproductimages/large/245169.jpg",
      "storeId": "woolworths",
      "packageSize": "575g",
      "cupPrice": "$0.70 / 100G",
      "locations": {
        "ALL": {
          "price": 4,
          "discountRate": 25,
          "promo": "",
          "orgPrice": 5.3
        }
      },
      "categoryIds": ["w-pantry"],
      "similarProducts": []
    },
    {
      "id": "w-246967-9300652014457",
      "name": "Sanitarium Weet-bix Organic Breakfast Cereal",
      "brand": "Sanitarium",
      "imageUrls": "https://cdn0.woolworths.media/content/wowproductimages/large/246967.jpg",
      "storeId": "woolworths",
      "packageSize": "750g",
      "cupPrice": "$0.53 / 100G",
      "locations": {
        "ALL": {
          "price": 4,
          "discountRate": 29,
          "promo": "",
          "orgPrice": 5.65
        }
      },
      "categoryIds": ["w-pantry"],
      "similarProducts": []
    },
    {
      "id": "w-68184-9317471189556",
      "name": "Sashi's Secret Beef Rendang Curry Kit",
      "brand": "Sashi's Secret",
      "imageUrls": "https://cdn0.woolworths.media/content/wowproductimages/large/068184.jpg",
      "storeId": "woolworths",
      "packageSize": "385g",
      "cupPrice": "$1.69 / 100G",
      "locations": {
        "ALL": {
          "price": 6.5,
          "discountRate": 13,
          "promo": "",
          "orgPrice": 7.5
        }
      },
      "categoryIds": ["w-pantry"],
      "similarProducts": []
    },
    {
      "id": "w-68083-9317471189563",
      "name": "Sashi's Secret Nasi Goreng Kit",
      "brand": "Sashi's Secret",
      "imageUrls": "https://cdn0.woolworths.media/content/wowproductimages/large/068083.jpg",
      "storeId": "woolworths",
      "packageSize": "340g",
      "cupPrice": "$1.91 / 100G",
      "locations": {
        "ALL": {
          "price": 6.5,
          "discountRate": 13,
          "promo": "",
          "orgPrice": 7.5
        }
      },
      "categoryIds": ["w-pantry"],
      "similarProducts": []
    },
    {
      "id": "w-67686-9317471189587",
      "name": "Sashi's Secret Singaporean Chilli Prawn Kit",
      "brand": "Sashi's Secret",
      "imageUrls": "https://cdn0.woolworths.media/content/wowproductimages/large/067686.jpg",
      "storeId": "woolworths",
      "packageSize": "312g",
      "cupPrice": "$2.08 / 100G",
      "locations": {
        "ALL": {
          "price": 6.5,
          "discountRate": 13,
          "promo": "",
          "orgPrice": 7.5
        }
      },
      "categoryIds": ["w-pantry"],
      "similarProducts": []
    },
    {
      "id": "w-66089-9317471189594",
      "name": "Sashi's Secret Sweet & Sour Pork Kit",
      "brand": "Sashi's Secret",
      "imageUrls": "https://cdn0.woolworths.media/content/wowproductimages/large/066089.jpg",
      "storeId": "woolworths",
      "packageSize": "420g",
      "cupPrice": "$1.55 / 100G",
      "locations": {
        "ALL": {
          "price": 6.5,
          "discountRate": 13,
          "promo": "",
          "orgPrice": 7.5
        }
      },
      "categoryIds": ["w-pantry"],
      "similarProducts": []
    },
    {
      "id": "w-80115-5010034007857",
      "name": "Seeds Of Change Organic Mediterranean Style Brown Rice",
      "brand": "Seeds Of Change",
      "imageUrls": "https://cdn0.woolworths.media/content/wowproductimages/large/080115.jpg",
      "storeId": "woolworths",
      "packageSize": "240g",
      "cupPrice": "$0.73 / 100G",
      "locations": {
        "ALL": {
          "price": 1.75,
          "discountRate": 50,
          "promo": "",
          "orgPrice": 3.5
        }
      },
      "categoryIds": ["w-pantry"],
      "similarProducts": []
    },
    {
      "id": "w-879722-764218607542",
      "name": "Simply 7 Lentil Chips With Jalapeno",
      "brand": "Simply 7",
      "imageUrls": "https://cdn0.woolworths.media/content/wowproductimages/large/879722.jpg",
      "storeId": "woolworths",
      "packageSize": "113g",
      "cupPrice": "$3.54 / 100G",
      "locations": {
        "ALL": {
          "price": 4,
          "discountRate": 24,
          "promo": "",
          "orgPrice": 5.25
        }
      },
      "categoryIds": ["w-pantry"],
      "similarProducts": []
    },
    {
      "id": "w-829143-764218608372",
      "name": "Simply 7 Lentil Chips With Sea Salt",
      "brand": "Simply 7",
      "imageUrls": "https://cdn0.woolworths.media/content/wowproductimages/large/829143.jpg",
      "storeId": "woolworths",
      "packageSize": "113g",
      "cupPrice": "$3.54 / 100G",
      "locations": {
        "ALL": {
          "price": 4,
          "discountRate": 24,
          "promo": "",
          "orgPrice": 5.25
        }
      },
      "categoryIds": ["w-pantry"],
      "similarProducts": []
    },
    {
      "id": "w-352709-9343317000303",
      "name": "Simply Wize Gluten Free Gnocchi",
      "brand": "Simply Wize",
      "imageUrls": "https://cdn0.woolworths.media/content/wowproductimages/large/352709.jpg",
      "storeId": "woolworths",
      "packageSize": "500g",
      "cupPrice": "$0.80 / 100G",
      "locations": {
        "ALL": {
          "price": 4,
          "discountRate": 27,
          "promo": "",
          "orgPrice": 5.5
        }
      },
      "categoryIds": ["w-pantry"],
      "similarProducts": []
    },
    {
      "id": "w-965117-9343317000334",
      "name": "Simply Wize Gnocchi Pumpkin",
      "brand": "Simply Wize",
      "imageUrls": "https://cdn0.woolworths.media/content/wowproductimages/large/965117.jpg",
      "storeId": "woolworths",
      "packageSize": "500g",
      "cupPrice": "$0.80 / 100G",
      "locations": {
        "ALL": {
          "price": 4,
          "discountRate": 27,
          "promo": "",
          "orgPrice": 5.5
        }
      },
      "categoryIds": ["w-pantry"],
      "similarProducts": []
    },
    {
      "id": "w-91981-9310175100049",
      "name": "Sirena Tuna In Oil Italian Style",
      "brand": "Sirena",
      "imageUrls": "https://cdn0.woolworths.media/content/wowproductimages/large/091981.jpg",
      "storeId": "woolworths",
      "packageSize": "425g",
      "cupPrice": "$12.94 / 1KG",
      "locations": {
        "ALL": {
          "price": 5.5,
          "discountRate": 21,
          "promo": "",
          "orgPrice": 7
        }
      },
      "categoryIds": ["w-pantry"],
      "similarProducts": []
    },
    {
      "id": "w-656133-9300613113045",
      "name": "Skittles Fruits Lollies Bottle",
      "brand": "Skittles",
      "imageUrls": "https://cdn0.woolworths.media/content/wowproductimages/large/656133.jpg",
      "storeId": "woolworths",
      "packageSize": "100g",
      "cupPrice": "$3.50 / 100G",
      "locations": {
        "ALL": {
          "price": 3.5,
          "discountRate": 13,
          "promo": "",
          "orgPrice": 4
        }
      },
      "categoryIds": ["w-pantry"],
      "similarProducts": []
    },
    {
      "id": "w-780900-93543217",
      "name": "Skittles Fruits Lollies Box",
      "brand": "Skittles",
      "imageUrls": "https://cdn0.woolworths.media/content/wowproductimages/large/780900.jpg",
      "storeId": "woolworths",
      "packageSize": "45g",
      "cupPrice": "$2.22 / 100G",
      "locations": {
        "ALL": {
          "price": 1,
          "discountRate": 35,
          "promo": "",
          "orgPrice": 1.55
        }
      },
      "categoryIds": ["w-pantry"],
      "similarProducts": []
    },
    {
      "id": "w-830130-9346976000523",
      "name": "Slendier Noodles Style",
      "brand": "Slendier",
      "imageUrls": "https://cdn0.woolworths.media/content/wowproductimages/large/830130.jpg",
      "storeId": "woolworths",
      "packageSize": "400g",
      "cupPrice": "$0.75 / 100G",
      "locations": {
        "ALL": {
          "price": 3,
          "discountRate": 23,
          "promo": "",
          "orgPrice": 3.9
        }
      },
      "categoryIds": ["w-pantry"],
      "similarProducts": []
    },
    {
      "id": "w-830141-9346976000493",
      "name": "Slendier Pasta Fettuccine Style Organic",
      "brand": "Slendier",
      "imageUrls": "https://cdn0.woolworths.media/content/wowproductimages/large/830141.jpg",
      "storeId": "woolworths",
      "packageSize": "400g",
      "cupPrice": "$0.75 / 100G",
      "locations": {
        "ALL": {
          "price": 3,
          "discountRate": 23,
          "promo": "",
          "orgPrice": 3.9
        }
      },
      "categoryIds": ["w-pantry"],
      "similarProducts": []
    },
    {
      "id": "w-830129-9346976000516",
      "name": "Slendier Pasta Spaghetti Style",
      "brand": "Slendier",
      "imageUrls": "https://cdn0.woolworths.media/content/wowproductimages/large/830129.jpg",
      "storeId": "woolworths",
      "packageSize": "400g",
      "cupPrice": "$0.75 / 100G",
      "locations": {
        "ALL": {
          "price": 3,
          "discountRate": 23,
          "promo": "",
          "orgPrice": 3.9
        }
      },
      "categoryIds": ["w-pantry"],
      "similarProducts": []
    },
    {
      "id": "w-830133-9346976000530",
      "name": "Slendier Slim Rice Style Style",
      "brand": "Slendier",
      "imageUrls": "https://cdn0.woolworths.media/content/wowproductimages/large/830133.jpg",
      "storeId": "woolworths",
      "packageSize": "400g",
      "cupPrice": "$0.75 / 100G",
      "locations": {
        "ALL": {
          "price": 3,
          "discountRate": 23,
          "promo": "",
          "orgPrice": 3.9
        }
      },
      "categoryIds": ["w-pantry"],
      "similarProducts": []
    },
    {
      "id": "w-785455-9300682052825",
      "name": "Snickers Chocolate Bar",
      "brand": "Snickers",
      "imageUrls": "https://cdn0.woolworths.media/content/wowproductimages/large/785455.jpg",
      "storeId": "woolworths",
      "packageSize": "50g",
      "cupPrice": "$2.00 / 100G",
      "locations": {
        "ALL": { "price": 1, "discountRate": 50, "promo": "", "orgPrice": 2 }
      },
      "categoryIds": ["w-pantry"],
      "similarProducts": []
    },
    {
      "id": "w-323465-9300682052863",
      "name": "Snickers Chocolate Medium Party Share Bag 12 Piece",
      "brand": "Snickers",
      "imageUrls": "https://cdn0.woolworths.media/content/wowproductimages/large/323465.jpg",
      "storeId": "woolworths",
      "packageSize": "216g",
      "cupPrice": "$1.39 / 100G",
      "locations": {
        "ALL": {
          "price": 3,
          "discountRate": 35,
          "promo": "",
          "orgPrice": 4.6
        }
      },
      "categoryIds": ["w-pantry"],
      "similarProducts": []
    },
    {
      "id": "w-87796-4607065738624",
      "name": "Snickers Crisper Chocolate Bar",
      "brand": "Snickers",
      "imageUrls": "https://cdn0.woolworths.media/content/wowproductimages/large/087796.jpg",
      "storeId": "woolworths",
      "packageSize": "40g",
      "cupPrice": "$2.50 / 100G",
      "locations": {
        "ALL": { "price": 1, "discountRate": 50, "promo": "", "orgPrice": 2 }
      },
      "categoryIds": ["w-pantry"],
      "similarProducts": []
    },
    {
      "id": "w-73688-9310434005054",
      "name": "Sour Patch Kids Cola",
      "brand": "Sour Patch",
      "imageUrls": "https://cdn0.woolworths.media/content/wowproductimages/large/073688.jpg",
      "storeId": "woolworths",
      "packageSize": "220g",
      "cupPrice": "$1.14 / 100G",
      "locations": {
        "ALL": {
          "price": 2.5,
          "discountRate": 38,
          "promo": "",
          "orgPrice": 4
        }
      },
      "categoryIds": ["w-pantry"],
      "similarProducts": []
    },
    {
      "id": "w-73689-9310434005016",
      "name": "Sour Patch Kids Mega Duo's",
      "brand": "Sour Patch",
      "imageUrls": "https://cdn0.woolworths.media/content/wowproductimages/large/073689.jpg",
      "storeId": "woolworths",
      "packageSize": "220g",
      "cupPrice": "$1.14 / 100G",
      "locations": {
        "ALL": {
          "price": 2.5,
          "discountRate": 38,
          "promo": "",
          "orgPrice": 4
        }
      },
      "categoryIds": ["w-pantry"],
      "similarProducts": []
    },
    {
      "id": "w-95394-9310006419470",
      "name": "Spc Baked Beans Rich Tomato",
      "brand": "Spc",
      "imageUrls": "https://cdn0.woolworths.media/content/wowproductimages/large/095394.jpg",
      "storeId": "woolworths",
      "packageSize": "140g x12 pack",
      "cupPrice": "$0.30 / 100G",
      "locations": {
        "ALL": {
          "price": 5,
          "discountRate": 52,
          "promo": "",
          "orgPrice": 10.5
        }
      },
      "categoryIds": ["w-pantry"],
      "similarProducts": []
    },
    {
      "id": "w-95412-9310006828821",
      "name": "Spc Spaghetti Rich Tomato",
      "brand": "Spc",
      "imageUrls": "https://cdn0.woolworths.media/content/wowproductimages/large/095412.jpg",
      "storeId": "woolworths",
      "packageSize": "140g x12 pack",
      "cupPrice": "$0.30 / 100G",
      "locations": {
        "ALL": {
          "price": 5,
          "discountRate": 52,
          "promo": "",
          "orgPrice": 10.5
        }
      },
      "categoryIds": ["w-pantry"],
      "similarProducts": []
    },
    {
      "id": "w-44192-9310203000044",
      "name": "Suimin Brasied Beef Noodle Cup",
      "brand": "Suimin",
      "imageUrls": "https://cdn0.woolworths.media/content/wowproductimages/large/044192.jpg",
      "storeId": "woolworths",
      "packageSize": "70g",
      "cupPrice": "$1.71 / 100G",
      "locations": {
        "ALL": {
          "price": 1.2,
          "discountRate": 20,
          "promo": "",
          "orgPrice": 1.5
        }
      },
      "categoryIds": ["w-pantry"],
      "similarProducts": []
    },
    {
      "id": "w-44194-9310203000051",
      "name": "Suimin Chicken & Prawn Noodle Cup",
      "brand": "Suimin",
      "imageUrls": "https://cdn0.woolworths.media/content/wowproductimages/large/044194.jpg",
      "storeId": "woolworths",
      "packageSize": "70g",
      "cupPrice": "$1.71 / 100G",
      "locations": {
        "ALL": {
          "price": 1.2,
          "discountRate": 20,
          "promo": "",
          "orgPrice": 1.5
        }
      },
      "categoryIds": ["w-pantry"],
      "similarProducts": []
    },
    {
      "id": "w-54624-9300695001780",
      "name": "Suimin Chicken Noodle Cup",
      "brand": "Suimin",
      "imageUrls": "https://cdn0.woolworths.media/content/wowproductimages/large/054624.jpg",
      "storeId": "woolworths",
      "packageSize": "70g",
      "cupPrice": "$1.71 / 100G",
      "locations": {
        "ALL": {
          "price": 1.2,
          "discountRate": 20,
          "promo": "",
          "orgPrice": 1.5
        }
      },
      "categoryIds": ["w-pantry"],
      "similarProducts": []
    },
    {
      "id": "w-253673-9310155001779",
      "name": "Suimin Hot & Spicy Noodle Cup",
      "brand": "Suimin",
      "imageUrls": "https://cdn0.woolworths.media/content/wowproductimages/large/253673.jpg",
      "storeId": "woolworths",
      "packageSize": "70g",
      "cupPrice": "$1.71 / 100G",
      "locations": {
        "ALL": {
          "price": 1.2,
          "discountRate": 20,
          "promo": "",
          "orgPrice": 1.5
        }
      },
      "categoryIds": ["w-pantry"],
      "similarProducts": []
    },
    {
      "id": "w-343883-9310155000284",
      "name": "Suimin Mi Goreng Noodle Cup",
      "brand": "Suimin",
      "imageUrls": "https://cdn0.woolworths.media/content/wowproductimages/large/343883.jpg",
      "storeId": "woolworths",
      "packageSize": "70g",
      "cupPrice": "$1.71 / 100G",
      "locations": {
        "ALL": {
          "price": 1.2,
          "discountRate": 20,
          "promo": "",
          "orgPrice": 1.5
        }
      },
      "categoryIds": ["w-pantry"],
      "similarProducts": []
    },
    {
      "id": "w-9782-9310155535267",
      "name": "Suimin Oriental Chicken Cup",
      "brand": "Suimin",
      "imageUrls": "https://cdn0.woolworths.media/content/wowproductimages/large/009782.jpg",
      "storeId": "woolworths",
      "packageSize": "70g",
      "cupPrice": "$1.71 / 100G",
      "locations": {
        "ALL": {
          "price": 1.2,
          "discountRate": 20,
          "promo": "",
          "orgPrice": 1.5
        }
      },
      "categoryIds": ["w-pantry"],
      "similarProducts": []
    },
    {
      "id": "w-783097-9310162861052",
      "name": "Sunbeam Almonds Meal Value Pack",
      "brand": "Sunbeam",
      "imageUrls": "https://cdn0.woolworths.media/content/wowproductimages/large/783097.jpg",
      "storeId": "woolworths",
      "packageSize": "350g",
      "cupPrice": "$22.86 / 1KG",
      "locations": {
        "ALL": { "price": 8, "discountRate": 20, "promo": "", "orgPrice": 10 }
      },
      "categoryIds": ["w-pantry"],
      "similarProducts": []
    },
    {
      "id": "w-941242-9310162720090",
      "name": "Sunbeam Gourmet Mixed Fruit",
      "brand": "Sunbeam",
      "imageUrls": "https://cdn0.woolworths.media/content/wowproductimages/large/941242.jpg",
      "storeId": "woolworths",
      "packageSize": "500g",
      "cupPrice": "$7.50 / 1KG",
      "locations": {
        "ALL": {
          "price": 3.75,
          "discountRate": 50,
          "promo": "",
          "orgPrice": 7.5
        }
      },
      "categoryIds": ["w-pantry"],
      "similarProducts": []
    },
    {
      "id": "w-91579-9310162713757",
      "name": "Sunbeam Mixed Fruit",
      "brand": "Sunbeam",
      "imageUrls": "https://cdn0.woolworths.media/content/wowproductimages/large/091579.jpg",
      "storeId": "woolworths",
      "packageSize": "375g",
      "cupPrice": "$10.13 / 1KG",
      "locations": {
        "ALL": {
          "price": 3.8,
          "discountRate": 19,
          "promo": "",
          "orgPrice": 4.7
        }
      },
      "categoryIds": ["w-pantry"],
      "similarProducts": []
    },
    {
      "id": "w-32687-9310162513753",
      "name": "Sunbeam Raisins",
      "brand": "Sunbeam",
      "imageUrls": "https://cdn0.woolworths.media/content/wowproductimages/large/032687.jpg",
      "storeId": "woolworths",
      "packageSize": "375g",
      "cupPrice": "$10.67 / 1KG",
      "locations": {
        "ALL": {
          "price": 4,
          "discountRate": 18,
          "promo": "",
          "orgPrice": 4.9
        }
      },
      "categoryIds": ["w-pantry"],
      "similarProducts": []
    },
    {
      "id": "w-177190-9310162310437",
      "name": "Sunbeam Sultanas & Apple",
      "brand": "Sunbeam",
      "imageUrls": "https://cdn0.woolworths.media/content/wowproductimages/large/177190.jpg",
      "storeId": "woolworths",
      "packageSize": "6x25g",
      "cupPrice": "$16.00 / 1KG",
      "locations": {
        "ALL": {
          "price": 2.4,
          "discountRate": 20,
          "promo": "",
          "orgPrice": 3
        }
      },
      "categoryIds": ["w-pantry", "w-lunch-box"],
      "similarProducts": []
    },
    {
      "id": "w-87868-9310140010724",
      "name": "Sunrice Brown Rice Chips Sea Salt",
      "brand": "Sunrice",
      "imageUrls": "https://cdn0.woolworths.media/content/wowproductimages/large/087868.jpg",
      "storeId": "woolworths",
      "packageSize": "150g",
      "cupPrice": "$1.67 / 100G",
      "locations": {
        "ALL": {
          "price": 2.5,
          "discountRate": 50,
          "promo": "",
          "orgPrice": 5
        }
      },
      "categoryIds": ["w-pantry"],
      "similarProducts": []
    },
    {
      "id": "w-88663-9310140010748",
      "name": "Sunrice Brown Rice Chips Smokehouse Bbq & Paprika",
      "brand": "Sunrice",
      "imageUrls": "https://cdn0.woolworths.media/content/wowproductimages/large/088663.jpg",
      "storeId": "woolworths",
      "packageSize": "150g",
      "cupPrice": "$1.67 / 100G",
      "locations": {
        "ALL": {
          "price": 2.5,
          "discountRate": 50,
          "promo": "",
          "orgPrice": 5
        }
      },
      "categoryIds": ["w-pantry"],
      "similarProducts": []
    },
    {
      "id": "w-88167-9310140010731",
      "name": "Sunrice Brown Rice Chips Wild Rice",
      "brand": "Sunrice",
      "imageUrls": "https://cdn0.woolworths.media/content/wowproductimages/large/088167.jpg",
      "storeId": "woolworths",
      "packageSize": "150g",
      "cupPrice": "$1.67 / 100G",
      "locations": {
        "ALL": {
          "price": 2.5,
          "discountRate": 50,
          "promo": "",
          "orgPrice": 5
        }
      },
      "categoryIds": ["w-pantry"],
      "similarProducts": []
    },
    {
      "id": "w-259201-802763021748",
      "name": "Sunsweet Prunes Pitted",
      "brand": "Sunsweet",
      "imageUrls": "https://cdn0.woolworths.media/content/wowproductimages/large/259201.jpg",
      "storeId": "woolworths",
      "packageSize": "200g",
      "cupPrice": "$15.00 / 1KG",
      "locations": {
        "ALL": {
          "price": 3,
          "discountRate": 17,
          "promo": "",
          "orgPrice": 3.6
        }
      },
      "categoryIds": ["w-pantry"],
      "similarProducts": []
    },
    {
      "id": "w-377119-13409918104",
      "name": "Sweet Baby Ray's Bbq Sauce",
      "brand": "Sweet Baby Ray's",
      "imageUrls": "https://cdn0.woolworths.media/content/wowproductimages/large/377119.jpg",
      "storeId": "woolworths",
      "packageSize": "425ml",
      "cupPrice": "$1.12 / 100ML",
      "locations": {
        "ALL": {
          "price": 4.75,
          "discountRate": 5,
          "promo": "",
          "orgPrice": 5
        }
      },
      "categoryIds": ["w-pantry"],
      "similarProducts": []
    },
    {
      "id": "w-802036-13409451328",
      "name": "Sweet Baby Ray's Hickory & Brown Sugar Bbq Sauce",
      "brand": "Sweet Baby Ray's",
      "imageUrls": "https://cdn0.woolworths.media/content/wowproductimages/large/802036.jpg",
      "storeId": "woolworths",
      "packageSize": "425ml",
      "cupPrice": "$1.12 / 100ML",
      "locations": {
        "ALL": {
          "price": 4.75,
          "discountRate": 5,
          "promo": "",
          "orgPrice": 5
        }
      },
      "categoryIds": ["w-pantry"],
      "similarProducts": []
    },
    {
      "id": "w-60469-13409516072",
      "name": "Sweet Baby Ray's Honey Bbq Sauce",
      "brand": "Sweet Baby Ray's",
      "imageUrls": "https://cdn0.woolworths.media/content/wowproductimages/large/060469.jpg",
      "storeId": "woolworths",
      "packageSize": "425ml",
      "cupPrice": "$1.12 / 100ML",
      "locations": {
        "ALL": {
          "price": 4.75,
          "discountRate": 5,
          "promo": "",
          "orgPrice": 5
        }
      },
      "categoryIds": ["w-pantry"],
      "similarProducts": []
    },
    {
      "id": "w-60474-13409516058",
      "name": "Sweet Baby Ray's Sweet N Spicy Bbq Sauce",
      "brand": "Sweet Baby Ray's",
      "imageUrls": "https://cdn0.woolworths.media/content/wowproductimages/large/060474.jpg",
      "storeId": "woolworths",
      "packageSize": "425ml",
      "cupPrice": "$1.12 / 100ML",
      "locations": {
        "ALL": {
          "price": 4.75,
          "discountRate": 5,
          "promo": "",
          "orgPrice": 5
        }
      },
      "categoryIds": ["w-pantry"],
      "similarProducts": []
    },
    {
      "id": "w-298661-9311259421890",
      "name": "Sweet William Original Chocolate Dairy Free",
      "brand": "Sweet William",
      "imageUrls": "https://cdn0.woolworths.media/content/wowproductimages/large/298661.jpg",
      "storeId": "woolworths",
      "packageSize": "100g",
      "cupPrice": "$2.90 / 100G",
      "locations": {
        "ALL": {
          "price": 2.9,
          "discountRate": 19,
          "promo": "",
          "orgPrice": 3.6
        }
      },
      "categoryIds": ["w-pantry"],
      "similarProducts": []
    },
    {
      "id": "w-8552-5000477070204",
      "name": "Symington's Instant Dandelion Tea No Caffeine",
      "brand": "Symington's",
      "imageUrls": "https://cdn0.woolworths.media/content/wowproductimages/large/008552.jpg",
      "storeId": "woolworths",
      "packageSize": "250g",
      "cupPrice": "$4.72 / 100G",
      "locations": {
        "ALL": {
          "price": 11.8,
          "discountRate": 11,
          "promo": "",
          "orgPrice": 13.2
        }
      },
      "categoryIds": ["w-pantry"],
      "similarProducts": []
    },
    {
      "id": "w-79955-9311616035593",
      "name": "Tabasco Sriracha Sauce",
      "brand": "Tabasco",
      "imageUrls": "https://cdn0.woolworths.media/content/wowproductimages/large/079955.jpg",
      "storeId": "woolworths",
      "packageSize": "256ml",
      "cupPrice": "$1.95 / 100ML",
      "locations": {
        "ALL": { "price": 5, "discountRate": 17, "promo": "", "orgPrice": 6 }
      },
      "categoryIds": ["w-pantry"],
      "similarProducts": []
    },
    {
      "id": "w-738979-9335777001822",
      "name": "Table Of Plenty Mini Rice Snacks Chocolate Cakes",
      "brand": "Table Of Plenty",
      "imageUrls": "https://cdn0.woolworths.media/content/wowproductimages/large/738979.jpg",
      "storeId": "woolworths",
      "packageSize": "60g",
      "cupPrice": "$4.83 / 100G",
      "locations": {
        "ALL": {
          "price": 2.9,
          "discountRate": 19,
          "promo": "",
          "orgPrice": 3.6
        }
      },
      "categoryIds": ["w-pantry"],
      "similarProducts": []
    },
    {
      "id": "w-738916-9335777001839",
      "name": "Table Of Plenty Mini Rice Snacks Dark Chocolate Cakes",
      "brand": "Table Of Plenty",
      "imageUrls": "https://cdn0.woolworths.media/content/wowproductimages/large/738916.jpg",
      "storeId": "woolworths",
      "packageSize": "60g",
      "cupPrice": "$4.83 / 100G",
      "locations": {
        "ALL": {
          "price": 2.9,
          "discountRate": 19,
          "promo": "",
          "orgPrice": 3.6
        }
      },
      "categoryIds": ["w-pantry"],
      "similarProducts": []
    },
    {
      "id": "w-751382-9335777001846",
      "name": "Table Of Plenty Mini Rice Snacks Triple Berry Yoghurt Cakes",
      "brand": "Table Of Plenty",
      "imageUrls": "https://cdn0.woolworths.media/content/wowproductimages/large/751382.jpg",
      "storeId": "woolworths",
      "packageSize": "60g",
      "cupPrice": "$4.83 / 100G",
      "locations": {
        "ALL": {
          "price": 2.9,
          "discountRate": 19,
          "promo": "",
          "orgPrice": 3.6
        }
      },
      "categoryIds": ["w-pantry"],
      "similarProducts": []
    },
    {
      "id": "w-683935-9335777003222",
      "name": "Table Of Plenty Rice Cakes Rosemary Sea Salt",
      "brand": "Table Of Plenty",
      "imageUrls": "https://cdn0.woolworths.media/content/wowproductimages/large/683935.jpg",
      "storeId": "woolworths",
      "packageSize": "60g",
      "cupPrice": "$4.17 / 100G",
      "locations": {
        "ALL": {
          "price": 2.5,
          "discountRate": 22,
          "promo": "",
          "orgPrice": 3.2
        }
      },
      "categoryIds": ["w-pantry"],
      "similarProducts": []
    },
    {
      "id": "w-852554-9335777003208",
      "name": "Table Of Plenty Savoury Mini Rice Cake Tomato & Sweet Basil",
      "brand": "Table Of Plenty",
      "imageUrls": "https://cdn0.woolworths.media/content/wowproductimages/large/852554.jpg",
      "storeId": "woolworths",
      "packageSize": "60g",
      "cupPrice": "$4.17 / 100G",
      "locations": {
        "ALL": {
          "price": 2.5,
          "discountRate": 22,
          "promo": "",
          "orgPrice": 3.2
        }
      },
      "categoryIds": ["w-pantry"],
      "similarProducts": []
    },
    {
      "id": "w-716082-9313107110079",
      "name": "Tassal Salmon Lemon Pepper",
      "brand": "Tassal",
      "imageUrls": "https://cdn0.woolworths.media/content/wowproductimages/large/716082.jpg",
      "storeId": "woolworths",
      "packageSize": "95g",
      "cupPrice": "$15.79 / 1KG",
      "locations": {
        "ALL": {
          "price": 1.5,
          "discountRate": 25,
          "promo": "",
          "orgPrice": 2
        }
      },
      "categoryIds": ["w-pantry"],
      "similarProducts": []
    },
    {
      "id": "w-716073-9313107110093",
      "name": "Tassal Salmon Springwater",
      "brand": "Tassal",
      "imageUrls": "https://cdn0.woolworths.media/content/wowproductimages/large/716073.jpg",
      "storeId": "woolworths",
      "packageSize": "95g",
      "cupPrice": "$15.79 / 1KG",
      "locations": {
        "ALL": {
          "price": 1.5,
          "discountRate": 25,
          "promo": "",
          "orgPrice": 2
        }
      },
      "categoryIds": ["w-pantry"],
      "similarProducts": []
    },
    {
      "id": "w-716090-9313107110062",
      "name": "Tassal Salmon Sweet Chilli",
      "brand": "Tassal",
      "imageUrls": "https://cdn0.woolworths.media/content/wowproductimages/large/716090.jpg",
      "storeId": "woolworths",
      "packageSize": "95g",
      "cupPrice": "$15.79 / 1KG",
      "locations": {
        "ALL": {
          "price": 1.5,
          "discountRate": 25,
          "promo": "",
          "orgPrice": 2
        }
      },
      "categoryIds": ["w-pantry"],
      "similarProducts": []
    },
    {
      "id": "w-28406-9403110042716",
      "name": "Tasti Made Simple Protein Bars Cacao Brownie",
      "brand": "Tasti",
      "imageUrls": "https://cdn0.woolworths.media/content/wowproductimages/large/028406.jpg",
      "storeId": "woolworths",
      "packageSize": "5 pack",
      "cupPrice": "$2.67 / 100G",
      "locations": {
        "ALL": {
          "price": 4,
          "discountRate": 27,
          "promo": "",
          "orgPrice": 5.5
        }
      },
      "categoryIds": ["w-pantry"],
      "similarProducts": []
    },
    {
      "id": "w-28409-9403110042723",
      "name": "Tasti Made Simple Protein Bars Peanut Butter & Berry",
      "brand": "Tasti",
      "imageUrls": "https://cdn0.woolworths.media/content/wowproductimages/large/028409.jpg",
      "storeId": "woolworths",
      "packageSize": "5 pack",
      "cupPrice": "$2.67 / 100G",
      "locations": {
        "ALL": {
          "price": 4,
          "discountRate": 27,
          "promo": "",
          "orgPrice": 5.5
        }
      },
      "categoryIds": ["w-pantry"],
      "similarProducts": []
    },
    {
      "id": "w-29525-9403110042419",
      "name": "Tasti Made Simple Wholefood Balls Peanut Butter & Caramel",
      "brand": "Tasti",
      "imageUrls": "https://cdn0.woolworths.media/content/wowproductimages/large/029525.jpg",
      "storeId": "woolworths",
      "packageSize": "4 pack",
      "cupPrice": "$2.90 / 100G",
      "locations": {
        "ALL": {
          "price": 4,
          "discountRate": 27,
          "promo": "",
          "orgPrice": 5.5
        }
      },
      "categoryIds": ["w-pantry"],
      "similarProducts": []
    },
    {
      "id": "w-513478-9403110042105",
      "name": "Tasti Made Simple Wholefood Bars Forest Berry",
      "brand": "Tasti",
      "imageUrls": "https://cdn0.woolworths.media/content/wowproductimages/large/513478.jpg",
      "storeId": "woolworths",
      "packageSize": "5 pack",
      "cupPrice": "$2.67 / 100G",
      "locations": {
        "ALL": {
          "price": 4,
          "discountRate": 27,
          "promo": "",
          "orgPrice": 5.5
        }
      },
      "categoryIds": ["w-pantry"],
      "similarProducts": []
    },
    {
      "id": "w-512887-9403110042112",
      "name": "Tasti Made Simple Wholefood Bars Lamington",
      "brand": "Tasti",
      "imageUrls": "https://cdn0.woolworths.media/content/wowproductimages/large/512887.jpg",
      "storeId": "woolworths",
      "packageSize": "5 pack",
      "cupPrice": "$2.67 / 100G",
      "locations": {
        "ALL": {
          "price": 4,
          "discountRate": 27,
          "promo": "",
          "orgPrice": 5.5
        }
      },
      "categoryIds": ["w-pantry"],
      "similarProducts": []
    },
    {
      "id": "w-28422-9403110042655",
      "name": "Tasti Nut Butter Bars Peanut Butter",
      "brand": "Tasti",
      "imageUrls": "https://cdn0.woolworths.media/content/wowproductimages/large/028422.jpg",
      "storeId": "woolworths",
      "packageSize": "175g",
      "cupPrice": "$2.29 / 100G",
      "locations": {
        "ALL": {
          "price": 4,
          "discountRate": 27,
          "promo": "",
          "orgPrice": 5.5
        }
      },
      "categoryIds": ["w-pantry"],
      "similarProducts": []
    },
    {
      "id": "w-28424-9403110042679",
      "name": "Tasti Nut Butter Bars Peanut Butter & Berry",
      "brand": "Tasti",
      "imageUrls": "https://cdn0.woolworths.media/content/wowproductimages/large/028424.jpg",
      "storeId": "woolworths",
      "packageSize": "175g",
      "cupPrice": "$2.29 / 100G",
      "locations": {
        "ALL": {
          "price": 4,
          "discountRate": 27,
          "promo": "",
          "orgPrice": 5.5
        }
      },
      "categoryIds": ["w-pantry"],
      "similarProducts": []
    },
    {
      "id": "w-785587-9403110062721",
      "name": "Tasti Protein Bar Salted Caramel",
      "brand": "Tasti",
      "imageUrls": "https://cdn0.woolworths.media/content/wowproductimages/large/785587.jpg",
      "storeId": "woolworths",
      "packageSize": "200g",
      "cupPrice": "$2.00 / 100G",
      "locations": {
        "ALL": {
          "price": 4,
          "discountRate": 17,
          "promo": "",
          "orgPrice": 4.8
        }
      },
      "categoryIds": ["w-pantry", "w-lunch-box"],
      "similarProducts": []
    },
    {
      "id": "w-534185-9403110042242",
      "name": "Tasti Smooshed Brazen Berry 6 Wholefood Balls",
      "brand": "Tasti",
      "imageUrls": "https://cdn0.woolworths.media/content/wowproductimages/large/534185.jpg",
      "storeId": "woolworths",
      "packageSize": "69g",
      "cupPrice": "$3.62 / 100G",
      "locations": {
        "ALL": {
          "price": 2.5,
          "discountRate": 24,
          "promo": "",
          "orgPrice": 3.3
        }
      },
      "categoryIds": ["w-pantry"],
      "similarProducts": []
    },
    {
      "id": "w-646352-9403110042228",
      "name": "Tasti Smooshed Peanut Butter & Cara Snack",
      "brand": "Tasti",
      "imageUrls": "https://cdn0.woolworths.media/content/wowproductimages/large/646352.jpg",
      "storeId": "woolworths",
      "packageSize": "69g",
      "cupPrice": "$3.62 / 100G",
      "locations": {
        "ALL": {
          "price": 2.5,
          "discountRate": 24,
          "promo": "",
          "orgPrice": 3.3
        }
      },
      "categoryIds": ["w-pantry"],
      "similarProducts": []
    },
    {
      "id": "w-806277-9403110042273",
      "name": "Tasti Smooshed Protein Dark Cacao Brownie",
      "brand": "Tasti",
      "imageUrls": "https://cdn0.woolworths.media/content/wowproductimages/large/806277.jpg",
      "storeId": "woolworths",
      "packageSize": "58g",
      "cupPrice": "$4.31 / 100G",
      "locations": {
        "ALL": {
          "price": 2.5,
          "discountRate": 24,
          "promo": "",
          "orgPrice": 3.3
        }
      },
      "categoryIds": ["w-pantry"],
      "similarProducts": []
    },
    {
      "id": "w-806065-9403110042259",
      "name": "Tasti Smooshed Protein Salted Caramel & Almonds",
      "brand": "Tasti",
      "imageUrls": "https://cdn0.woolworths.media/content/wowproductimages/large/806065.jpg",
      "storeId": "woolworths",
      "packageSize": "58g",
      "cupPrice": "$4.31 / 100G",
      "locations": {
        "ALL": {
          "price": 2.5,
          "discountRate": 24,
          "promo": "",
          "orgPrice": 3.3
        }
      },
      "categoryIds": ["w-pantry"],
      "similarProducts": []
    },
    {
      "id": "w-65162-9403110043201",
      "name": "Tasti Smooshed Protein Balls Dark Cacao Brownie",
      "brand": "Tasti",
      "imageUrls": "https://cdn0.woolworths.media/content/wowproductimages/large/065162.jpg",
      "storeId": "woolworths",
      "packageSize": "69g",
      "cupPrice": "$3.62 / 100G",
      "locations": {
        "ALL": {
          "price": 2.5,
          "discountRate": 24,
          "promo": "",
          "orgPrice": 3.3
        }
      },
      "categoryIds": ["w-pantry"],
      "similarProducts": []
    },
    {
      "id": "w-750825-9403110062707",
      "name": "Tasti Protein Bar Nutty Choc",
      "brand": "Tasti",
      "imageUrls": "https://cdn0.woolworths.media/content/wowproductimages/large/750825.jpg",
      "storeId": "woolworths",
      "packageSize": "200g",
      "cupPrice": "$2.00 / 100G",
      "locations": {
        "ALL": {
          "price": 4,
          "discountRate": 17,
          "promo": "",
          "orgPrice": 4.8
        }
      },
      "categoryIds": ["w-pantry", "w-lunch-box"],
      "similarProducts": []
    },
    {
      "id": "w-862909-8850367992102",
      "name": "Tcc Coconut Cream",
      "brand": "Tcc",
      "imageUrls": "https://cdn0.woolworths.media/content/wowproductimages/large/862909.jpg",
      "storeId": "woolworths",
      "packageSize": "400ml",
      "cupPrice": "$0.38 / 100G",
      "locations": {
        "ALL": {
          "price": 1.5,
          "discountRate": 25,
          "promo": "",
          "orgPrice": 2
        }
      },
      "categoryIds": ["w-pantry"],
      "similarProducts": []
    },
    {
      "id": "w-65695-9347808004474",
      "name": "The Bar Counter Protein Balls Peanut Butter Chocolate",
      "brand": "The Bar Counter",
      "imageUrls": "https://cdn0.woolworths.media/content/wowproductimages/large/065695.jpg",
      "storeId": "woolworths",
      "packageSize": "30g",
      "cupPrice": "$6.67 / 100G",
      "locations": {
        "ALL": {
          "price": 2,
          "discountRate": 20,
          "promo": "",
          "orgPrice": 2.5
        }
      },
      "categoryIds": ["w-pantry"],
      "similarProducts": []
    },
    {
      "id": "w-65882-9347808004481",
      "name": "The Bar Counter Protein Balls Salted Caramel Chocolate",
      "brand": "The Bar Counter",
      "imageUrls": "https://cdn0.woolworths.media/content/wowproductimages/large/065882.jpg",
      "storeId": "woolworths",
      "packageSize": "30g",
      "cupPrice": "$6.67 / 100G",
      "locations": {
        "ALL": {
          "price": 2,
          "discountRate": 20,
          "promo": "",
          "orgPrice": 2.5
        }
      },
      "categoryIds": ["w-pantry"],
      "similarProducts": []
    },
    {
      "id": "w-94372-9310146400062",
      "name": "The Good Harvest Fettuccine",
      "brand": "The Good Harvest",
      "imageUrls": "https://cdn0.woolworths.media/content/wowproductimages/large/094372.jpg",
      "storeId": "woolworths",
      "packageSize": "500g",
      "cupPrice": "$0.30 / 100G",
      "locations": {
        "ALL": {
          "price": 1.5,
          "discountRate": 33,
          "promo": "",
          "orgPrice": 2.25
        }
      },
      "categoryIds": ["w-pantry"],
      "similarProducts": []
    },
    {
      "id": "w-180492-9421009000012",
      "name": "The Grove Gourmet Avocado Cold Pressed Oil",
      "brand": "The Grove Gourmet",
      "imageUrls": "https://cdn0.woolworths.media/content/wowproductimages/large/180492.jpg",
      "storeId": "woolworths",
      "packageSize": "250ml",
      "cupPrice": "$3.80 / 100ML",
      "locations": {
        "ALL": {
          "price": 9.5,
          "discountRate": 21,
          "promo": "",
          "orgPrice": 12
        }
      },
      "categoryIds": ["w-pantry"],
      "similarProducts": []
    },
    {
      "id": "w-59453-9318471001299",
      "name": "The Happy Snack Company Chickpeas Chocolate",
      "brand": "The Happy Snack Company",
      "imageUrls": "https://cdn0.woolworths.media/content/wowproductimages/large/059453.jpg",
      "storeId": "woolworths",
      "packageSize": "5 pack",
      "cupPrice": "$4.00 / 100G",
      "locations": {
        "ALL": {
          "price": 4,
          "discountRate": 25,
          "promo": "",
          "orgPrice": 5.3
        }
      },
      "categoryIds": ["w-pantry"],
      "similarProducts": []
    },
    {
      "id": "w-60082-9318471001282",
      "name": "The Happy Snack Company Chickpeas Dark Choc",
      "brand": "The Happy Snack Company",
      "imageUrls": "https://cdn0.woolworths.media/content/wowproductimages/large/060082.jpg",
      "storeId": "woolworths",
      "packageSize": "5 pack",
      "cupPrice": "$4.00 / 100G",
      "locations": {
        "ALL": {
          "price": 4,
          "discountRate": 25,
          "promo": "",
          "orgPrice": 5.3
        }
      },
      "categoryIds": ["w-pantry"],
      "similarProducts": []
    },
    {
      "id": "w-60072-9318471001305",
      "name": "The Happy Snack Company Chickpeas Dark Choc Raspberry",
      "brand": "The Happy Snack Company",
      "imageUrls": "https://cdn0.woolworths.media/content/wowproductimages/large/060072.jpg",
      "storeId": "woolworths",
      "packageSize": "5 pack",
      "cupPrice": "$4.00 / 100G",
      "locations": {
        "ALL": {
          "price": 4,
          "discountRate": 25,
          "promo": "",
          "orgPrice": 5.3
        }
      },
      "categoryIds": ["w-pantry"],
      "similarProducts": []
    },
    {
      "id": "w-806060-9318471000735",
      "name": "The Happy Snack Company Crunchy Roasted Chickpeas Lime & Cracked Pepper",
      "brand": "The Happy Snack Company",
      "imageUrls": "https://cdn0.woolworths.media/content/wowproductimages/large/806060.jpg",
      "storeId": "woolworths",
      "packageSize": "6 pack",
      "cupPrice": "$2.67 / 100G",
      "locations": {
        "ALL": {
          "price": 4,
          "discountRate": 25,
          "promo": "",
          "orgPrice": 5.3
        }
      },
      "categoryIds": ["w-pantry"],
      "similarProducts": []
    },
    {
      "id": "w-927881-9318471000667",
      "name": "The Happy Snack Company Roasted Chic Peas Lightly Salted",
      "brand": "The Happy Snack Company",
      "imageUrls": "https://cdn0.woolworths.media/content/wowproductimages/large/927881.jpg",
      "storeId": "woolworths",
      "packageSize": "6x25g",
      "cupPrice": "$2.67 / 100G",
      "locations": {
        "ALL": {
          "price": 4,
          "discountRate": 25,
          "promo": "",
          "orgPrice": 5.3
        }
      },
      "categoryIds": ["w-pantry", "w-lunch-box"],
      "similarProducts": []
    },
    {
      "id": "w-927838-9318471000728",
      "name": "The Happy Snack Company Roasted Fav-va Beans Balsamic Vinegar",
      "brand": "The Happy Snack Company",
      "imageUrls": "https://cdn0.woolworths.media/content/wowproductimages/large/927838.jpg",
      "storeId": "woolworths",
      "packageSize": "6x25g",
      "cupPrice": "$2.67 / 100G",
      "locations": {
        "ALL": {
          "price": 4,
          "discountRate": 25,
          "promo": "",
          "orgPrice": 5.3
        }
      },
      "categoryIds": ["w-pantry", "w-lunch-box"],
      "similarProducts": []
    },
    {
      "id": "w-464456-9318471000889",
      "name": "The Happy Snack Company Roasted Fav-va Beans Red Pepper & Chilli",
      "brand": "The Happy Snack Company",
      "imageUrls": "https://cdn0.woolworths.media/content/wowproductimages/large/464456.jpg",
      "storeId": "woolworths",
      "packageSize": "6x25g",
      "cupPrice": "$2.67 / 100G",
      "locations": {
        "ALL": {
          "price": 4,
          "discountRate": 25,
          "promo": "",
          "orgPrice": 5.3
        }
      },
      "categoryIds": ["w-pantry", "w-lunch-box"],
      "similarProducts": []
    },
    {
      "id": "w-464458-9318471000896",
      "name": "The Happy Snack Company Roasted Fav-va Beans Salt & Vinegar",
      "brand": "The Happy Snack Company",
      "imageUrls": "https://cdn0.woolworths.media/content/wowproductimages/large/464458.jpg",
      "storeId": "woolworths",
      "packageSize": "10x15g",
      "cupPrice": "$2.67 / 100G",
      "locations": {
        "ALL": {
          "price": 4,
          "discountRate": 25,
          "promo": "",
          "orgPrice": 5.3
        }
      },
      "categoryIds": ["w-pantry", "w-lunch-box"],
      "similarProducts": []
    },
    {
      "id": "w-932505-9318471000674",
      "name": "The Happy Snack Company Fav-va Beans Lightly Salted",
      "brand": "The Happy Snack Company",
      "imageUrls": "https://cdn0.woolworths.media/content/wowproductimages/large/932505.jpg",
      "storeId": "woolworths",
      "packageSize": "6x25g",
      "cupPrice": "$2.67 / 100G",
      "locations": {
        "ALL": {
          "price": 4,
          "discountRate": 25,
          "promo": "",
          "orgPrice": 5.3
        }
      },
      "categoryIds": ["w-pantry", "w-lunch-box"],
      "similarProducts": []
    },
    {
      "id": "w-932514-9318471000759",
      "name": "The Happy Snack Company Kids Fav-va Beans Lightly Salted",
      "brand": "The Happy Snack Company",
      "imageUrls": "https://cdn0.woolworths.media/content/wowproductimages/large/932514.jpg",
      "storeId": "woolworths",
      "packageSize": "10x15g",
      "cupPrice": "$2.67 / 100G",
      "locations": {
        "ALL": {
          "price": 4,
          "discountRate": 25,
          "promo": "",
          "orgPrice": 5.3
        }
      },
      "categoryIds": ["w-pantry", "w-lunch-box"],
      "similarProducts": []
    },
    {
      "id": "w-932517-9318471000773",
      "name": "The Happy Snack Company Kids Fav-va Beans Pizza",
      "brand": "The Happy Snack Company",
      "imageUrls": "https://cdn0.woolworths.media/content/wowproductimages/large/932517.jpg",
      "storeId": "woolworths",
      "packageSize": "10x15g",
      "cupPrice": "$2.67 / 100G",
      "locations": {
        "ALL": {
          "price": 4,
          "discountRate": 25,
          "promo": "",
          "orgPrice": 5.3
        }
      },
      "categoryIds": ["w-pantry", "w-lunch-box"],
      "similarProducts": []
    },
    {
      "id": "w-932509-9318471000643",
      "name": "The Happy Snack Company Roasted Chic Peas Lightly Salted",
      "brand": "The Happy Snack Company",
      "imageUrls": "https://cdn0.woolworths.media/content/wowproductimages/large/932509.jpg",
      "storeId": "woolworths",
      "packageSize": "200g",
      "cupPrice": "$2.00 / 100G",
      "locations": {
        "ALL": {
          "price": 4,
          "discountRate": 25,
          "promo": "",
          "orgPrice": 5.35
        }
      },
      "categoryIds": ["w-pantry", "w-lunch-box"],
      "similarProducts": []
    },
    {
      "id": "w-85791-9310988017848",
      "name": "The Natural Chip Co. Veg Ring Cheese",
      "brand": "The Natural Chip Co.",
      "imageUrls": "https://cdn0.woolworths.media/content/wowproductimages/large/085791.jpg",
      "storeId": "woolworths",
      "packageSize": "125g",
      "cupPrice": "$2.00 / 100G",
      "locations": {
        "ALL": {
          "price": 2.5,
          "discountRate": 29,
          "promo": "",
          "orgPrice": 3.5
        }
      },
      "categoryIds": ["w-pantry"],
      "similarProducts": []
    },
    {
      "id": "w-85709-9310988017855",
      "name": "The Natural Chip Co. Veggie Rings Big Red Tomato",
      "brand": "The Natural Chip Co.",
      "imageUrls": "https://cdn0.woolworths.media/content/wowproductimages/large/085709.jpg",
      "storeId": "woolworths",
      "packageSize": "125g",
      "cupPrice": "$2.00 / 100G",
      "locations": {
        "ALL": {
          "price": 2.5,
          "discountRate": 29,
          "promo": "",
          "orgPrice": 3.5
        }
      },
      "categoryIds": ["w-pantry"],
      "similarProducts": []
    },
    {
      "id": "w-828981-9310434001582",
      "name": "The Natural Confectionery Co. Berry Bliss",
      "brand": "The Natural Confectionery Co.",
      "imageUrls": "https://cdn0.woolworths.media/content/wowproductimages/large/828981.jpg",
      "storeId": "woolworths",
      "packageSize": "200g bag",
      "cupPrice": "$1.25 / 100G",
      "locations": {
        "ALL": {
          "price": 2.5,
          "discountRate": 38,
          "promo": "",
          "orgPrice": 4
        }
      },
      "categoryIds": ["w-pantry"],
      "similarProducts": []
    },
    {
      "id": "w-698977-9310434004330",
      "name": "The Natural Confectionery Co. Fruit Basket Reduced Sugar",
      "brand": "The Natural Confectionery Co.",
      "imageUrls": "https://cdn0.woolworths.media/content/wowproductimages/large/698977.jpg",
      "storeId": "woolworths",
      "packageSize": "220g",
      "cupPrice": "$1.14 / 100G",
      "locations": {
        "ALL": {
          "price": 2.5,
          "discountRate": 38,
          "promo": "",
          "orgPrice": 4
        }
      },
      "categoryIds": ["w-pantry"],
      "similarProducts": []
    },
    {
      "id": "w-828986-9310434001612",
      "name": "The Natural Confectionery Co. Fruity Chews",
      "brand": "The Natural Confectionery Co.",
      "imageUrls": "https://cdn0.woolworths.media/content/wowproductimages/large/828986.jpg",
      "storeId": "woolworths",
      "packageSize": "220g bag",
      "cupPrice": "$1.14 / 100G",
      "locations": {
        "ALL": {
          "price": 2.5,
          "discountRate": 38,
          "promo": "",
          "orgPrice": 4
        }
      },
      "categoryIds": ["w-pantry"],
      "similarProducts": []
    },
    {
      "id": "w-828999-9310434001742",
      "name": "The Natural Confectionery Co. Party Mix",
      "brand": "The Natural Confectionery Co.",
      "imageUrls": "https://cdn0.woolworths.media/content/wowproductimages/large/828999.jpg",
      "storeId": "woolworths",
      "packageSize": "240g bag",
      "cupPrice": "$1.04 / 100G",
      "locations": {
        "ALL": {
          "price": 2.5,
          "discountRate": 38,
          "promo": "",
          "orgPrice": 4
        }
      },
      "categoryIds": ["w-pantry"],
      "similarProducts": []
    },
    {
      "id": "w-828995-9310434001773",
      "name": "The Natural Confectionery Co. Snakes",
      "brand": "The Natural Confectionery Co.",
      "imageUrls": "https://cdn0.woolworths.media/content/wowproductimages/large/828995.jpg",
      "storeId": "woolworths",
      "packageSize": "260g bag",
      "cupPrice": "$0.96 / 100G",
      "locations": {
        "ALL": {
          "price": 2.5,
          "discountRate": 38,
          "promo": "",
          "orgPrice": 4
        }
      },
      "categoryIds": ["w-pantry"],
      "similarProducts": []
    },
    {
      "id": "w-698978-9310434004415",
      "name": "The Natural Confectionery Co. Snakes Reduced Sugar",
      "brand": "The Natural Confectionery Co.",
      "imageUrls": "https://cdn0.woolworths.media/content/wowproductimages/large/698978.jpg",
      "storeId": "woolworths",
      "packageSize": "260g",
      "cupPrice": "$0.96 / 100G",
      "locations": {
        "ALL": {
          "price": 2.5,
          "discountRate": 38,
          "promo": "",
          "orgPrice": 4
        }
      },
      "categoryIds": ["w-pantry"],
      "similarProducts": []
    },
    {
      "id": "w-828988-9310434001674",
      "name": "The Natural Confectionery Co. Soft Jellies Fruit Salad",
      "brand": "The Natural Confectionery Co.",
      "imageUrls": "https://cdn0.woolworths.media/content/wowproductimages/large/828988.jpg",
      "storeId": "woolworths",
      "packageSize": "240g bag",
      "cupPrice": "$1.04 / 100G",
      "locations": {
        "ALL": {
          "price": 2.5,
          "discountRate": 38,
          "promo": "",
          "orgPrice": 4
        }
      },
      "categoryIds": ["w-pantry"],
      "similarProducts": []
    },
    {
      "id": "w-826153-9300617045106",
      "name": "The Natural Confectionery Co. Sour Patch Watermelon",
      "brand": "The Natural Confectionery Co.",
      "imageUrls": "https://cdn0.woolworths.media/content/wowproductimages/large/826153.jpg",
      "storeId": "woolworths",
      "packageSize": "220g bag",
      "cupPrice": "$1.14 / 100G",
      "locations": {
        "ALL": {
          "price": 2.5,
          "discountRate": 38,
          "promo": "",
          "orgPrice": 4
        }
      },
      "categoryIds": ["w-pantry"],
      "similarProducts": []
    },
    {
      "id": "w-673410-9300617045144",
      "name": "The Natural Confectionery Co. Sour Patch",
      "brand": "The Natural Confectionery Co.",
      "imageUrls": "https://cdn0.woolworths.media/content/wowproductimages/large/673410.jpg",
      "storeId": "woolworths",
      "packageSize": "220g",
      "cupPrice": "$1.14 / 100G",
      "locations": {
        "ALL": {
          "price": 2.5,
          "discountRate": 38,
          "promo": "",
          "orgPrice": 4
        }
      },
      "categoryIds": ["w-pantry"],
      "similarProducts": []
    },
    {
      "id": "w-828979-9300617042907",
      "name": "The Natural Confectionery Co. Sour Patch Kids",
      "brand": "The Natural Confectionery Co.",
      "imageUrls": "https://cdn0.woolworths.media/content/wowproductimages/large/828979.jpg",
      "storeId": "woolworths",
      "packageSize": "220g bag",
      "cupPrice": "$1.14 / 100G",
      "locations": {
        "ALL": {
          "price": 2.5,
          "discountRate": 38,
          "promo": "",
          "orgPrice": 4
        }
      },
      "categoryIds": ["w-pantry"],
      "similarProducts": []
    },
    {
      "id": "w-829007-9310434001735",
      "name": "The Natural Confectionery Co. Sour Squirms",
      "brand": "The Natural Confectionery Co.",
      "imageUrls": "https://cdn0.woolworths.media/content/wowproductimages/large/829007.jpg",
      "storeId": "woolworths",
      "packageSize": "240g bag",
      "cupPrice": "$1.04 / 100G",
      "locations": {
        "ALL": {
          "price": 2.5,
          "discountRate": 38,
          "promo": "",
          "orgPrice": 4
        }
      },
      "categoryIds": ["w-pantry"],
      "similarProducts": []
    },
    {
      "id": "w-354357-9310988009461",
      "name": "Thins Cheese & Onion Chips",
      "brand": "Thins",
      "imageUrls": "https://cdn0.woolworths.media/content/wowproductimages/large/354357.jpg",
      "storeId": "woolworths",
      "packageSize": "175g",
      "cupPrice": "$1.00 / 100G",
      "locations": {
        "ALL": {
          "price": 1.75,
          "discountRate": 50,
          "promo": "",
          "orgPrice": 3.5
        }
      },
      "categoryIds": ["w-pantry"],
      "similarProducts": []
    },
    {
      "id": "w-319967-9310988009478",
      "name": "Thins Chips Chicken",
      "brand": "Thins",
      "imageUrls": "https://cdn0.woolworths.media/content/wowproductimages/large/319967.jpg",
      "storeId": "woolworths",
      "packageSize": "175g",
      "cupPrice": "$1.00 / 100G",
      "locations": {
        "ALL": {
          "price": 1.75,
          "discountRate": 50,
          "promo": "",
          "orgPrice": 3.5
        }
      },
      "categoryIds": ["w-pantry"],
      "similarProducts": []
    },
    {
      "id": "w-274324-9310988009287",
      "name": "Thins Chips Original",
      "brand": "Thins",
      "imageUrls": "https://cdn0.woolworths.media/content/wowproductimages/large/274324.jpg",
      "storeId": "woolworths",
      "packageSize": "175g",
      "cupPrice": "$1.00 / 100G",
      "locations": {
        "ALL": {
          "price": 1.75,
          "discountRate": 50,
          "promo": "",
          "orgPrice": 3.5
        }
      },
      "categoryIds": ["w-pantry"],
      "similarProducts": []
    },
    {
      "id": "w-274326-9310988009294",
      "name": "Thins Chips Light & Tangy",
      "brand": "Thins",
      "imageUrls": "https://cdn0.woolworths.media/content/wowproductimages/large/274326.jpg",
      "storeId": "woolworths",
      "packageSize": "175g",
      "cupPrice": "$1.00 / 100G",
      "locations": {
        "ALL": {
          "price": 1.75,
          "discountRate": 50,
          "promo": "",
          "orgPrice": 3.5
        }
      },
      "categoryIds": ["w-pantry"],
      "similarProducts": []
    },
    {
      "id": "w-319951-9310988009270",
      "name": "Thins Chips Salt & Vinegar",
      "brand": "Thins",
      "imageUrls": "https://cdn0.woolworths.media/content/wowproductimages/large/319951.jpg",
      "storeId": "woolworths",
      "packageSize": "175g",
      "cupPrice": "$1.00 / 100G",
      "locations": {
        "ALL": {
          "price": 1.75,
          "discountRate": 50,
          "promo": "",
          "orgPrice": 3.5
        }
      },
      "categoryIds": ["w-pantry"],
      "similarProducts": []
    },
    {
      "id": "w-55497-9310988017664",
      "name": "Thins Hot & Spicy Potato Chips",
      "brand": "Thins",
      "imageUrls": "https://cdn0.woolworths.media/content/wowproductimages/large/055497.jpg",
      "storeId": "woolworths",
      "packageSize": "175g",
      "cupPrice": "$1.00 / 100G",
      "locations": {
        "ALL": {
          "price": 1.75,
          "discountRate": 50,
          "promo": "",
          "orgPrice": 3.5
        }
      },
      "categoryIds": ["w-pantry"],
      "similarProducts": []
    },
    {
      "id": "w-293630-9310988009201",
      "name": "Thins Multipack Classic Original Chips",
      "brand": "Thins",
      "imageUrls": "https://cdn0.woolworths.media/content/wowproductimages/large/293630.jpg",
      "storeId": "woolworths",
      "packageSize": "6 pack",
      "cupPrice": "$1.75 / 100G",
      "locations": {
        "ALL": {
          "price": 2,
          "discountRate": 40,
          "promo": "",
          "orgPrice": 3.35
        }
      },
      "categoryIds": ["w-pantry", "w-lunch-box"],
      "similarProducts": []
    },
    {
      "id": "w-322231-9310988009874",
      "name": "Thins Single Pack Original Chips",
      "brand": "Thins",
      "imageUrls": "https://cdn0.woolworths.media/content/wowproductimages/large/322231.jpg",
      "storeId": "woolworths",
      "packageSize": "45g",
      "cupPrice": "$2.22 / 100G",
      "locations": {
        "ALL": {
          "price": 1,
          "discountRate": 38,
          "promo": "",
          "orgPrice": 1.6
        }
      },
      "categoryIds": ["w-pantry"],
      "similarProducts": []
    },
    {
      "id": "w-81813-80925705",
      "name": "Tic Tac X-freeze Eucalyptus Mint",
      "brand": "Tic Tac",
      "imageUrls": "https://cdn0.woolworths.media/content/wowproductimages/large/081813.jpg",
      "storeId": "woolworths",
      "packageSize": "16.5g",
      "cupPrice": "$9.09 / 100G",
      "locations": {
        "ALL": {
          "price": 1.5,
          "discountRate": 25,
          "promo": "",
          "orgPrice": 2
        }
      },
      "categoryIds": ["w-pantry"],
      "similarProducts": []
    },
    {
      "id": "w-81814-80896241",
      "name": "Tic Tac X-freeze Spearmint",
      "brand": "Tic Tac",
      "imageUrls": "https://cdn0.woolworths.media/content/wowproductimages/large/081814.jpg",
      "storeId": "woolworths",
      "packageSize": "16.5g",
      "cupPrice": "$9.09 / 100G",
      "locations": {
        "ALL": {
          "price": 1.5,
          "discountRate": 25,
          "promo": "",
          "orgPrice": 2
        }
      },
      "categoryIds": ["w-pantry"],
      "similarProducts": []
    },
    {
      "id": "w-47011-76145513",
      "name": "Toblerone Milk Chocolate Bar",
      "brand": "Toblerone",
      "imageUrls": "https://cdn0.woolworths.media/content/wowproductimages/large/047011.jpg",
      "storeId": "woolworths",
      "packageSize": "50g",
      "cupPrice": "$2.00 / 100G",
      "locations": {
        "ALL": { "price": 1, "discountRate": 50, "promo": "", "orgPrice": 2 }
      },
      "categoryIds": ["w-pantry"],
      "similarProducts": []
    },
    {
      "id": "w-468984-9300617051930",
      "name": "Toblerone Milk Chocolate Bar",
      "brand": "Toblerone",
      "imageUrls": "https://cdn0.woolworths.media/content/wowproductimages/large/468984.jpg",
      "storeId": "woolworths",
      "packageSize": "360g",
      "cupPrice": "$1.67 / 100G",
      "locations": {
        "ALL": { "price": 6, "discountRate": 40, "promo": "", "orgPrice": 10 }
      },
      "categoryIds": ["w-pantry"],
      "similarProducts": []
    },
    {
      "id": "w-684471-9300617071594",
      "name": "Toblerone Milk Chocolate Sharepack",
      "brand": "Toblerone",
      "imageUrls": "https://cdn0.woolworths.media/content/wowproductimages/large/684471.jpg",
      "storeId": "woolworths",
      "packageSize": "200g",
      "cupPrice": "$1.00 / 100G",
      "locations": {
        "ALL": { "price": 2, "discountRate": 60, "promo": "", "orgPrice": 5 }
      },
      "categoryIds": ["w-pantry"],
      "similarProducts": []
    },
    {
      "id": "w-644858-9421903582546",
      "name": "Tom & Luke Peanut Butter & Cacao",
      "brand": "Tom & Luke",
      "imageUrls": "https://cdn0.woolworths.media/content/wowproductimages/large/644858.jpg",
      "storeId": "woolworths",
      "packageSize": "10 pack",
      "cupPrice": "$2.86 / 100G",
      "locations": {
        "ALL": { "price": 4, "discountRate": 20, "promo": "", "orgPrice": 5 }
      },
      "categoryIds": ["w-pantry", "w-health-beauty"],
      "similarProducts": []
    },
    {
      "id": "w-644436-9421903582539",
      "name": "Tom & Luke Salted Caramel",
      "brand": "Tom & Luke",
      "imageUrls": "https://cdn0.woolworths.media/content/wowproductimages/large/644436.jpg",
      "storeId": "woolworths",
      "packageSize": "10 pack",
      "cupPrice": "$2.86 / 100G",
      "locations": {
        "ALL": { "price": 4, "discountRate": 20, "promo": "", "orgPrice": 5 }
      },
      "categoryIds": ["w-pantry", "w-health-beauty"],
      "similarProducts": []
    },
    {
      "id": "w-229333-41116005343",
      "name": "Topps Push Pop Candy",
      "brand": "Topps",
      "imageUrls": "https://cdn0.woolworths.media/content/wowproductimages/large/229333.jpg",
      "storeId": "woolworths",
      "packageSize": "15g",
      "cupPrice": "$8.67 / 100G",
      "locations": {
        "ALL": {
          "price": 1.3,
          "discountRate": 13,
          "promo": "",
          "orgPrice": 1.5
        }
      },
      "categoryIds": ["w-pantry"],
      "similarProducts": []
    },
    {
      "id": "w-728313-70177194826",
      "name": "Twinings Assam Bold Tea",
      "brand": "Twinings",
      "imageUrls": "https://cdn0.woolworths.media/content/wowproductimages/large/728313.jpg",
      "storeId": "woolworths",
      "packageSize": "80 pack",
      "cupPrice": "$0.07 / 1EA",
      "locations": {
        "ALL": {
          "price": 5.5,
          "discountRate": 50,
          "promo": "",
          "orgPrice": 11
        }
      },
      "categoryIds": ["w-pantry", "w-drinks"],
      "similarProducts": []
    },
    {
      "id": "w-714457-70177187699",
      "name": "Twinings Australian Afternoon Tea Bags",
      "brand": "Twinings",
      "imageUrls": "https://cdn0.woolworths.media/content/wowproductimages/large/714457.jpg",
      "storeId": "woolworths",
      "packageSize": "100 pack",
      "cupPrice": "$0.06 / 1EA",
      "locations": {
        "ALL": {
          "price": 5.5,
          "discountRate": 50,
          "promo": "",
          "orgPrice": 11
        }
      },
      "categoryIds": ["w-pantry", "w-drinks"],
      "similarProducts": []
    },
    {
      "id": "w-94179-70177227166",
      "name": "Twinings Chai Vanilla Flavoures Tea Bags",
      "brand": "Twinings",
      "imageUrls": "https://cdn0.woolworths.media/content/wowproductimages/large/094179.jpg",
      "storeId": "woolworths",
      "packageSize": "80 pack",
      "cupPrice": "$0.07 / 1EA",
      "locations": {
        "ALL": {
          "price": 5.5,
          "discountRate": 50,
          "promo": "",
          "orgPrice": 11
        }
      },
      "categoryIds": ["w-pantry", "w-drinks"],
      "similarProducts": []
    },
    {
      "id": "w-72617-70177025694",
      "name": "Twinings Earl Grey Tea Bags",
      "brand": "Twinings",
      "imageUrls": "https://cdn0.woolworths.media/content/wowproductimages/large/072617.jpg",
      "storeId": "woolworths",
      "packageSize": "100 pack",
      "cupPrice": "$0.06 / 1EA",
      "locations": {
        "ALL": {
          "price": 5.5,
          "discountRate": 50,
          "promo": "",
          "orgPrice": 11
        }
      },
      "categoryIds": ["w-pantry", "w-drinks"],
      "similarProducts": []
    },
    {
      "id": "w-72618-70177025700",
      "name": "Twinings English Breakfast Tea Bags",
      "brand": "Twinings",
      "imageUrls": "https://cdn0.woolworths.media/content/wowproductimages/large/072618.jpg",
      "storeId": "woolworths",
      "packageSize": "100pk 200g",
      "cupPrice": "$0.06 / 1EA",
      "locations": {
        "ALL": {
          "price": 5.5,
          "discountRate": 50,
          "promo": "",
          "orgPrice": 11
        }
      },
      "categoryIds": ["w-pantry", "w-drinks"],
      "similarProducts": []
    },
    {
      "id": "w-829281-70177106348",
      "name": "Twinings Extra Strong English Breakfast Tea Bags",
      "brand": "Twinings",
      "imageUrls": "https://cdn0.woolworths.media/content/wowproductimages/large/829281.jpg",
      "storeId": "woolworths",
      "packageSize": "80 pack",
      "cupPrice": "$0.07 / 1EA",
      "locations": {
        "ALL": {
          "price": 5.5,
          "discountRate": 50,
          "promo": "",
          "orgPrice": 11
        }
      },
      "categoryIds": ["w-pantry", "w-drinks"],
      "similarProducts": []
    },
    {
      "id": "w-318680-70177261863",
      "name": "Twinings Green Tea Bags",
      "brand": "Twinings",
      "imageUrls": "https://cdn0.woolworths.media/content/wowproductimages/large/318680.jpg",
      "storeId": "woolworths",
      "packageSize": "150g",
      "cupPrice": "$0.06 / 1EA",
      "locations": {
        "ALL": {
          "price": 5.5,
          "discountRate": 50,
          "promo": "",
          "orgPrice": 11
        }
      },
      "categoryIds": ["w-pantry", "w-drinks"],
      "similarProducts": []
    },
    {
      "id": "w-701969-70177225667",
      "name": "Twinings In'fuse Watermelon Strawberry & Mint",
      "brand": "Twinings",
      "imageUrls": "https://cdn0.woolworths.media/content/wowproductimages/large/701969.jpg",
      "storeId": "woolworths",
      "packageSize": "3 pack",
      "cupPrice": "$0.33 / 1EA",
      "locations": {
        "ALL": { "price": 1, "discountRate": 50, "promo": "", "orgPrice": 2 }
      },
      "categoryIds": ["w-pantry", "w-drinks"],
      "similarProducts": []
    },
    {
      "id": "w-701972-70177225650",
      "name": "Twinings Infuse Blueberry Apple & Blackcurrant",
      "brand": "Twinings",
      "imageUrls": "https://cdn0.woolworths.media/content/wowproductimages/large/701972.jpg",
      "storeId": "woolworths",
      "packageSize": "3 pack",
      "cupPrice": "$0.33 / 1EA",
      "locations": {
        "ALL": { "price": 1, "discountRate": 50, "promo": "", "orgPrice": 2 }
      },
      "categoryIds": ["w-pantry", "w-drinks"],
      "similarProducts": []
    },
    {
      "id": "w-701975-70177225674",
      "name": "Twinings Infuse Passionfruit Mango & Blood Orange",
      "brand": "Twinings",
      "imageUrls": "https://cdn0.woolworths.media/content/wowproductimages/large/701975.jpg",
      "storeId": "woolworths",
      "packageSize": "3 pack",
      "cupPrice": "$0.33 / 1EA",
      "locations": {
        "ALL": { "price": 1, "discountRate": 50, "promo": "", "orgPrice": 2 }
      },
      "categoryIds": ["w-pantry", "w-drinks"],
      "similarProducts": []
    },
    {
      "id": "w-8647-70177043117",
      "name": "Twinings Irish Breakfast Tea Bags",
      "brand": "Twinings",
      "imageUrls": "https://cdn0.woolworths.media/content/wowproductimages/large/008647.jpg",
      "storeId": "woolworths",
      "packageSize": "100pk 200g",
      "cupPrice": "$0.06 / 1EA",
      "locations": {
        "ALL": {
          "price": 5.5,
          "discountRate": 50,
          "promo": "",
          "orgPrice": 11
        }
      },
      "categoryIds": ["w-pantry", "w-drinks"],
      "similarProducts": []
    },
    {
      "id": "w-257224-70177156916",
      "name": "Twinings Lady Grey Tea Bags",
      "brand": "Twinings",
      "imageUrls": "https://cdn0.woolworths.media/content/wowproductimages/large/257224.jpg",
      "storeId": "woolworths",
      "packageSize": "100 pack",
      "cupPrice": "$0.06 / 1EA",
      "locations": {
        "ALL": {
          "price": 5.5,
          "discountRate": 50,
          "promo": "",
          "orgPrice": 11
        }
      },
      "categoryIds": ["w-pantry", "w-drinks"],
      "similarProducts": []
    },
    {
      "id": "w-575832-70177176174",
      "name": "Twinings Morning Tea",
      "brand": "Twinings",
      "imageUrls": "https://cdn0.woolworths.media/content/wowproductimages/large/575832.jpg",
      "storeId": "woolworths",
      "packageSize": "100 pack",
      "cupPrice": "$0.06 / 1EA",
      "locations": {
        "ALL": {
          "price": 5.5,
          "discountRate": 50,
          "promo": "",
          "orgPrice": 11
        }
      },
      "categoryIds": ["w-pantry", "w-drinks"],
      "similarProducts": []
    },
    {
      "id": "w-888464-70177169916",
      "name": "Twinings Pure Camomile Tea Bags",
      "brand": "Twinings",
      "imageUrls": "https://cdn0.woolworths.media/content/wowproductimages/large/888464.jpg",
      "storeId": "woolworths",
      "packageSize": "80 pack",
      "cupPrice": "$0.07 / 1EA",
      "locations": {
        "ALL": {
          "price": 5.5,
          "discountRate": 50,
          "promo": "",
          "orgPrice": 11
        }
      },
      "categoryIds": ["w-pantry"],
      "similarProducts": []
    },
    {
      "id": "w-888487-70177169923",
      "name": "Twinings Pure Peppermint Tea Bags",
      "brand": "Twinings",
      "imageUrls": "https://cdn0.woolworths.media/content/wowproductimages/large/888487.jpg",
      "storeId": "woolworths",
      "packageSize": "80 pack",
      "cupPrice": "$0.07 / 1EA",
      "locations": {
        "ALL": {
          "price": 5.5,
          "discountRate": 50,
          "promo": "",
          "orgPrice": 11
        }
      },
      "categoryIds": ["w-pantry"],
      "similarProducts": []
    },
    {
      "id": "w-931160-70177169909",
      "name": "Twinings Tea Bags Lemon & Ginger",
      "brand": "Twinings",
      "imageUrls": "https://cdn0.woolworths.media/content/wowproductimages/large/931160.jpg",
      "storeId": "woolworths",
      "packageSize": "80 pack",
      "cupPrice": "$0.07 / 1EA",
      "locations": {
        "ALL": {
          "price": 5.5,
          "discountRate": 50,
          "promo": "",
          "orgPrice": 11
        }
      },
      "categoryIds": ["w-pantry"],
      "similarProducts": []
    },
    {
      "id": "w-657419-9300682051385",
      "name": "Twix Chocolate Bar",
      "brand": "Twix",
      "imageUrls": "https://cdn0.woolworths.media/content/wowproductimages/large/657419.jpg",
      "storeId": "woolworths",
      "packageSize": "50g",
      "cupPrice": "$2.00 / 100G",
      "locations": {
        "ALL": { "price": 1, "discountRate": 50, "promo": "", "orgPrice": 2 }
      },
      "categoryIds": ["w-pantry"],
      "similarProducts": []
    },
    {
      "id": "w-324111-9300682051330",
      "name": "Twix Chocolate Medium Party Share Bag 12 Piece",
      "brand": "Twix",
      "imageUrls": "https://cdn0.woolworths.media/content/wowproductimages/large/324111.jpg",
      "storeId": "woolworths",
      "packageSize": "174g",
      "cupPrice": "$1.72 / 100G",
      "locations": {
        "ALL": {
          "price": 3,
          "discountRate": 35,
          "promo": "",
          "orgPrice": 4.6
        }
      },
      "categoryIds": ["w-pantry"],
      "similarProducts": []
    },
    {
      "id": "w-471954-9350515001018",
      "name": "Tyrrell's Chips Cheddar & Chives",
      "brand": "Tyrrell's",
      "imageUrls": "https://cdn0.woolworths.media/content/wowproductimages/large/471954.jpg",
      "storeId": "woolworths",
      "packageSize": "165g bag",
      "cupPrice": "$1.36 / 100G",
      "locations": {
        "ALL": {
          "price": 2.25,
          "discountRate": 50,
          "promo": "",
          "orgPrice": 4.5
        }
      },
      "categoryIds": ["w-pantry"],
      "similarProducts": []
    },
    {
      "id": "w-471968-9350515001001",
      "name": "Tyrrell's Chips Lightly Salted",
      "brand": "Tyrrell's",
      "imageUrls": "https://cdn0.woolworths.media/content/wowproductimages/large/471968.jpg",
      "storeId": "woolworths",
      "packageSize": "165g bag",
      "cupPrice": "$1.36 / 100G",
      "locations": {
        "ALL": {
          "price": 2.25,
          "discountRate": 50,
          "promo": "",
          "orgPrice": 4.5
        }
      },
      "categoryIds": ["w-pantry"],
      "similarProducts": []
    },
    {
      "id": "w-79980-9310012056942",
      "name": "Uncle Ben's Lightly Flavoured Garlic Rice",
      "brand": "Uncle Ben's",
      "imageUrls": "https://cdn0.woolworths.media/content/wowproductimages/large/079980.jpg",
      "storeId": "woolworths",
      "packageSize": "250g",
      "cupPrice": "$1.20 / 100G",
      "locations": {
        "ALL": {
          "price": 3,
          "discountRate": 8,
          "promo": "",
          "orgPrice": 3.25
        }
      },
      "categoryIds": ["w-pantry"],
      "similarProducts": []
    },
    {
      "id": "w-792437-9310012044161",
      "name": "Uncle Ben's Microwave Brown & Wild Rice",
      "brand": "Uncle Ben's",
      "imageUrls": "https://cdn0.woolworths.media/content/wowproductimages/large/792437.jpg",
      "storeId": "woolworths",
      "packageSize": "250g",
      "cupPrice": "$0.96 / 100G",
      "locations": {
        "ALL": {
          "price": 2.4,
          "discountRate": 11,
          "promo": "",
          "orgPrice": 2.7
        }
      },
      "categoryIds": ["w-pantry"],
      "similarProducts": []
    },
    {
      "id": "w-727257-9310012037323",
      "name": "Uncle Ben's Microwave Mexican Style Brown Rice",
      "brand": "Uncle Ben's",
      "imageUrls": "https://cdn0.woolworths.media/content/wowproductimages/large/727257.jpg",
      "storeId": "woolworths",
      "packageSize": "250g",
      "cupPrice": "$1.20 / 100G",
      "locations": {
        "ALL": {
          "price": 3,
          "discountRate": 8,
          "promo": "",
          "orgPrice": 3.25
        }
      },
      "categoryIds": ["w-pantry"],
      "similarProducts": []
    },
    {
      "id": "w-270829-5010034514201",
      "name": "Uncle Ben's Microwave Mexican Style Rice",
      "brand": "Uncle Ben's",
      "imageUrls": "https://cdn0.woolworths.media/content/wowproductimages/large/270829.jpg",
      "storeId": "woolworths",
      "packageSize": "250g",
      "cupPrice": "$1.20 / 100G",
      "locations": {
        "ALL": {
          "price": 3,
          "discountRate": 8,
          "promo": "",
          "orgPrice": 3.25
        }
      },
      "categoryIds": ["w-pantry"],
      "similarProducts": []
    },
    {
      "id": "w-261735-5010034517202",
      "name": "Uncle Ben's Microwave Savoury Chicken Flavour Rice",
      "brand": "Uncle Ben's",
      "imageUrls": "https://cdn0.woolworths.media/content/wowproductimages/large/261735.jpg",
      "storeId": "woolworths",
      "packageSize": "250g",
      "cupPrice": "$1.20 / 100G",
      "locations": {
        "ALL": {
          "price": 3,
          "discountRate": 8,
          "promo": "",
          "orgPrice": 3.25
        }
      },
      "categoryIds": ["w-pantry"],
      "similarProducts": []
    },
    {
      "id": "w-270976-3487400010025",
      "name": "Uncle Ben's Microwave Special Fried Rice",
      "brand": "Uncle Ben's",
      "imageUrls": "https://cdn0.woolworths.media/content/wowproductimages/large/270976.jpg",
      "storeId": "woolworths",
      "packageSize": "250g",
      "cupPrice": "$1.20 / 100G",
      "locations": {
        "ALL": {
          "price": 3,
          "discountRate": 8,
          "promo": "",
          "orgPrice": 3.25
        }
      },
      "categoryIds": ["w-pantry"],
      "similarProducts": []
    },
    {
      "id": "w-261734-5010034518001",
      "name": "Uncle Ben's Microwave Tomato & Basil Rice",
      "brand": "Uncle Ben's",
      "imageUrls": "https://cdn0.woolworths.media/content/wowproductimages/large/261734.jpg",
      "storeId": "woolworths",
      "packageSize": "250g",
      "cupPrice": "$1.20 / 100G",
      "locations": {
        "ALL": {
          "price": 3,
          "discountRate": 8,
          "promo": "",
          "orgPrice": 3.25
        }
      },
      "categoryIds": ["w-pantry"],
      "similarProducts": []
    },
    {
      "id": "w-39717-9310012051923",
      "name": "Uncle Ben's Microwave Basmati Coconut Chilli Lemongrass Rice Pouch",
      "brand": "Uncle Ben's",
      "imageUrls": "https://cdn0.woolworths.media/content/wowproductimages/large/039717.jpg",
      "storeId": "woolworths",
      "packageSize": "250g",
      "cupPrice": "$1.20 / 100G",
      "locations": {
        "ALL": {
          "price": 3,
          "discountRate": 8,
          "promo": "",
          "orgPrice": 3.25
        }
      },
      "categoryIds": ["w-pantry"],
      "similarProducts": []
    },
    {
      "id": "w-41577-9310012051893",
      "name": "Uncle Ben's Microwave Basmati Coconut Rice Pouch",
      "brand": "Uncle Ben's",
      "imageUrls": "https://cdn0.woolworths.media/content/wowproductimages/large/041577.jpg",
      "storeId": "woolworths",
      "packageSize": "250g",
      "cupPrice": "$1.20 / 100G",
      "locations": {
        "ALL": {
          "price": 3,
          "discountRate": 8,
          "promo": "",
          "orgPrice": 3.25
        }
      },
      "categoryIds": ["w-pantry"],
      "similarProducts": []
    },
    {
      "id": "w-792456-9310012043850",
      "name": "Uncle Ben's Microwave Brown Red & Wild Rice Medley",
      "brand": "Uncle Ben's",
      "imageUrls": "https://cdn0.woolworths.media/content/wowproductimages/large/792456.jpg",
      "storeId": "woolworths",
      "packageSize": "250g",
      "cupPrice": "$0.96 / 100G",
      "locations": {
        "ALL": {
          "price": 2.4,
          "discountRate": 11,
          "promo": "",
          "orgPrice": 2.7
        }
      },
      "categoryIds": ["w-pantry"],
      "similarProducts": []
    },
    {
      "id": "w-364093-9310012035893",
      "name": "Uncle Ben's Microwave Brown Rice",
      "brand": "Uncle Ben's",
      "imageUrls": "https://cdn0.woolworths.media/content/wowproductimages/large/364093.jpg",
      "storeId": "woolworths",
      "packageSize": "250g",
      "cupPrice": "$0.96 / 100G",
      "locations": {
        "ALL": {
          "price": 2.4,
          "discountRate": 11,
          "promo": "",
          "orgPrice": 2.7
        }
      },
      "categoryIds": ["w-pantry"],
      "similarProducts": []
    },
    {
      "id": "w-37211-5010034007666",
      "name": "Uncle Ben's Microwave Golden Vegetable Rice Pouch",
      "brand": "Uncle Ben's",
      "imageUrls": "https://cdn0.woolworths.media/content/wowproductimages/large/037211.jpg",
      "storeId": "woolworths",
      "packageSize": "250g",
      "cupPrice": "$1.20 / 100G",
      "locations": {
        "ALL": {
          "price": 3,
          "discountRate": 8,
          "promo": "",
          "orgPrice": 3.25
        }
      },
      "categoryIds": ["w-pantry"],
      "similarProducts": []
    },
    {
      "id": "w-78056-9310012057161",
      "name": "Uncle Ben's Smokey Flavour Brown Rice & Beans",
      "brand": "Uncle Ben's",
      "imageUrls": "https://cdn0.woolworths.media/content/wowproductimages/large/078056.jpg",
      "storeId": "woolworths",
      "packageSize": "240g",
      "cupPrice": "$1.25 / 100G",
      "locations": {
        "ALL": {
          "price": 3,
          "discountRate": 8,
          "promo": "",
          "orgPrice": 3.25
        }
      },
      "categoryIds": ["w-pantry"],
      "similarProducts": []
    },
    {
      "id": "w-72612-9300605130777",
      "name": "Uncle Tobys Ancient Grains & Seeds Muesli Bar",
      "brand": "Uncle Tobys",
      "imageUrls": "https://cdn0.woolworths.media/content/wowproductimages/large/072612.jpg",
      "storeId": "woolworths",
      "packageSize": "5 pack",
      "cupPrice": "$1.71 / 100G",
      "locations": {
        "ALL": { "price": 3, "discountRate": 40, "promo": "", "orgPrice": 5 }
      },
      "categoryIds": ["w-pantry"],
      "similarProducts": []
    },
    {
      "id": "w-72512-9300605130791",
      "name": "Uncle Tobys Blueberry & Ancient Grains Muesli Bar",
      "brand": "Uncle Tobys",
      "imageUrls": "https://cdn0.woolworths.media/content/wowproductimages/large/072512.jpg",
      "storeId": "woolworths",
      "packageSize": "5 pack",
      "cupPrice": "$1.71 / 100G",
      "locations": {
        "ALL": { "price": 3, "discountRate": 40, "promo": "", "orgPrice": 5 }
      },
      "categoryIds": ["w-pantry"],
      "similarProducts": []
    },
    {
      "id": "w-827596-9300605063587",
      "name": "Uncle Tobys Cereal Plus Antioxidant",
      "brand": "Uncle Tobys",
      "imageUrls": "https://cdn0.woolworths.media/content/wowproductimages/large/827596.jpg",
      "storeId": "woolworths",
      "packageSize": "765g",
      "cupPrice": "$0.49 / 100G",
      "locations": {
        "ALL": {
          "price": 3.75,
          "discountRate": 50,
          "promo": "",
          "orgPrice": 7.5
        }
      },
      "categoryIds": ["w-pantry"],
      "similarProducts": []
    },
    {
      "id": "w-827635-9300605088122",
      "name": "Uncle Tobys Cereal Plus Calcium",
      "brand": "Uncle Tobys",
      "imageUrls": "https://cdn0.woolworths.media/content/wowproductimages/large/827635.jpg",
      "storeId": "woolworths",
      "packageSize": "690g",
      "cupPrice": "$0.54 / 100G",
      "locations": {
        "ALL": {
          "price": 3.75,
          "discountRate": 50,
          "promo": "",
          "orgPrice": 7.5
        }
      },
      "categoryIds": ["w-pantry"],
      "similarProducts": []
    },
    {
      "id": "w-827627-9300605073500",
      "name": "Uncle Tobys Cereal Plus Fibre",
      "brand": "Uncle Tobys",
      "imageUrls": "https://cdn0.woolworths.media/content/wowproductimages/large/827627.jpg",
      "storeId": "woolworths",
      "packageSize": "775g",
      "cupPrice": "$0.48 / 100G",
      "locations": {
        "ALL": {
          "price": 3.75,
          "discountRate": 50,
          "promo": "",
          "orgPrice": 7.5
        }
      },
      "categoryIds": ["w-pantry"],
      "similarProducts": []
    },
    {
      "id": "w-827588-9300605101388",
      "name": "Uncle Tobys Cereal Plus Iron",
      "brand": "Uncle Tobys",
      "imageUrls": "https://cdn0.woolworths.media/content/wowproductimages/large/827588.jpg",
      "storeId": "woolworths",
      "packageSize": "710g",
      "cupPrice": "$0.53 / 100G",
      "locations": {
        "ALL": {
          "price": 3.75,
          "discountRate": 50,
          "promo": "",
          "orgPrice": 7.5
        }
      },
      "categoryIds": ["w-pantry"],
      "similarProducts": []
    },
    {
      "id": "w-827655-9300605073470",
      "name": "Uncle Tobys Cereal Plus Muesli Flakes",
      "brand": "Uncle Tobys",
      "imageUrls": "https://cdn0.woolworths.media/content/wowproductimages/large/827655.jpg",
      "storeId": "woolworths",
      "packageSize": "820g",
      "cupPrice": "$0.46 / 100G",
      "locations": {
        "ALL": {
          "price": 3.75,
          "discountRate": 50,
          "promo": "",
          "orgPrice": 7.5
        }
      },
      "categoryIds": ["w-pantry"],
      "similarProducts": []
    },
    {
      "id": "w-827601-9300605073494",
      "name": "Uncle Tobys Cereal Plus Omega",
      "brand": "Uncle Tobys",
      "imageUrls": "https://cdn0.woolworths.media/content/wowproductimages/large/827601.jpg",
      "storeId": "woolworths",
      "packageSize": "775g",
      "cupPrice": "$0.48 / 100G",
      "locations": {
        "ALL": {
          "price": 3.75,
          "discountRate": 50,
          "promo": "",
          "orgPrice": 7.5
        }
      },
      "categoryIds": ["w-pantry"],
      "similarProducts": []
    },
    {
      "id": "w-827636-9300605073487",
      "name": "Uncle Tobys Cereal Plus Protein",
      "brand": "Uncle Tobys",
      "imageUrls": "https://cdn0.woolworths.media/content/wowproductimages/large/827636.jpg",
      "storeId": "woolworths",
      "packageSize": "705g",
      "cupPrice": "$0.53 / 100G",
      "locations": {
        "ALL": {
          "price": 3.75,
          "discountRate": 50,
          "promo": "",
          "orgPrice": 7.5
        }
      },
      "categoryIds": ["w-pantry"],
      "similarProducts": []
    },
    {
      "id": "w-72603-9300605130807",
      "name": "Uncle Tobys Cranberry Vanilla & Coconut Muesli Bar",
      "brand": "Uncle Tobys",
      "imageUrls": "https://cdn0.woolworths.media/content/wowproductimages/large/072603.jpg",
      "storeId": "woolworths",
      "packageSize": "5 pack",
      "cupPrice": "$1.71 / 100G",
      "locations": {
        "ALL": { "price": 3, "discountRate": 40, "promo": "", "orgPrice": 5 }
      },
      "categoryIds": ["w-pantry"],
      "similarProducts": []
    },
    {
      "id": "w-72467-9300605130814",
      "name": "Uncle Tobys Mango Vanilla & Chia Muesli Bar",
      "brand": "Uncle Tobys",
      "imageUrls": "https://cdn0.woolworths.media/content/wowproductimages/large/072467.jpg",
      "storeId": "woolworths",
      "packageSize": "5 pack",
      "cupPrice": "$1.71 / 100G",
      "locations": {
        "ALL": { "price": 3, "discountRate": 40, "promo": "", "orgPrice": 5 }
      },
      "categoryIds": ["w-pantry"],
      "similarProducts": []
    },
    {
      "id": "w-248249-9310060406942",
      "name": "Uncle Tobys Muesli Bars Chewy Choc Chip",
      "brand": "Uncle Tobys",
      "imageUrls": "https://cdn0.woolworths.media/content/wowproductimages/large/248249.jpg",
      "storeId": "woolworths",
      "packageSize": "6 pack",
      "cupPrice": "$1.16 / 100G",
      "locations": {
        "ALL": {
          "price": 2.15,
          "discountRate": 50,
          "promo": "",
          "orgPrice": 4.3
        }
      },
      "categoryIds": ["w-pantry", "w-lunch-box"],
      "similarProducts": []
    },
    {
      "id": "w-248251-9310060406928",
      "name": "Uncle Tobys Muesli Bars Chewy Forest Fruits",
      "brand": "Uncle Tobys",
      "imageUrls": "https://cdn0.woolworths.media/content/wowproductimages/large/248251.jpg",
      "storeId": "woolworths",
      "packageSize": "6 pack",
      "cupPrice": "$1.16 / 100G",
      "locations": {
        "ALL": {
          "price": 2.15,
          "discountRate": 50,
          "promo": "",
          "orgPrice": 4.3
        }
      },
      "categoryIds": ["w-pantry", "w-lunch-box"],
      "similarProducts": []
    },
    {
      "id": "w-254169-9310060406959",
      "name": "Uncle Tobys Muesli Bars Chewy White Choc Chip",
      "brand": "Uncle Tobys",
      "imageUrls": "https://cdn0.woolworths.media/content/wowproductimages/large/254169.jpg",
      "storeId": "woolworths",
      "packageSize": "6 pack",
      "cupPrice": "$1.16 / 100G",
      "locations": {
        "ALL": {
          "price": 2.15,
          "discountRate": 50,
          "promo": "",
          "orgPrice": 4.3
        }
      },
      "categoryIds": ["w-pantry", "w-lunch-box"],
      "similarProducts": []
    },
    {
      "id": "w-248247-9310060406973",
      "name": "Uncle Tobys Muesli Bars Yoghurt & Strawberry",
      "brand": "Uncle Tobys",
      "imageUrls": "https://cdn0.woolworths.media/content/wowproductimages/large/248247.jpg",
      "storeId": "woolworths",
      "packageSize": "6 pack",
      "cupPrice": "$1.16 / 100G",
      "locations": {
        "ALL": {
          "price": 2.15,
          "discountRate": 50,
          "promo": "",
          "orgPrice": 4.3
        }
      },
      "categoryIds": ["w-pantry", "w-lunch-box"],
      "similarProducts": []
    },
    {
      "id": "w-430061-9300605108653",
      "name": "Uncle Tobys Oats Ancient Grains Porridge",
      "brand": "Uncle Tobys",
      "imageUrls": "https://cdn0.woolworths.media/content/wowproductimages/large/430061.jpg",
      "storeId": "woolworths",
      "packageSize": "700g",
      "cupPrice": "$0.57 / 100G",
      "locations": {
        "ALL": { "price": 4, "discountRate": 33, "promo": "", "orgPrice": 6 }
      },
      "categoryIds": ["w-pantry"],
      "similarProducts": []
    },
    {
      "id": "w-86346-9300605133785",
      "name": "Uncle Tobys Oats Banana & Honey Quick Sachets",
      "brand": "Uncle Tobys",
      "imageUrls": "https://cdn0.woolworths.media/content/wowproductimages/large/086346.jpg",
      "storeId": "woolworths",
      "packageSize": "10 pack",
      "cupPrice": "$0.98 / 100G",
      "locations": {
        "ALL": {
          "price": 4.5,
          "discountRate": 29,
          "promo": "",
          "orgPrice": 6.3
        }
      },
      "categoryIds": ["w-pantry"],
      "similarProducts": []
    },
    {
      "id": "w-28617-9300605124790",
      "name": "Uncle Tobys Oats Breakfast Bakes Apple & Cinnamon",
      "brand": "Uncle Tobys",
      "imageUrls": "https://cdn0.woolworths.media/content/wowproductimages/large/028617.jpg",
      "storeId": "woolworths",
      "packageSize": "260g",
      "cupPrice": "$1.15 / 100G",
      "locations": {
        "ALL": { "price": 3, "discountRate": 50, "promo": "", "orgPrice": 6 }
      },
      "categoryIds": ["w-pantry"],
      "similarProducts": []
    },
    {
      "id": "w-28589-9300605124899",
      "name": "Uncle Tobys Oats Breakfast Bakes Honey & Roasted Almond",
      "brand": "Uncle Tobys",
      "imageUrls": "https://cdn0.woolworths.media/content/wowproductimages/large/028589.jpg",
      "storeId": "woolworths",
      "packageSize": "260g",
      "cupPrice": "$1.15 / 100G",
      "locations": {
        "ALL": { "price": 3, "discountRate": 50, "promo": "", "orgPrice": 6 }
      },
      "categoryIds": ["w-pantry"],
      "similarProducts": []
    },
    {
      "id": "w-86387-9300605132306",
      "name": "Uncle Tobys Oats Breakfast Bakes Classic Peanut Butter",
      "brand": "Uncle Tobys",
      "imageUrls": "https://cdn0.woolworths.media/content/wowproductimages/large/086387.jpg",
      "storeId": "woolworths",
      "packageSize": "4 pack",
      "cupPrice": "$1.15 / 100G",
      "locations": {
        "ALL": { "price": 3, "discountRate": 50, "promo": "", "orgPrice": 6 }
      },
      "categoryIds": ["w-pantry"],
      "similarProducts": []
    },
    {
      "id": "w-86682-9300605132344",
      "name": "Uncle Tobys Oats Breakfast Bakes Roasted Cashew & Vanilla Flavour",
      "brand": "Uncle Tobys",
      "imageUrls": "https://cdn0.woolworths.media/content/wowproductimages/large/086682.jpg",
      "storeId": "woolworths",
      "packageSize": "4 pack",
      "cupPrice": "$1.15 / 100G",
      "locations": {
        "ALL": { "price": 3, "discountRate": 50, "promo": "", "orgPrice": 6 }
      },
      "categoryIds": ["w-pantry"],
      "similarProducts": []
    },
    {
      "id": "w-430172-9300605097575",
      "name": "Uncle Tobys Oats Quick Sachets Big Bowl Original Porridge",
      "brand": "Uncle Tobys",
      "imageUrls": "https://cdn0.woolworths.media/content/wowproductimages/large/430172.jpg",
      "storeId": "woolworths",
      "packageSize": "460g",
      "cupPrice": "$0.98 / 100G",
      "locations": {
        "ALL": {
          "price": 4.5,
          "discountRate": 29,
          "promo": "",
          "orgPrice": 6.3
        }
      },
      "categoryIds": ["w-pantry"],
      "similarProducts": []
    },
    {
      "id": "w-780360-9300605095953",
      "name": "Uncle Tobys Quick Oats Sachets Big Bowl Honey",
      "brand": "Uncle Tobys",
      "imageUrls": "https://cdn0.woolworths.media/content/wowproductimages/large/780360.jpg",
      "storeId": "woolworths",
      "packageSize": "10 pack",
      "cupPrice": "$0.98 / 100G",
      "locations": {
        "ALL": {
          "price": 4.5,
          "discountRate": 29,
          "promo": "",
          "orgPrice": 6.3
        }
      },
      "categoryIds": ["w-pantry"],
      "similarProducts": []
    },
    {
      "id": "w-72592-9300605130784",
      "name": "Uncle Tobys Raspberry Goji & White Chocolate Muesli Bar",
      "brand": "Uncle Tobys",
      "imageUrls": "https://cdn0.woolworths.media/content/wowproductimages/large/072592.jpg",
      "storeId": "woolworths",
      "packageSize": "5 pack",
      "cupPrice": "$1.71 / 100G",
      "locations": {
        "ALL": { "price": 3, "discountRate": 40, "promo": "", "orgPrice": 5 }
      },
      "categoryIds": ["w-pantry"],
      "similarProducts": []
    },
    {
      "id": "w-324234-9300605048522",
      "name": "Uncle Tobys Roll-ups Rainbow Berry",
      "brand": "Uncle Tobys",
      "imageUrls": "https://cdn0.woolworths.media/content/wowproductimages/large/324234.jpg",
      "storeId": "woolworths",
      "packageSize": "6 pack",
      "cupPrice": "$2.13 / 100G",
      "locations": {
        "ALL": { "price": 2, "discountRate": 50, "promo": "", "orgPrice": 4 }
      },
      "categoryIds": ["w-pantry", "w-lunch-box"],
      "similarProducts": []
    },
    {
      "id": "w-324233-9300605048430",
      "name": "Uncle Tobys Roll-ups Rainbow Fruit Salad",
      "brand": "Uncle Tobys",
      "imageUrls": "https://cdn0.woolworths.media/content/wowproductimages/large/324233.jpg",
      "storeId": "woolworths",
      "packageSize": "6 pack",
      "cupPrice": "$2.13 / 100G",
      "locations": {
        "ALL": { "price": 2, "discountRate": 50, "promo": "", "orgPrice": 4 }
      },
      "categoryIds": ["w-pantry", "w-lunch-box"],
      "similarProducts": []
    },
    {
      "id": "w-324231-9300605048454",
      "name": "Uncle Tobys Roll-ups Strawberry Fun Prints",
      "brand": "Uncle Tobys",
      "imageUrls": "https://cdn0.woolworths.media/content/wowproductimages/large/324231.jpg",
      "storeId": "woolworths",
      "packageSize": "6 pack",
      "cupPrice": "$2.13 / 100G",
      "locations": {
        "ALL": { "price": 2, "discountRate": 50, "promo": "", "orgPrice": 4 }
      },
      "categoryIds": ["w-pantry", "w-lunch-box"],
      "similarProducts": []
    },
    {
      "id": "w-61687-9350007006026",
      "name": "Upbeat Coconut Curried Lentils",
      "brand": "Upbeat",
      "imageUrls": "https://cdn0.woolworths.media/content/wowproductimages/large/061687.jpg",
      "storeId": "woolworths",
      "packageSize": "80g",
      "cupPrice": "$3.13 / 100G",
      "locations": {
        "ALL": {
          "price": 2.5,
          "discountRate": 50,
          "promo": "",
          "orgPrice": 5
        }
      },
      "categoryIds": ["w-pantry"],
      "similarProducts": []
    },
    {
      "id": "w-61686-9350007006019",
      "name": "Upbeat Creamy Mushroom Buckwheat",
      "brand": "Upbeat",
      "imageUrls": "https://cdn0.woolworths.media/content/wowproductimages/large/061686.jpg",
      "storeId": "woolworths",
      "packageSize": "80g",
      "cupPrice": "$3.13 / 100G",
      "locations": {
        "ALL": {
          "price": 2.5,
          "discountRate": 50,
          "promo": "",
          "orgPrice": 5
        }
      },
      "categoryIds": ["w-pantry"],
      "similarProducts": []
    },
    {
      "id": "w-61711-9350007005036",
      "name": "Upbeat Spiced Apricot Buckwheat Porridge",
      "brand": "Upbeat",
      "imageUrls": "https://cdn0.woolworths.media/content/wowproductimages/large/061711.jpg",
      "storeId": "woolworths",
      "packageSize": "65g",
      "cupPrice": "$3.08 / 100G",
      "locations": {
        "ALL": { "price": 2, "discountRate": 50, "promo": "", "orgPrice": 4 }
      },
      "categoryIds": ["w-pantry"],
      "similarProducts": []
    },
    {
      "id": "w-61674-9350007005067",
      "name": "Upbeat Tex Mex Quinoa",
      "brand": "Upbeat",
      "imageUrls": "https://cdn0.woolworths.media/content/wowproductimages/large/061674.jpg",
      "storeId": "woolworths",
      "packageSize": "80g",
      "cupPrice": "$3.13 / 100G",
      "locations": {
        "ALL": {
          "price": 2.5,
          "discountRate": 50,
          "promo": "",
          "orgPrice": 5
        }
      },
      "categoryIds": ["w-pantry"],
      "similarProducts": []
    },
    {
      "id": "w-61685-9350007005081",
      "name": "Upbeat Thai Curry Lentils",
      "brand": "Upbeat",
      "imageUrls": "https://cdn0.woolworths.media/content/wowproductimages/large/061685.jpg",
      "storeId": "woolworths",
      "packageSize": "80g",
      "cupPrice": "$3.13 / 100G",
      "locations": {
        "ALL": {
          "price": 2.5,
          "discountRate": 50,
          "promo": "",
          "orgPrice": 5
        }
      },
      "categoryIds": ["w-pantry"],
      "similarProducts": []
    },
    {
      "id": "w-61684-9350007005050",
      "name": "Upbeat Three Grain Raspberry Porridge",
      "brand": "Upbeat",
      "imageUrls": "https://cdn0.woolworths.media/content/wowproductimages/large/061684.jpg",
      "storeId": "woolworths",
      "packageSize": "70g",
      "cupPrice": "$2.86 / 100G",
      "locations": {
        "ALL": { "price": 2, "discountRate": 50, "promo": "", "orgPrice": 4 }
      },
      "categoryIds": ["w-pantry"],
      "similarProducts": []
    },
    {
      "id": "w-97723-9352042002766",
      "name": "Vegemite 40% Less Salt",
      "brand": "Vegemite",
      "imageUrls": "https://cdn0.woolworths.media/content/wowproductimages/large/097723.jpg",
      "storeId": "woolworths",
      "packageSize": "440g",
      "cupPrice": "$1.59 / 100G",
      "locations": {
        "ALL": {
          "price": 7,
          "discountRate": 15,
          "promo": "",
          "orgPrice": 8.2
        }
      },
      "categoryIds": ["w-pantry"],
      "similarProducts": []
    },
    {
      "id": "w-755234-4987176009920",
      "name": "Vicks Vapo Naturals Honey Drops",
      "brand": "Vicks",
      "imageUrls": "https://cdn0.woolworths.media/content/wowproductimages/large/755234.jpg",
      "storeId": "woolworths",
      "packageSize": "19 pack",
      "cupPrice": "$0.17 / 1EA",
      "locations": {
        "ALL": {
          "price": 3.2,
          "discountRate": 20,
          "promo": "",
          "orgPrice": 4
        }
      },
      "categoryIds": ["w-pantry"],
      "similarProducts": []
    },
    {
      "id": "w-16485-9310631000975",
      "name": "Vittoria Decaffeinated Ground Coffee Espresso",
      "brand": "Vittoria",
      "imageUrls": "https://cdn0.woolworths.media/content/wowproductimages/large/016485.jpg",
      "storeId": "woolworths",
      "packageSize": "200g",
      "cupPrice": "$4.00 / 100G",
      "locations": {
        "ALL": { "price": 8, "discountRate": 20, "promo": "", "orgPrice": 10 }
      },
      "categoryIds": ["w-pantry", "w-drinks"],
      "similarProducts": []
    },
    {
      "id": "w-829318-9310631627813",
      "name": "Vittoria Espressotoria Espresso Coffee Capsules",
      "brand": "Vittoria",
      "imageUrls": "https://cdn0.woolworths.media/content/wowproductimages/large/829318.jpg",
      "storeId": "woolworths",
      "packageSize": "12 pack",
      "cupPrice": "$0.49 / 1EA",
      "locations": {
        "ALL": {
          "price": 5.88,
          "discountRate": 30,
          "promo": "",
          "orgPrice": 8.4
        }
      },
      "categoryIds": ["w-pantry", "w-drinks"],
      "similarProducts": []
    },
    {
      "id": "w-829319-9310631627837",
      "name": "Vittoria Espressotoria Mountain Grown Coffee Capsules",
      "brand": "Vittoria",
      "imageUrls": "https://cdn0.woolworths.media/content/wowproductimages/large/829319.jpg",
      "storeId": "woolworths",
      "packageSize": "12 pack",
      "cupPrice": "$0.49 / 1EA",
      "locations": {
        "ALL": {
          "price": 5.88,
          "discountRate": 30,
          "promo": "",
          "orgPrice": 8.4
        }
      },
      "categoryIds": ["w-pantry", "w-drinks"],
      "similarProducts": []
    },
    {
      "id": "w-829320-9310631627851",
      "name": "Vittoria Espressotoria Oro Coffee Capsules",
      "brand": "Vittoria",
      "imageUrls": "https://cdn0.woolworths.media/content/wowproductimages/large/829320.jpg",
      "storeId": "woolworths",
      "packageSize": "12 pack",
      "cupPrice": "$0.49 / 1EA",
      "locations": {
        "ALL": {
          "price": 5.88,
          "discountRate": 30,
          "promo": "",
          "orgPrice": 8.4
        }
      },
      "categoryIds": ["w-pantry", "w-drinks"],
      "similarProducts": []
    },
    {
      "id": "w-800437-9310631628261",
      "name": "Vittoria Ground Coffee Rainforest Organic",
      "brand": "Vittoria",
      "imageUrls": "https://cdn0.woolworths.media/content/wowproductimages/large/800437.jpg",
      "storeId": "woolworths",
      "packageSize": "200g",
      "cupPrice": "$3.50 / 100G",
      "locations": {
        "ALL": { "price": 7, "discountRate": 22, "promo": "", "orgPrice": 9 }
      },
      "categoryIds": ["w-pantry", "w-drinks"],
      "similarProducts": []
    },
    {
      "id": "w-186602-9310631617265",
      "name": "Vittoria Mountain Grown Ground Coffee",
      "brand": "Vittoria",
      "imageUrls": "https://cdn0.woolworths.media/content/wowproductimages/large/186602.jpg",
      "storeId": "woolworths",
      "packageSize": "1kg",
      "cupPrice": "$1.80 / 100G",
      "locations": {
        "ALL": {
          "price": 18,
          "discountRate": 51,
          "promo": "",
          "orgPrice": 36.5
        }
      },
      "categoryIds": ["w-pantry", "w-drinks"],
      "similarProducts": []
    },
    {
      "id": "w-186376-9310631617968",
      "name": "Vittoria Oro Ground Coffee Oro Gold Cafe Series",
      "brand": "Vittoria",
      "imageUrls": "https://cdn0.woolworths.media/content/wowproductimages/large/186376.jpg",
      "storeId": "woolworths",
      "packageSize": "250g",
      "cupPrice": "$2.80 / 100G",
      "locations": {
        "ALL": { "price": 7, "discountRate": 22, "promo": "", "orgPrice": 9 }
      },
      "categoryIds": ["w-pantry", "w-drinks"],
      "similarProducts": []
    },
    {
      "id": "w-829332-9310631628452",
      "name": "Vittoria Espressotoria Italian Coffee Capsules",
      "brand": "Vittoria",
      "imageUrls": "https://cdn0.woolworths.media/content/wowproductimages/large/829332.jpg",
      "storeId": "woolworths",
      "packageSize": "12 pack",
      "cupPrice": "$0.41 / 1EA",
      "locations": {
        "ALL": {
          "price": 4.9,
          "discountRate": 30,
          "promo": "",
          "orgPrice": 7
        }
      },
      "categoryIds": ["w-pantry", "w-drinks"],
      "similarProducts": []
    },
    {
      "id": "w-32182-844705001241",
      "name": "Vittoria Espressotoria Maragogype Coffee Capsules",
      "brand": "Vittoria",
      "imageUrls": "https://cdn0.woolworths.media/content/wowproductimages/large/032182.jpg",
      "storeId": "woolworths",
      "packageSize": "12 pack",
      "cupPrice": "$0.49 / 1EA",
      "locations": {
        "ALL": {
          "price": 5.88,
          "discountRate": 30,
          "promo": "",
          "orgPrice": 8.4
        }
      },
      "categoryIds": ["w-pantry", "w-drinks"],
      "similarProducts": []
    },
    {
      "id": "w-32179-9310631630363",
      "name": "Vittoria Italian Ground",
      "brand": "Vittoria",
      "imageUrls": "https://cdn0.woolworths.media/content/wowproductimages/large/032179.jpg",
      "storeId": "woolworths",
      "packageSize": "200g",
      "cupPrice": "$2.00 / 100G",
      "locations": {
        "ALL": { "price": 4, "discountRate": 20, "promo": "", "orgPrice": 5 }
      },
      "categoryIds": ["w-pantry", "w-drinks"],
      "similarProducts": []
    },
    {
      "id": "w-745435-8850100004888",
      "name": "Wai Wai Bihoon Rice Vermicelli",
      "brand": "Wai Wai",
      "imageUrls": "https://cdn0.woolworths.media/content/wowproductimages/large/745435.jpg",
      "storeId": "woolworths",
      "packageSize": "10x50g",
      "cupPrice": "$0.46 / 100G",
      "locations": {
        "ALL": {
          "price": 2.3,
          "discountRate": 16,
          "promo": "",
          "orgPrice": 2.75
        }
      },
      "categoryIds": ["w-pantry"],
      "similarProducts": []
    },
    {
      "id": "w-295163-8850100002495",
      "name": "Wai Wai Noodles Instant Tom Yum Shrimp",
      "brand": "Wai Wai",
      "imageUrls": "https://cdn0.woolworths.media/content/wowproductimages/large/295163.jpg",
      "storeId": "woolworths",
      "packageSize": "60g",
      "cupPrice": "$0.83 / 100G",
      "locations": {
        "ALL": {
          "price": 0.5,
          "discountRate": 23,
          "promo": "",
          "orgPrice": 0.65
        }
      },
      "categoryIds": ["w-pantry"],
      "similarProducts": []
    },
    {
      "id": "w-53389-8850100205032",
      "name": "Wai Wai Noodles Rice Vermicelli Instant",
      "brand": "Wai Wai",
      "imageUrls": "https://cdn0.woolworths.media/content/wowproductimages/large/053389.jpg",
      "storeId": "woolworths",
      "packageSize": "55g",
      "cupPrice": "$0.91 / 100G",
      "locations": {
        "ALL": {
          "price": 0.5,
          "discountRate": 23,
          "promo": "",
          "orgPrice": 0.65
        }
      },
      "categoryIds": ["w-pantry"],
      "similarProducts": []
    },
    {
      "id": "w-45955-9316397006121",
      "name": "Wai Wai Oriental Instant Noodles",
      "brand": "Wai Wai",
      "imageUrls": "https://cdn0.woolworths.media/content/wowproductimages/large/045955.jpg",
      "storeId": "woolworths",
      "packageSize": "60g",
      "cupPrice": "$8.33 / 1KG",
      "locations": {
        "ALL": {
          "price": 0.5,
          "discountRate": 23,
          "promo": "",
          "orgPrice": 0.65
        }
      },
      "categoryIds": ["w-pantry"],
      "similarProducts": []
    },
    {
      "id": "w-97423-9421905765992",
      "name": "Waimete Mgo 100+ Manuka Honey Multifloral",
      "brand": "Waimete",
      "imageUrls": "https://cdn0.woolworths.media/content/wowproductimages/large/097423.jpg",
      "storeId": "woolworths",
      "packageSize": "250g",
      "cupPrice": "$6.60 / 100G",
      "locations": {
        "ALL": {
          "price": 16.5,
          "discountRate": 8,
          "promo": "",
          "orgPrice": 18
        }
      },
      "categoryIds": ["w-pantry"],
      "similarProducts": []
    },
    {
      "id": "w-95966-9421905765237",
      "name": "Waimete Mgo 50+ Manuka Honey Multifloral",
      "brand": "Waimete",
      "imageUrls": "https://cdn0.woolworths.media/content/wowproductimages/large/095966.jpg",
      "storeId": "woolworths",
      "packageSize": "250g",
      "cupPrice": "$4.00 / 100G",
      "locations": {
        "ALL": {
          "price": 10,
          "discountRate": 20,
          "promo": "",
          "orgPrice": 12.5
        }
      },
      "categoryIds": ["w-pantry"],
      "similarProducts": []
    },
    {
      "id": "w-97375-9421034910041",
      "name": "Waimete Pure Honey",
      "brand": "Waimete",
      "imageUrls": "https://cdn0.woolworths.media/content/wowproductimages/large/097375.jpg",
      "storeId": "woolworths",
      "packageSize": "1kg",
      "cupPrice": "$1.20 / 100G",
      "locations": {
        "ALL": { "price": 12, "discountRate": 8, "promo": "", "orgPrice": 13 }
      },
      "categoryIds": ["w-pantry"],
      "similarProducts": []
    },
    {
      "id": "w-681010-9421904958098",
      "name": "Waimete Honey Honey Manuka Mgo 30 Plus",
      "brand": "Waimete Honey",
      "imageUrls": "https://cdn0.woolworths.media/content/wowproductimages/large/681010.jpg",
      "storeId": "woolworths",
      "packageSize": "250g",
      "cupPrice": "$3.20 / 100G",
      "locations": {
        "ALL": { "price": 8, "discountRate": 27, "promo": "", "orgPrice": 11 }
      },
      "categoryIds": ["w-pantry"],
      "similarProducts": []
    },
    {
      "id": "w-61585-9300652809220",
      "name": "Weet-bix Weet-bix Protein",
      "brand": "Weet-bix",
      "imageUrls": "https://cdn0.woolworths.media/content/wowproductimages/large/061585.jpg",
      "storeId": "woolworths",
      "packageSize": "500g",
      "cupPrice": "$0.60 / 100G",
      "locations": {
        "ALL": { "price": 3, "discountRate": 50, "promo": "", "orgPrice": 6 }
      },
      "categoryIds": ["w-pantry"],
      "similarProducts": []
    },
    {
      "id": "w-66993-4710199111604",
      "name": "Wei Lih Beef Noodles",
      "brand": "Wei Lih",
      "imageUrls": "https://cdn0.woolworths.media/content/wowproductimages/large/066993.jpg",
      "storeId": "woolworths",
      "packageSize": "135g",
      "cupPrice": "$2.33 / 100G",
      "locations": {
        "ALL": {
          "price": 3.15,
          "discountRate": 10,
          "promo": "",
          "orgPrice": 3.5
        }
      },
      "categoryIds": ["w-pantry"],
      "similarProducts": []
    },
    {
      "id": "w-347299-9311914601537",
      "name": "Well Naturally No Sugar Added Almond Chip Bar",
      "brand": "Well Naturally",
      "imageUrls": "https://cdn0.woolworths.media/content/wowproductimages/large/347299.jpg",
      "storeId": "woolworths",
      "packageSize": "45g",
      "cupPrice": "$4.44 / 100G",
      "locations": {
        "ALL": {
          "price": 2,
          "discountRate": 30,
          "promo": "",
          "orgPrice": 2.85
        }
      },
      "categoryIds": ["w-pantry"],
      "similarProducts": []
    },
    {
      "id": "w-640387-9311914800091",
      "name": "Well Naturally No Sugar Added Choc Coconut Bar",
      "brand": "Well Naturally",
      "imageUrls": "https://cdn0.woolworths.media/content/wowproductimages/large/640387.jpg",
      "storeId": "woolworths",
      "packageSize": "45g",
      "cupPrice": "$4.44 / 100G",
      "locations": {
        "ALL": {
          "price": 2,
          "discountRate": 30,
          "promo": "",
          "orgPrice": 2.85
        }
      },
      "categoryIds": ["w-pantry"],
      "similarProducts": []
    },
    {
      "id": "w-230586-9311914601421",
      "name": "Well Naturally No Sugar Added Choc Mint Crisp Bar",
      "brand": "Well Naturally",
      "imageUrls": "https://cdn0.woolworths.media/content/wowproductimages/large/230586.jpg",
      "storeId": "woolworths",
      "packageSize": "45g",
      "cupPrice": "$4.44 / 100G",
      "locations": {
        "ALL": {
          "price": 2,
          "discountRate": 30,
          "promo": "",
          "orgPrice": 2.85
        }
      },
      "categoryIds": ["w-pantry"],
      "similarProducts": []
    },
    {
      "id": "w-732417-9311914800015",
      "name": "Well Naturally No Sugar Added Fruit & Nut Bar",
      "brand": "Well Naturally",
      "imageUrls": "https://cdn0.woolworths.media/content/wowproductimages/large/732417.jpg",
      "storeId": "woolworths",
      "packageSize": "45g",
      "cupPrice": "$4.44 / 100G",
      "locations": {
        "ALL": {
          "price": 2,
          "discountRate": 30,
          "promo": "",
          "orgPrice": 2.85
        }
      },
      "categoryIds": ["w-pantry"],
      "similarProducts": []
    },
    {
      "id": "w-732369-9311914800008",
      "name": "Well Naturally No Sugar Added Milk Choc Bar",
      "brand": "Well Naturally",
      "imageUrls": "https://cdn0.woolworths.media/content/wowproductimages/large/732369.jpg",
      "storeId": "woolworths",
      "packageSize": "45g",
      "cupPrice": "$4.44 / 100G",
      "locations": {
        "ALL": {
          "price": 2,
          "discountRate": 30,
          "promo": "",
          "orgPrice": 2.85
        }
      },
      "categoryIds": ["w-pantry"],
      "similarProducts": []
    },
    {
      "id": "w-61981-9311914500779",
      "name": "Well Naturally No Sugar Added Chocolate Coconut",
      "brand": "Well Naturally",
      "imageUrls": "https://cdn0.woolworths.media/content/wowproductimages/large/061981.jpg",
      "storeId": "woolworths",
      "packageSize": "45g",
      "cupPrice": "$4.44 / 100G",
      "locations": {
        "ALL": {
          "price": 2,
          "discountRate": 30,
          "promo": "",
          "orgPrice": 2.85
        }
      },
      "categoryIds": ["w-pantry"],
      "similarProducts": []
    },
    {
      "id": "w-684260-9311914700278",
      "name": "Well Naturally No Sugar Added Milk Chocolate Sweet Raspberry",
      "brand": "Well Naturally",
      "imageUrls": "https://cdn0.woolworths.media/content/wowproductimages/large/684260.jpg",
      "storeId": "woolworths",
      "packageSize": "45g",
      "cupPrice": "$4.44 / 100G",
      "locations": {
        "ALL": {
          "price": 2,
          "discountRate": 30,
          "promo": "",
          "orgPrice": 2.85
        }
      },
      "categoryIds": ["w-pantry"],
      "similarProducts": []
    },
    {
      "id": "w-82390-4014400900897",
      "name": "Werther's Original Toffees",
      "brand": "Werther's Original",
      "imageUrls": "https://cdn0.woolworths.media/content/wowproductimages/large/082390.jpg",
      "storeId": "woolworths",
      "packageSize": "3 pack",
      "cupPrice": "$2.00 / 100G",
      "locations": {
        "ALL": {
          "price": 3,
          "discountRate": 21,
          "promo": "",
          "orgPrice": 3.8
        }
      },
      "categoryIds": ["w-pantry"],
      "similarProducts": []
    },
    {
      "id": "w-575654-9310047216113",
      "name": "White Wings Cake In A Cup Double Chocolate",
      "brand": "White Wings",
      "imageUrls": "https://cdn0.woolworths.media/content/wowproductimages/large/575654.jpg",
      "storeId": "woolworths",
      "packageSize": "55g",
      "cupPrice": "$2.73 / 100G",
      "locations": {
        "ALL": {
          "price": 1.5,
          "discountRate": 25,
          "promo": "",
          "orgPrice": 2
        }
      },
      "categoryIds": ["w-pantry"],
      "similarProducts": []
    },
    {
      "id": "w-297415-94314243",
      "name": "Whittaker's Almond Slab Milk Chocolate",
      "brand": "Whittaker's",
      "imageUrls": "https://cdn0.woolworths.media/content/wowproductimages/large/297415.jpg",
      "storeId": "woolworths",
      "packageSize": "45g bar",
      "cupPrice": "$2.22 / 100G",
      "locations": {
        "ALL": { "price": 1, "discountRate": 50, "promo": "", "orgPrice": 2 }
      },
      "categoryIds": ["w-pantry"],
      "similarProducts": []
    },
    {
      "id": "w-266879-9403142000883",
      "name": "Whittaker's Coconut Chocolate Block",
      "brand": "Whittaker's",
      "imageUrls": "https://cdn0.woolworths.media/content/wowproductimages/large/266879.jpg",
      "storeId": "woolworths",
      "packageSize": "250g",
      "cupPrice": "$1.60 / 100G",
      "locations": {
        "ALL": { "price": 4, "discountRate": 33, "promo": "", "orgPrice": 6 }
      },
      "categoryIds": ["w-pantry"],
      "similarProducts": []
    },
    {
      "id": "w-224461-94314205",
      "name": "Whittaker's Coconut Slab Milk Chocolate",
      "brand": "Whittaker's",
      "imageUrls": "https://cdn0.woolworths.media/content/wowproductimages/large/224461.jpg",
      "storeId": "woolworths",
      "packageSize": "50g bar",
      "cupPrice": "$2.00 / 100G",
      "locations": {
        "ALL": { "price": 1, "discountRate": 50, "promo": "", "orgPrice": 2 }
      },
      "categoryIds": ["w-pantry"],
      "similarProducts": []
    },
    {
      "id": "w-266869-9403142000852",
      "name": "Whittaker's Creamy Milk Chocolate Block",
      "brand": "Whittaker's",
      "imageUrls": "https://cdn0.woolworths.media/content/wowproductimages/large/266869.jpg",
      "storeId": "woolworths",
      "packageSize": "250g",
      "cupPrice": "$1.60 / 100G",
      "locations": {
        "ALL": { "price": 4, "discountRate": 33, "promo": "", "orgPrice": 6 }
      },
      "categoryIds": ["w-pantry"],
      "similarProducts": []
    },
    {
      "id": "w-690897-9403142002061",
      "name": "Whittaker's Dark Salted Caramel Chocolate Block",
      "brand": "Whittaker's",
      "imageUrls": "https://cdn0.woolworths.media/content/wowproductimages/large/690897.jpg",
      "storeId": "woolworths",
      "packageSize": "250g",
      "cupPrice": "$1.60 / 100G",
      "locations": {
        "ALL": { "price": 4, "discountRate": 33, "promo": "", "orgPrice": 6 }
      },
      "categoryIds": ["w-pantry"],
      "similarProducts": []
    },
    {
      "id": "w-62268-9420063600428",
      "name": "Whittaker's Jelly Tip Chocolate Block",
      "brand": "Whittaker's",
      "imageUrls": "https://cdn0.woolworths.media/content/wowproductimages/large/062268.jpg",
      "storeId": "woolworths",
      "packageSize": "250g",
      "cupPrice": "$1.60 / 100G",
      "locations": {
        "ALL": { "price": 4, "discountRate": 33, "promo": "", "orgPrice": 6 }
      },
      "categoryIds": ["w-pantry"],
      "similarProducts": []
    },
    {
      "id": "w-71484-94314212",
      "name": "Whittaker's Peanut Slab Milk Chocolate",
      "brand": "Whittaker's",
      "imageUrls": "https://cdn0.woolworths.media/content/wowproductimages/large/071484.jpg",
      "storeId": "woolworths",
      "packageSize": "50g bar",
      "cupPrice": "$2.00 / 100G",
      "locations": {
        "ALL": { "price": 1, "discountRate": 50, "promo": "", "orgPrice": 2 }
      },
      "categoryIds": ["w-pantry"],
      "similarProducts": []
    },
    {
      "id": "w-817141-9339687075249",
      "name": "Woolworths Berry Burst Trail Mix",
      "brand": "Woolworths",
      "imageUrls": "https://cdn0.woolworths.media/content/wowproductimages/large/817141.jpg",
      "storeId": "woolworths",
      "packageSize": "40g",
      "cupPrice": "$20.00 / 1KG",
      "locations": {
        "ALL": {
          "price": 0.8,
          "discountRate": 20,
          "promo": "",
          "orgPrice": 1
        }
      },
      "categoryIds": ["w-pantry"],
      "similarProducts": []
    },
    {
      "id": "w-817146-9339687075294",
      "name": "Woolworths Cacao Toasted Coconut Chips",
      "brand": "Woolworths",
      "imageUrls": "https://cdn0.woolworths.media/content/wowproductimages/large/817146.jpg",
      "storeId": "woolworths",
      "packageSize": "40g",
      "cupPrice": "$22.50 / 1KG",
      "locations": {
        "ALL": {
          "price": 0.9,
          "discountRate": 25,
          "promo": "",
          "orgPrice": 1.2
        }
      },
      "categoryIds": ["w-pantry"],
      "similarProducts": []
    },
    {
      "id": "w-852438-9339687084883",
      "name": "Woolworths Daily Balance Cereal",
      "brand": "Woolworths",
      "imageUrls": "https://cdn0.woolworths.media/content/wowproductimages/large/852438.jpg",
      "storeId": "woolworths",
      "packageSize": "500g",
      "cupPrice": "$0.48 / 100G",
      "locations": {
        "ALL": {
          "price": 2.4,
          "discountRate": 31,
          "promo": "",
          "orgPrice": 3.5
        }
      },
      "categoryIds": ["w-pantry"],
      "similarProducts": []
    },
    {
      "id": "w-817143-9339687075263",
      "name": "Woolworths Dark Choc Trail Mix",
      "brand": "Woolworths",
      "imageUrls": "https://cdn0.woolworths.media/content/wowproductimages/large/817143.jpg",
      "storeId": "woolworths",
      "packageSize": "40g",
      "cupPrice": "$2.00 / 100G",
      "locations": {
        "ALL": {
          "price": 0.8,
          "discountRate": 20,
          "promo": "",
          "orgPrice": 1
        }
      },
      "categoryIds": ["w-pantry"],
      "similarProducts": []
    },
    {
      "id": "w-25963-9339687095773",
      "name": "Woolworths Fully Loaded Cookies Chocolate",
      "brand": "Woolworths",
      "imageUrls": "https://cdn0.woolworths.media/content/wowproductimages/large/025963.jpg",
      "storeId": "woolworths",
      "packageSize": "210g",
      "cupPrice": "$1.19 / 100G",
      "locations": {
        "ALL": {
          "price": 2.5,
          "discountRate": 38,
          "promo": "",
          "orgPrice": 4
        }
      },
      "categoryIds": ["w-pantry"],
      "similarProducts": []
    },
    {
      "id": "w-25964-9339687095780",
      "name": "Woolworths Fully Loaded Cookies Salted Caramel",
      "brand": "Woolworths",
      "imageUrls": "https://cdn0.woolworths.media/content/wowproductimages/large/025964.jpg",
      "storeId": "woolworths",
      "packageSize": "200g",
      "cupPrice": "$1.25 / 100G",
      "locations": {
        "ALL": {
          "price": 2.5,
          "discountRate": 38,
          "promo": "",
          "orgPrice": 4
        }
      },
      "categoryIds": ["w-pantry"],
      "similarProducts": []
    },
    {
      "id": "w-25962-9339687095766",
      "name": "Woolworths Fully Loaded Cookies Hazelnut",
      "brand": "Woolworths",
      "imageUrls": "https://cdn0.woolworths.media/content/wowproductimages/large/025962.jpg",
      "storeId": "woolworths",
      "packageSize": "200g",
      "cupPrice": "$1.25 / 100G",
      "locations": {
        "ALL": {
          "price": 2.5,
          "discountRate": 38,
          "promo": "",
          "orgPrice": 4
        }
      },
      "categoryIds": ["w-pantry"],
      "similarProducts": []
    },
    {
      "id": "w-46929-9339687101245",
      "name": "Woolworths Garlic Aioli Corn Chips",
      "brand": "Woolworths",
      "imageUrls": "https://cdn0.woolworths.media/content/wowproductimages/large/046929.jpg",
      "storeId": "woolworths",
      "packageSize": "200g",
      "cupPrice": "$0.60 / 100G",
      "locations": {
        "ALL": {
          "price": 1.2,
          "discountRate": 37,
          "promo": "",
          "orgPrice": 1.9
        }
      },
      "categoryIds": ["w-pantry"],
      "similarProducts": []
    },
    {
      "id": "w-805708-9339687065943",
      "name": "Woolworths Garlic Crackers",
      "brand": "Woolworths",
      "imageUrls": "https://cdn0.woolworths.media/content/wowproductimages/large/805708.jpg",
      "storeId": "woolworths",
      "packageSize": "185g",
      "cupPrice": "$0.81 / 100G",
      "locations": {
        "ALL": {
          "price": 1.5,
          "discountRate": 17,
          "promo": "",
          "orgPrice": 1.8
        }
      },
      "categoryIds": ["w-pantry"],
      "similarProducts": []
    },
    {
      "id": "w-819912-9339687094028",
      "name": "Woolworths Mango Salsa",
      "brand": "Woolworths",
      "imageUrls": "https://cdn0.woolworths.media/content/wowproductimages/large/819912.jpg",
      "storeId": "woolworths",
      "packageSize": "240g",
      "cupPrice": "$0.54 / 100G",
      "locations": {
        "ALL": {
          "price": 1.3,
          "discountRate": 13,
          "promo": "",
          "orgPrice": 1.5
        }
      },
      "categoryIds": ["w-pantry"],
      "similarProducts": []
    },
    {
      "id": "w-889546-9300633558734",
      "name": "Woolworths Muesli Bars Apricot Yoghurt",
      "brand": "Woolworths",
      "imageUrls": "https://cdn0.woolworths.media/content/wowproductimages/large/889546.jpg",
      "storeId": "woolworths",
      "packageSize": "185g",
      "cupPrice": "$1.08 / 100G",
      "locations": {
        "ALL": {
          "price": 2,
          "discountRate": 13,
          "promo": "",
          "orgPrice": 2.3
        }
      },
      "categoryIds": ["w-pantry", "w-lunch-box"],
      "similarProducts": []
    },
    {
      "id": "w-889295-9300633558727",
      "name": "Woolworths Muesli Bars Choc Drizzle",
      "brand": "Woolworths",
      "imageUrls": "https://cdn0.woolworths.media/content/wowproductimages/large/889295.jpg",
      "storeId": "woolworths",
      "packageSize": "185g",
      "cupPrice": "$1.08 / 100G",
      "locations": {
        "ALL": {
          "price": 2,
          "discountRate": 13,
          "promo": "",
          "orgPrice": 2.3
        }
      },
      "categoryIds": ["w-pantry", "w-lunch-box"],
      "similarProducts": []
    },
    {
      "id": "w-889294-9300633558710",
      "name": "Woolworths Muesli Bars Honeycomb",
      "brand": "Woolworths",
      "imageUrls": "https://cdn0.woolworths.media/content/wowproductimages/large/889294.jpg",
      "storeId": "woolworths",
      "packageSize": "185g",
      "cupPrice": "$1.08 / 100G",
      "locations": {
        "ALL": {
          "price": 2,
          "discountRate": 13,
          "promo": "",
          "orgPrice": 2.3
        }
      },
      "categoryIds": ["w-pantry", "w-lunch-box"],
      "similarProducts": []
    },
    {
      "id": "w-59559-9339687107926",
      "name": "Woolworths Orange Caramelised Nut Mix",
      "brand": "Woolworths",
      "imageUrls": "https://cdn0.woolworths.media/content/wowproductimages/large/059559.jpg",
      "storeId": "woolworths",
      "packageSize": "200g",
      "cupPrice": "$30.00 / 1KG",
      "locations": {
        "ALL": { "price": 6, "discountRate": 14, "promo": "", "orgPrice": 7 }
      },
      "categoryIds": ["w-pantry"],
      "similarProducts": []
    },
    {
      "id": "w-581283-9300633636944",
      "name": "Woolworths Potato Bake Chilled Meal",
      "brand": "Woolworths",
      "imageUrls": "https://cdn0.woolworths.media/content/wowproductimages/large/581283.jpg",
      "storeId": "woolworths",
      "packageSize": "650g",
      "cupPrice": "$1.46 / 100G",
      "locations": {
        "ALL": {
          "price": 9.5,
          "discountRate": 5,
          "promo": "",
          "orgPrice": 10
        }
      },
      "categoryIds": ["w-pantry"],
      "similarProducts": []
    },
    {
      "id": "w-79993-9339687154876",
      "name": "Woolworths Roasted Garlic Potato Bake",
      "brand": "Woolworths",
      "imageUrls": "https://cdn0.woolworths.media/content/wowproductimages/large/079993.jpg",
      "storeId": "woolworths",
      "packageSize": "380g",
      "cupPrice": "$1.32 / 100G",
      "locations": {
        "ALL": { "price": 5, "discountRate": 17, "promo": "", "orgPrice": 6 }
      },
      "categoryIds": ["w-pantry"],
      "similarProducts": []
    },
    {
      "id": "w-341124-9300633119010",
      "name": "Woolworths Rosemary Wheaten Crackers Rosemary",
      "brand": "Woolworths",
      "imageUrls": "https://cdn0.woolworths.media/content/wowproductimages/large/341124.jpg",
      "storeId": "woolworths",
      "packageSize": "170g",
      "cupPrice": "$0.88 / 100G",
      "locations": {
        "ALL": {
          "price": 1.5,
          "discountRate": 17,
          "promo": "",
          "orgPrice": 1.8
        }
      },
      "categoryIds": ["w-pantry"],
      "similarProducts": []
    },
    {
      "id": "w-79994-9339687154883",
      "name": "Woolworths Vegetable Parmigiana Bake",
      "brand": "Woolworths",
      "imageUrls": "https://cdn0.woolworths.media/content/wowproductimages/large/079994.jpg",
      "storeId": "woolworths",
      "packageSize": "380g",
      "cupPrice": "$1.32 / 100G",
      "locations": {
        "ALL": { "price": 5, "discountRate": 17, "promo": "", "orgPrice": 6 }
      },
      "categoryIds": ["w-pantry"],
      "similarProducts": []
    },
    {
      "id": "w-95756-773948231002",
      "name": "Wow Butter Peanut Free Smooth",
      "brand": "Wow",
      "imageUrls": "https://cdn0.woolworths.media/content/wowproductimages/large/095756.jpg",
      "storeId": "woolworths",
      "packageSize": "500g",
      "cupPrice": "$1.20 / 100G",
      "locations": {
        "ALL": { "price": 6, "discountRate": 33, "promo": "", "orgPrice": 9 }
      },
      "categoryIds": ["w-pantry"],
      "similarProducts": []
    },
    {
      "id": "w-99284-773948231019",
      "name": "Wowbutter Peanut Free Crunchy",
      "brand": "Wowbutter",
      "imageUrls": "https://cdn0.woolworths.media/content/wowproductimages/large/099284.jpg",
      "storeId": "woolworths",
      "packageSize": "500g",
      "cupPrice": "$1.20 / 100G",
      "locations": {
        "ALL": { "price": 6, "discountRate": 33, "promo": "", "orgPrice": 9 }
      },
      "categoryIds": ["w-pantry"],
      "similarProducts": []
    },
    {
      "id": "w-258033-93613910",
      "name": "Wrigley's Extra Peppermint Chewing Gum Sugar Free",
      "brand": "Wrigley's",
      "imageUrls": "https://cdn0.woolworths.media/content/wowproductimages/large/258033.jpg",
      "storeId": "woolworths",
      "packageSize": "27g",
      "cupPrice": "$6.67 / 100G",
      "locations": {
        "ALL": {
          "price": 1.8,
          "discountRate": 10,
          "promo": "",
          "orgPrice": 2
        }
      },
      "categoryIds": ["w-pantry"],
      "similarProducts": []
    },
    {
      "id": "w-258031-93613903",
      "name": "Wrigley's Extra Spearmint Chewing Gum Sugar Free",
      "brand": "Wrigley's",
      "imageUrls": "https://cdn0.woolworths.media/content/wowproductimages/large/258031.jpg",
      "storeId": "woolworths",
      "packageSize": "27g",
      "cupPrice": "$6.67 / 100G",
      "locations": {
        "ALL": {
          "price": 1.8,
          "discountRate": 10,
          "promo": "",
          "orgPrice": 2
        }
      },
      "categoryIds": ["w-pantry"],
      "similarProducts": []
    },
    {
      "id": "w-298888-93519441",
      "name": "Wrigley's Extra Strawberry Chewing Gum Sugar Free",
      "brand": "Wrigley's",
      "imageUrls": "https://cdn0.woolworths.media/content/wowproductimages/large/298888.jpg",
      "storeId": "woolworths",
      "packageSize": "27g",
      "cupPrice": "$6.67 / 100G",
      "locations": {
        "ALL": {
          "price": 1.8,
          "discountRate": 10,
          "promo": "",
          "orgPrice": 2
        }
      },
      "categoryIds": ["w-pantry"],
      "similarProducts": []
    },
    {
      "id": "w-135903-9300613100335",
      "name": "Wrigley's Extra White Peppermint Chewing Gum Sugar Free 4x10 Piece",
      "brand": "Wrigley's",
      "imageUrls": "https://cdn0.woolworths.media/content/wowproductimages/large/135903.jpg",
      "storeId": "woolworths",
      "packageSize": "56g",
      "cupPrice": "$5.36 / 100G",
      "locations": {
        "ALL": {
          "price": 3,
          "discountRate": 14,
          "promo": "",
          "orgPrice": 3.5
        }
      },
      "categoryIds": ["w-pantry"],
      "similarProducts": []
    },
    {
      "id": "w-38339-77521273312",
      "name": "Yeo's Satay Sauce Satay Bbq",
      "brand": "Yeo's",
      "imageUrls": "https://cdn0.woolworths.media/content/wowproductimages/large/038339.jpg",
      "storeId": "woolworths",
      "packageSize": "250ml",
      "cupPrice": "$1.36 / 100ML",
      "locations": {
        "ALL": {
          "price": 3.4,
          "discountRate": 15,
          "promo": "",
          "orgPrice": 4
        }
      },
      "categoryIds": ["w-pantry"],
      "similarProducts": []
    },
    {
      "id": "w-473598-8888056777709",
      "name": "Yoodles Brown Rice Noodles Beef",
      "brand": "Yoodles",
      "imageUrls": "https://cdn0.woolworths.media/content/wowproductimages/large/473598.jpg",
      "storeId": "woolworths",
      "packageSize": "70g",
      "cupPrice": "$2.29 / 100G",
      "locations": {
        "ALL": {
          "price": 1.6,
          "discountRate": 20,
          "promo": "",
          "orgPrice": 2
        }
      },
      "categoryIds": ["w-pantry"],
      "similarProducts": []
    },
    {
      "id": "w-473597-8888056777778",
      "name": "Yoodles Brown Rice Noodles Chicken",
      "brand": "Yoodles",
      "imageUrls": "https://cdn0.woolworths.media/content/wowproductimages/large/473597.jpg",
      "storeId": "woolworths",
      "packageSize": "70g",
      "cupPrice": "$2.29 / 100G",
      "locations": {
        "ALL": {
          "price": 1.6,
          "discountRate": 20,
          "promo": "",
          "orgPrice": 2
        }
      },
      "categoryIds": ["w-pantry"],
      "similarProducts": []
    },
    {
      "id": "w-780289-9310081122616",
      "name": "Birds Eye Deli Barramundi Crisp Light Batter",
      "brand": "Birds Eye",
      "imageUrls": "https://cdn0.woolworths.media/content/wowproductimages/large/780289.jpg",
      "storeId": "woolworths",
      "packageSize": "250g",
      "cupPrice": "$28.80 / 1KG",
      "locations": {
        "ALL": {
          "price": 7.2,
          "discountRate": 20,
          "promo": "",
          "orgPrice": 9
        }
      },
      "categoryIds": ["w-freezer"],
      "similarProducts": []
    },
    {
      "id": "w-60993-9310081124948",
      "name": "Birds Eye Deli Seasonal Catch Flathead In Light Batter",
      "brand": "Birds Eye",
      "imageUrls": "https://cdn0.woolworths.media/content/wowproductimages/large/060993.jpg",
      "storeId": "woolworths",
      "packageSize": "250g",
      "cupPrice": "$28.80 / 1KG",
      "locations": {
        "ALL": {
          "price": 7.2,
          "discountRate": 20,
          "promo": "",
          "orgPrice": 9
        }
      },
      "categoryIds": ["w-freezer"],
      "similarProducts": []
    },
    {
      "id": "w-318488-9300462428796",
      "name": "Birds Eye Fresh Caught Barramundi Original Crumb",
      "brand": "Birds Eye",
      "imageUrls": "https://cdn0.woolworths.media/content/wowproductimages/large/318488.jpg",
      "storeId": "woolworths",
      "packageSize": "270g",
      "cupPrice": "$25.93 / 1KG",
      "locations": {
        "ALL": { "price": 7, "discountRate": 30, "promo": "", "orgPrice": 10 }
      },
      "categoryIds": ["w-freezer"],
      "similarProducts": []
    },
    {
      "id": "w-682609-9310081121558",
      "name": "Birds Eye Golden Crunch Beer Batter Fries",
      "brand": "Birds Eye",
      "imageUrls": "https://cdn0.woolworths.media/content/wowproductimages/large/682609.jpg",
      "storeId": "woolworths",
      "packageSize": "500g",
      "cupPrice": "$4.00 / 1KG",
      "locations": {
        "ALL": {
          "price": 2,
          "discountRate": 20,
          "promo": "",
          "orgPrice": 2.5
        }
      },
      "categoryIds": ["w-freezer"],
      "similarProducts": []
    },
    {
      "id": "w-139322-9300462422886",
      "name": "Birds Eye Golden Crunch Crinkle Cut Chips",
      "brand": "Birds Eye",
      "imageUrls": "https://cdn0.woolworths.media/content/wowproductimages/large/139322.jpg",
      "storeId": "woolworths",
      "packageSize": "1kg",
      "cupPrice": "$3.00 / 1KG",
      "locations": {
        "ALL": {
          "price": 3,
          "discountRate": 30,
          "promo": "",
          "orgPrice": 4.3
        }
      },
      "categoryIds": ["w-freezer"],
      "similarProducts": []
    },
    {
      "id": "w-780200-9310081122678",
      "name": "Birds Eye Oven Bake Barramundi Battered",
      "brand": "Birds Eye",
      "imageUrls": "https://cdn0.woolworths.media/content/wowproductimages/large/780200.jpg",
      "storeId": "woolworths",
      "packageSize": "270g",
      "cupPrice": "$25.93 / 1KG",
      "locations": {
        "ALL": { "price": 7, "discountRate": 30, "promo": "", "orgPrice": 10 }
      },
      "categoryIds": ["w-freezer"],
      "similarProducts": []
    },
    {
      "id": "w-96403-9310081401667",
      "name": "Birds Eye Potato Gems",
      "brand": "Birds Eye",
      "imageUrls": "https://cdn0.woolworths.media/content/wowproductimages/large/096403.jpg",
      "storeId": "woolworths",
      "packageSize": "1kg",
      "cupPrice": "$3.00 / 1KG",
      "locations": {
        "ALL": {
          "price": 3,
          "discountRate": 30,
          "promo": "",
          "orgPrice": 4.3
        }
      },
      "categoryIds": ["w-freezer"],
      "similarProducts": []
    },
    {
      "id": "w-571952-9310081118442",
      "name": "Birds Eye South Atlantic Flathead",
      "brand": "Birds Eye",
      "imageUrls": "https://cdn0.woolworths.media/content/wowproductimages/large/571952.jpg",
      "storeId": "woolworths",
      "packageSize": "270g",
      "cupPrice": "$25.93 / 1KG",
      "locations": {
        "ALL": { "price": 7, "discountRate": 30, "promo": "", "orgPrice": 10 }
      },
      "categoryIds": ["w-freezer"],
      "similarProducts": []
    },
    {
      "id": "w-338482-9310081451631",
      "name": "Birds Eye Southern Blue Whiting Original Crumb",
      "brand": "Birds Eye",
      "imageUrls": "https://cdn0.woolworths.media/content/wowproductimages/large/338482.jpg",
      "storeId": "woolworths",
      "packageSize": "425g",
      "cupPrice": "$16.47 / 1KG",
      "locations": {
        "ALL": { "price": 7, "discountRate": 30, "promo": "", "orgPrice": 10 }
      },
      "categoryIds": ["w-freezer"],
      "similarProducts": []
    },
    {
      "id": "w-839441-9310081104988",
      "name": "Birds Eye Steam Plus Cous Cous",
      "brand": "Birds Eye",
      "imageUrls": "https://cdn0.woolworths.media/content/wowproductimages/large/839441.jpg",
      "storeId": "woolworths",
      "packageSize": "400g",
      "cupPrice": "$6.25 / 1KG",
      "locations": {
        "ALL": {
          "price": 2.5,
          "discountRate": 50,
          "promo": "",
          "orgPrice": 5
        }
      },
      "categoryIds": ["w-freezer"],
      "similarProducts": []
    },
    {
      "id": "w-780110-9310081122647",
      "name": "Birds Eye Steam Fresh Parsley & Citrus Sauce",
      "brand": "Birds Eye",
      "imageUrls": "https://cdn0.woolworths.media/content/wowproductimages/large/780110.jpg",
      "storeId": "woolworths",
      "packageSize": "380g",
      "cupPrice": "$11.84 / 1KG",
      "locations": {
        "ALL": {
          "price": 4.5,
          "discountRate": 50,
          "promo": "",
          "orgPrice": 9
        }
      },
      "categoryIds": ["w-freezer"],
      "similarProducts": []
    },
    {
      "id": "w-780212-9310081122654",
      "name": "Birds Eye Steam Fresh Thai Red Curry Sauce",
      "brand": "Birds Eye",
      "imageUrls": "https://cdn0.woolworths.media/content/wowproductimages/large/780212.jpg",
      "storeId": "woolworths",
      "packageSize": "380g",
      "cupPrice": "$11.84 / 1KG",
      "locations": {
        "ALL": {
          "price": 4.5,
          "discountRate": 50,
          "promo": "",
          "orgPrice": 9
        }
      },
      "categoryIds": ["w-freezer"],
      "similarProducts": []
    },
    {
      "id": "w-60154-9310081122661",
      "name": "Birds Eye Steam Lemongrass Garlic & Lemongrass Sauce",
      "brand": "Birds Eye",
      "imageUrls": "https://cdn0.woolworths.media/content/wowproductimages/large/060154.jpg",
      "storeId": "woolworths",
      "packageSize": "380g",
      "cupPrice": "$11.84 / 1KG",
      "locations": {
        "ALL": {
          "price": 4.5,
          "discountRate": 50,
          "promo": "",
          "orgPrice": 9
        }
      },
      "categoryIds": ["w-freezer"],
      "similarProducts": []
    },
    {
      "id": "w-63592-9310081125099",
      "name": "Birds Eye Steamfresh Plus Japanese",
      "brand": "Birds Eye",
      "imageUrls": "https://cdn0.woolworths.media/content/wowproductimages/large/063592.jpg",
      "storeId": "woolworths",
      "packageSize": "400g",
      "cupPrice": "$6.25 / 1KG",
      "locations": {
        "ALL": {
          "price": 2.5,
          "discountRate": 50,
          "promo": "",
          "orgPrice": 5
        }
      },
      "categoryIds": ["w-freezer"],
      "similarProducts": []
    },
    {
      "id": "w-63573-9310081125105",
      "name": "Birds Eye Steamfresh Plus Vietnamese",
      "brand": "Birds Eye",
      "imageUrls": "https://cdn0.woolworths.media/content/wowproductimages/large/063573.jpg",
      "storeId": "woolworths",
      "packageSize": "400g",
      "cupPrice": "$6.25 / 1KG",
      "locations": {
        "ALL": {
          "price": 2.5,
          "discountRate": 50,
          "promo": "",
          "orgPrice": 5
        }
      },
      "categoryIds": ["w-freezer"],
      "similarProducts": []
    },
    {
      "id": "w-6981-9310081423010",
      "name": "Birds Eye Wild Caught Deep Sea Dory Original Crumb",
      "brand": "Birds Eye",
      "imageUrls": "https://cdn0.woolworths.media/content/wowproductimages/large/006981.jpg",
      "storeId": "woolworths",
      "packageSize": "425g",
      "cupPrice": "$16.47 / 1KG",
      "locations": {
        "ALL": { "price": 7, "discountRate": 30, "promo": "", "orgPrice": 10 }
      },
      "categoryIds": ["w-freezer"],
      "similarProducts": []
    },
    {
      "id": "w-113921-9300462402246",
      "name": "Birds Eye Golden Crunch Straight Cut Chips",
      "brand": "Birds Eye",
      "imageUrls": "https://cdn0.woolworths.media/content/wowproductimages/large/113921.jpg",
      "storeId": "woolworths",
      "packageSize": "1kg",
      "cupPrice": "$3.00 / 1KG",
      "locations": {
        "ALL": {
          "price": 3,
          "discountRate": 30,
          "promo": "",
          "orgPrice": 4.3
        }
      },
      "categoryIds": ["w-freezer"],
      "similarProducts": []
    },
    {
      "id": "w-683729-9339687042753",
      "name": "Boost Smoothie Mix Passion Mango",
      "brand": "Boost",
      "imageUrls": "https://cdn0.woolworths.media/content/wowproductimages/large/683729.jpg",
      "storeId": "woolworths",
      "packageSize": "3 pack",
      "cupPrice": "$9.09 / 1KG",
      "locations": {
        "ALL": { "price": 6, "discountRate": 14, "promo": "", "orgPrice": 7 }
      },
      "categoryIds": ["w-freezer"],
      "similarProducts": []
    },
    {
      "id": "w-555410-9300633628444",
      "name": "Boost Smoothie Mix Rise And Shine",
      "brand": "Boost",
      "imageUrls": "https://cdn0.woolworths.media/content/wowproductimages/large/555410.jpg",
      "storeId": "woolworths",
      "packageSize": "3 pack",
      "cupPrice": "$9.09 / 1KG",
      "locations": {
        "ALL": { "price": 6, "discountRate": 14, "promo": "", "orgPrice": 7 }
      },
      "categoryIds": ["w-freezer"],
      "similarProducts": []
    },
    {
      "id": "w-554388-9300633628383",
      "name": "Boost Smoothie Mix Tropical Sunrise",
      "brand": "Boost",
      "imageUrls": "https://cdn0.woolworths.media/content/wowproductimages/large/554388.jpg",
      "storeId": "woolworths",
      "packageSize": "3 pack",
      "cupPrice": "$9.09 / 1KG",
      "locations": {
        "ALL": { "price": 6, "discountRate": 14, "promo": "", "orgPrice": 7 }
      },
      "categoryIds": ["w-freezer"],
      "similarProducts": []
    },
    {
      "id": "w-856183-5000159483063",
      "name": "Bounty Chocolate Bar Iced Confectionery Multipack",
      "brand": "Bounty",
      "imageUrls": "https://cdn0.woolworths.media/content/wowproductimages/large/856183.jpg",
      "storeId": "woolworths",
      "packageSize": "6 pack",
      "cupPrice": "$1.66 / 100ML",
      "locations": {
        "ALL": {
          "price": 5,
          "discountRate": 41,
          "promo": "",
          "orgPrice": 8.5
        }
      },
      "categoryIds": ["w-freezer"],
      "similarProducts": []
    },
    {
      "id": "w-191046-9310161001480",
      "name": "Bulla Creamy Classics Ice Cream Cookies & Cream",
      "brand": "Bulla",
      "imageUrls": "https://cdn0.woolworths.media/content/wowproductimages/large/191046.jpg",
      "storeId": "woolworths",
      "packageSize": "2l tub",
      "cupPrice": "$0.30 / 100ML",
      "locations": {
        "ALL": {
          "price": 6,
          "discountRate": 29,
          "promo": "",
          "orgPrice": 8.5
        }
      },
      "categoryIds": ["w-freezer"],
      "similarProducts": []
    },
    {
      "id": "w-191048-9310161001497",
      "name": "Bulla Creamy Classics Ice Cream Rich Choc Chip",
      "brand": "Bulla",
      "imageUrls": "https://cdn0.woolworths.media/content/wowproductimages/large/191048.jpg",
      "storeId": "woolworths",
      "packageSize": "2l tub",
      "cupPrice": "$0.30 / 100ML",
      "locations": {
        "ALL": {
          "price": 6,
          "discountRate": 29,
          "promo": "",
          "orgPrice": 8.5
        }
      },
      "categoryIds": ["w-freezer"],
      "similarProducts": []
    },
    {
      "id": "w-191043-9310161001343",
      "name": "Bulla Creamy Classics Ice Cream Vanilla",
      "brand": "Bulla",
      "imageUrls": "https://cdn0.woolworths.media/content/wowproductimages/large/191043.jpg",
      "storeId": "woolworths",
      "packageSize": "2l tub",
      "cupPrice": "$0.30 / 100ML",
      "locations": {
        "ALL": {
          "price": 6,
          "discountRate": 29,
          "promo": "",
          "orgPrice": 8.5
        }
      },
      "categoryIds": ["w-freezer"],
      "similarProducts": []
    },
    {
      "id": "w-318641-9310161006515",
      "name": "Bulla Frozen Yoghurt Strawberry, Mango & Wildberry",
      "brand": "Bulla",
      "imageUrls": "https://cdn0.woolworths.media/content/wowproductimages/large/318641.jpg",
      "storeId": "woolworths",
      "packageSize": "8 pack",
      "cupPrice": "$1.06 / 100G",
      "locations": {
        "ALL": { "price": 5, "discountRate": 29, "promo": "", "orgPrice": 7 }
      },
      "categoryIds": ["w-freezer"],
      "similarProducts": []
    },
    {
      "id": "w-86412-9310161002111",
      "name": "Bulla Ice Cream Vanilla",
      "brand": "Bulla",
      "imageUrls": "https://cdn0.woolworths.media/content/wowproductimages/large/086412.jpg",
      "storeId": "woolworths",
      "packageSize": "4l tub",
      "cupPrice": "$0.20 / 100ML",
      "locations": {
        "ALL": { "price": 8, "discountRate": 20, "promo": "", "orgPrice": 10 }
      },
      "categoryIds": ["w-freezer"],
      "similarProducts": []
    },
    {
      "id": "w-279664-9310161006690",
      "name": "Bulla Mini Frozen Yoghurt Assorted Flavours",
      "brand": "Bulla",
      "imageUrls": "https://cdn0.woolworths.media/content/wowproductimages/large/279664.jpg",
      "storeId": "woolworths",
      "packageSize": "14 pack",
      "cupPrice": "$0.99 / 100G",
      "locations": {
        "ALL": { "price": 5, "discountRate": 29, "promo": "", "orgPrice": 7 }
      },
      "categoryIds": ["w-freezer"],
      "similarProducts": []
    },
    {
      "id": "w-313661-9310161006911",
      "name": "Bulla Mini Splits Tropical & Raspberry",
      "brand": "Bulla",
      "imageUrls": "https://cdn0.woolworths.media/content/wowproductimages/large/313661.jpg",
      "storeId": "woolworths",
      "packageSize": "14 pack",
      "cupPrice": "$0.89 / 100ML",
      "locations": {
        "ALL": { "price": 5, "discountRate": 29, "promo": "", "orgPrice": 7 }
      },
      "categoryIds": ["w-freezer"],
      "similarProducts": []
    },
    {
      "id": "w-63739-9310161015449",
      "name": "Bulla Nourish Cloudy Apple Sticks",
      "brand": "Bulla",
      "imageUrls": "https://cdn0.woolworths.media/content/wowproductimages/large/063739.jpg",
      "storeId": "woolworths",
      "packageSize": "6 pack",
      "cupPrice": "$1.11 / 100ML",
      "locations": {
        "ALL": { "price": 5, "discountRate": 29, "promo": "", "orgPrice": 7 }
      },
      "categoryIds": ["w-freezer"],
      "similarProducts": []
    },
    {
      "id": "w-63639-9310161015456",
      "name": "Bulla Nourish Mango And Coconut Sticks",
      "brand": "Bulla",
      "imageUrls": "https://cdn0.woolworths.media/content/wowproductimages/large/063639.jpg",
      "storeId": "woolworths",
      "packageSize": "6 pack",
      "cupPrice": "$1.11 / 100ML",
      "locations": {
        "ALL": { "price": 5, "discountRate": 29, "promo": "", "orgPrice": 7 }
      },
      "categoryIds": ["w-freezer"],
      "similarProducts": []
    },
    {
      "id": "w-63792-9310161015463",
      "name": "Bulla Nourish Strawberry Sticks",
      "brand": "Bulla",
      "imageUrls": "https://cdn0.woolworths.media/content/wowproductimages/large/063792.jpg",
      "storeId": "woolworths",
      "packageSize": "6 pack",
      "cupPrice": "$1.11 / 100ML",
      "locations": {
        "ALL": { "price": 5, "discountRate": 29, "promo": "", "orgPrice": 7 }
      },
      "categoryIds": ["w-freezer"],
      "similarProducts": []
    },
    {
      "id": "w-52302-9310161014831",
      "name": "Bulla Peach, Lemon, Mango Ice Tea",
      "brand": "Bulla",
      "imageUrls": "https://cdn0.woolworths.media/content/wowproductimages/large/052302.jpg",
      "storeId": "woolworths",
      "packageSize": "10 pack",
      "cupPrice": "$0.71 / 100ML",
      "locations": {
        "ALL": { "price": 5, "discountRate": 29, "promo": "", "orgPrice": 7 }
      },
      "categoryIds": ["w-freezer"],
      "similarProducts": []
    },
    {
      "id": "w-40975-9310161003118",
      "name": "Bulla Splits Raspberry",
      "brand": "Bulla",
      "imageUrls": "https://cdn0.woolworths.media/content/wowproductimages/large/040975.jpg",
      "storeId": "woolworths",
      "packageSize": "10 pack",
      "cupPrice": "$0.67 / 100ML",
      "locations": {
        "ALL": { "price": 5, "discountRate": 29, "promo": "", "orgPrice": 7 }
      },
      "categoryIds": ["w-freezer"],
      "similarProducts": []
    },
    {
      "id": "w-178943-9310161001411",
      "name": "Bulla Splits Ice Cream Wildberry Orange Tropical",
      "brand": "Bulla",
      "imageUrls": "https://cdn0.woolworths.media/content/wowproductimages/large/178943.jpg",
      "storeId": "woolworths",
      "packageSize": "10 pack",
      "cupPrice": "$0.67 / 100ML",
      "locations": {
        "ALL": { "price": 5, "discountRate": 29, "promo": "", "orgPrice": 7 }
      },
      "categoryIds": ["w-freezer"],
      "similarProducts": []
    },
    {
      "id": "w-140646-9310161002579",
      "name": "Bulla Splits Multipack Raspberry, Mango & Lemon Lime",
      "brand": "Bulla",
      "imageUrls": "https://cdn0.woolworths.media/content/wowproductimages/large/140646.jpg",
      "storeId": "woolworths",
      "packageSize": "10 pack",
      "cupPrice": "$0.67 / 100ML",
      "locations": {
        "ALL": { "price": 5, "discountRate": 29, "promo": "", "orgPrice": 7 }
      },
      "categoryIds": ["w-freezer"],
      "similarProducts": []
    },
    {
      "id": "w-52287-9310161014824",
      "name": "Bulla Splits Spider",
      "brand": "Bulla",
      "imageUrls": "https://cdn0.woolworths.media/content/wowproductimages/large/052287.jpg",
      "storeId": "woolworths",
      "packageSize": "10 pack",
      "cupPrice": "$0.67 / 100ML",
      "locations": {
        "ALL": { "price": 5, "discountRate": 29, "promo": "", "orgPrice": 7 }
      },
      "categoryIds": ["w-freezer"],
      "similarProducts": []
    },
    {
      "id": "w-829055-9310135172826",
      "name": "Cadbury Dairy Milk Molten Pudding Caramello",
      "brand": "Cadbury",
      "imageUrls": "https://cdn0.woolworths.media/content/wowproductimages/large/829055.jpg",
      "storeId": "woolworths",
      "packageSize": "2 pack",
      "cupPrice": "$2.00 / 100G",
      "locations": {
        "ALL": { "price": 4, "discountRate": 20, "promo": "", "orgPrice": 5 }
      },
      "categoryIds": ["w-freezer"],
      "similarProducts": []
    },
    {
      "id": "w-829054-9310135172819",
      "name": "Cadbury Dairy Milk Molten Pudding Milk Chocolate",
      "brand": "Cadbury",
      "imageUrls": "https://cdn0.woolworths.media/content/wowproductimages/large/829054.jpg",
      "storeId": "woolworths",
      "packageSize": "2 pack",
      "cupPrice": "$2.00 / 100G",
      "locations": {
        "ALL": { "price": 4, "discountRate": 20, "promo": "", "orgPrice": 5 }
      },
      "categoryIds": ["w-freezer"],
      "similarProducts": []
    },
    {
      "id": "w-51933-9347043001788",
      "name": "Cadbury Freddo Strawberry & Vanilla Ice Cream",
      "brand": "Cadbury",
      "imageUrls": "https://cdn0.woolworths.media/content/wowproductimages/large/051933.jpg",
      "storeId": "woolworths",
      "packageSize": "4 pack",
      "cupPrice": "$1.22 / 100ML",
      "locations": {
        "ALL": { "price": 4, "discountRate": 43, "promo": "", "orgPrice": 7 }
      },
      "categoryIds": ["w-freezer"],
      "similarProducts": []
    },
    {
      "id": "w-51934-9347043001771",
      "name": "Cadbury Freddo Vanilla & Chocolate Ice Cream",
      "brand": "Cadbury",
      "imageUrls": "https://cdn0.woolworths.media/content/wowproductimages/large/051934.jpg",
      "storeId": "woolworths",
      "packageSize": "4 pack",
      "cupPrice": "$1.22 / 100ML",
      "locations": {
        "ALL": { "price": 4, "discountRate": 43, "promo": "", "orgPrice": 7 }
      },
      "categoryIds": ["w-freezer"],
      "similarProducts": []
    },
    {
      "id": "w-62136-9310135174325",
      "name": "Cadbury Old Gold Baked Cheesecakes",
      "brand": "Cadbury",
      "imageUrls": "https://cdn0.woolworths.media/content/wowproductimages/large/062136.jpg",
      "storeId": "woolworths",
      "packageSize": "2 pack",
      "cupPrice": "$2.50 / 100G",
      "locations": {
        "ALL": { "price": 4, "discountRate": 20, "promo": "", "orgPrice": 5 }
      },
      "categoryIds": ["w-freezer"],
      "similarProducts": []
    },
    {
      "id": "w-545628-9350327000162",
      "name": "Coco & Lucas' Beef Cottage Pie",
      "brand": "Coco & Lucas'",
      "imageUrls": "https://cdn0.woolworths.media/content/wowproductimages/large/545628.jpg",
      "storeId": "woolworths",
      "packageSize": "220g",
      "cupPrice": "$1.82 / 100G",
      "locations": {
        "ALL": { "price": 4, "discountRate": 20, "promo": "", "orgPrice": 5 }
      },
      "categoryIds": ["w-freezer"],
      "similarProducts": []
    },
    {
      "id": "w-55021-9350327000452",
      "name": "Coco & Lucas' Beefless Patties Sweet Potato Mash & Veggies",
      "brand": "Coco & Lucas'",
      "imageUrls": "https://cdn0.woolworths.media/content/wowproductimages/large/055021.jpg",
      "storeId": "woolworths",
      "packageSize": "350g",
      "cupPrice": "$1.86 / 100G",
      "locations": {
        "ALL": {
          "price": 6.5,
          "discountRate": 19,
          "promo": "",
          "orgPrice": 8
        }
      },
      "categoryIds": ["w-freezer"],
      "similarProducts": []
    },
    {
      "id": "w-545704-9350327000193",
      "name": "Coco & Lucas' Butter Chicken & Jasmine Rice",
      "brand": "Coco & Lucas'",
      "imageUrls": "https://cdn0.woolworths.media/content/wowproductimages/large/545704.jpg",
      "storeId": "woolworths",
      "packageSize": "220g",
      "cupPrice": "$1.82 / 100G",
      "locations": {
        "ALL": { "price": 4, "discountRate": 20, "promo": "", "orgPrice": 5 }
      },
      "categoryIds": ["w-freezer"],
      "similarProducts": []
    },
    {
      "id": "w-545711-9350327000254",
      "name": "Coco & Lucas' Macaroni Cheese",
      "brand": "Coco & Lucas'",
      "imageUrls": "https://cdn0.woolworths.media/content/wowproductimages/large/545711.jpg",
      "storeId": "woolworths",
      "packageSize": "220g",
      "cupPrice": "$1.82 / 100G",
      "locations": {
        "ALL": { "price": 4, "discountRate": 20, "promo": "", "orgPrice": 5 }
      },
      "categoryIds": ["w-freezer"],
      "similarProducts": []
    },
    {
      "id": "w-55038-9350327000414",
      "name": "Coco & Lucas' Meatless Cottage Pie",
      "brand": "Coco & Lucas'",
      "imageUrls": "https://cdn0.woolworths.media/content/wowproductimages/large/055038.jpg",
      "storeId": "woolworths",
      "packageSize": "350g",
      "cupPrice": "$1.86 / 100G",
      "locations": {
        "ALL": {
          "price": 6.5,
          "discountRate": 19,
          "promo": "",
          "orgPrice": 8
        }
      },
      "categoryIds": ["w-freezer"],
      "similarProducts": []
    },
    {
      "id": "w-545665-9350327000179",
      "name": "Coco & Lucas' Mini Bangers & Mash With Gravy",
      "brand": "Coco & Lucas'",
      "imageUrls": "https://cdn0.woolworths.media/content/wowproductimages/large/545665.jpg",
      "storeId": "woolworths",
      "packageSize": "220g",
      "cupPrice": "$1.82 / 100G",
      "locations": {
        "ALL": { "price": 4, "discountRate": 20, "promo": "", "orgPrice": 5 }
      },
      "categoryIds": ["w-freezer"],
      "similarProducts": []
    },
    {
      "id": "w-545667-9350327000223",
      "name": "Coco & Lucas' Spaghetti Bolognese",
      "brand": "Coco & Lucas'",
      "imageUrls": "https://cdn0.woolworths.media/content/wowproductimages/large/545667.jpg",
      "storeId": "woolworths",
      "packageSize": "220g",
      "cupPrice": "$1.82 / 100G",
      "locations": {
        "ALL": { "price": 4, "discountRate": 20, "promo": "", "orgPrice": 5 }
      },
      "categoryIds": ["w-freezer"],
      "similarProducts": []
    },
    {
      "id": "w-55039-9350327000438",
      "name": "Coco & Lucas' Spaghetti Vegie-nese",
      "brand": "Coco & Lucas'",
      "imageUrls": "https://cdn0.woolworths.media/content/wowproductimages/large/055039.jpg",
      "storeId": "woolworths",
      "packageSize": "350g",
      "cupPrice": "$1.86 / 100G",
      "locations": {
        "ALL": {
          "price": 6.5,
          "discountRate": 19,
          "promo": "",
          "orgPrice": 8
        }
      },
      "categoryIds": ["w-freezer"],
      "similarProducts": []
    },
    {
      "id": "w-55019-9350327000421",
      "name": "Coco & Lucas' Vegan Butter Chickenless & Basmati Rice",
      "brand": "Coco & Lucas'",
      "imageUrls": "https://cdn0.woolworths.media/content/wowproductimages/large/055019.jpg",
      "storeId": "woolworths",
      "packageSize": "350g",
      "cupPrice": "$1.86 / 100G",
      "locations": {
        "ALL": {
          "price": 6.5,
          "discountRate": 19,
          "promo": "",
          "orgPrice": 8
        }
      },
      "categoryIds": ["w-freezer"],
      "similarProducts": []
    },
    {
      "id": "w-55020-9350327000445",
      "name": "Coco & Lucas' Vegan Chickenless Rendang & Jasmine Rice",
      "brand": "Coco & Lucas'",
      "imageUrls": "https://cdn0.woolworths.media/content/wowproductimages/large/055020.jpg",
      "storeId": "woolworths",
      "packageSize": "350g",
      "cupPrice": "$1.86 / 100G",
      "locations": {
        "ALL": {
          "price": 6.5,
          "discountRate": 19,
          "promo": "",
          "orgPrice": 8
        }
      },
      "categoryIds": ["w-freezer"],
      "similarProducts": []
    },
    {
      "id": "w-508521-9347042001932",
      "name": "Connoisseur Belgian Chocolate Fudge With Roasted Hazelnut",
      "brand": "Connoisseur",
      "imageUrls": "https://cdn0.woolworths.media/content/wowproductimages/large/508521.jpg",
      "storeId": "woolworths",
      "packageSize": "4 pack",
      "cupPrice": "$1.32 / 100ML",
      "locations": {
        "ALL": {
          "price": 6,
          "discountRate": 30,
          "promo": "",
          "orgPrice": 8.6
        }
      },
      "categoryIds": ["w-freezer"],
      "similarProducts": []
    },
    {
      "id": "w-881417-9347042001444",
      "name": "Connoisseur Ice Cream Chocolate Vanilla Almond",
      "brand": "Connoisseur",
      "imageUrls": "https://cdn0.woolworths.media/content/wowproductimages/large/881417.jpg",
      "storeId": "woolworths",
      "packageSize": "4 pack",
      "cupPrice": "$1.32 / 100ML",
      "locations": {
        "ALL": {
          "price": 6,
          "discountRate": 30,
          "promo": "",
          "orgPrice": 8.6
        }
      },
      "categoryIds": ["w-freezer"],
      "similarProducts": []
    },
    {
      "id": "w-781536-9347042000997",
      "name": "Connoisseur Ice Cream Cookies & Cream",
      "brand": "Connoisseur",
      "imageUrls": "https://cdn0.woolworths.media/content/wowproductimages/large/781536.jpg",
      "storeId": "woolworths",
      "packageSize": "4 pack",
      "cupPrice": "$1.32 / 100ML",
      "locations": {
        "ALL": {
          "price": 6,
          "discountRate": 30,
          "promo": "",
          "orgPrice": 8.6
        }
      },
      "categoryIds": ["w-freezer"],
      "similarProducts": []
    },
    {
      "id": "w-881425-9347042001468",
      "name": "Connoisseur Ice Cream Mint Choc Cookie",
      "brand": "Connoisseur",
      "imageUrls": "https://cdn0.woolworths.media/content/wowproductimages/large/881425.jpg",
      "storeId": "woolworths",
      "packageSize": "4 pack",
      "cupPrice": "$1.32 / 100ML",
      "locations": {
        "ALL": {
          "price": 6,
          "discountRate": 30,
          "promo": "",
          "orgPrice": 8.6
        }
      },
      "categoryIds": ["w-freezer"],
      "similarProducts": []
    },
    {
      "id": "w-881432-9347042001475",
      "name": "Connoisseur Ice Cream Sicilian Blood Orange Choc",
      "brand": "Connoisseur",
      "imageUrls": "https://cdn0.woolworths.media/content/wowproductimages/large/881432.jpg",
      "storeId": "woolworths",
      "packageSize": "4 pack",
      "cupPrice": "$1.32 / 100ML",
      "locations": {
        "ALL": {
          "price": 6,
          "discountRate": 30,
          "promo": "",
          "orgPrice": 8.6
        }
      },
      "categoryIds": ["w-freezer"],
      "similarProducts": []
    },
    {
      "id": "w-633616-9347042002298",
      "name": "Connoisseur Kangaroo Island Honey With Honeycomb Shards Ice Cream",
      "brand": "Connoisseur",
      "imageUrls": "https://cdn0.woolworths.media/content/wowproductimages/large/633616.jpg",
      "storeId": "woolworths",
      "packageSize": "4 pack",
      "cupPrice": "$1.32 / 100ML",
      "locations": {
        "ALL": {
          "price": 6,
          "discountRate": 30,
          "promo": "",
          "orgPrice": 8.6
        }
      },
      "categoryIds": ["w-freezer"],
      "similarProducts": []
    },
    {
      "id": "w-633611-9347042002090",
      "name": "Connoisseur Mango & Coconut Ice Cream",
      "brand": "Connoisseur",
      "imageUrls": "https://cdn0.woolworths.media/content/wowproductimages/large/633611.jpg",
      "storeId": "woolworths",
      "packageSize": "4 pack",
      "cupPrice": "$1.32 / 100ML",
      "locations": {
        "ALL": {
          "price": 6,
          "discountRate": 30,
          "promo": "",
          "orgPrice": 8.6
        }
      },
      "categoryIds": ["w-freezer"],
      "similarProducts": []
    },
    {
      "id": "w-767549-9347042000935",
      "name": "Connoisseur Murray River Salted Caramel Macadamia",
      "brand": "Connoisseur",
      "imageUrls": "https://cdn0.woolworths.media/content/wowproductimages/large/767549.jpg",
      "storeId": "woolworths",
      "packageSize": "4 pack",
      "cupPrice": "$1.32 / 100ML",
      "locations": {
        "ALL": {
          "price": 6,
          "discountRate": 30,
          "promo": "",
          "orgPrice": 8.6
        }
      },
      "categoryIds": ["w-freezer"],
      "similarProducts": []
    },
    {
      "id": "w-699139-9347042002526",
      "name": "Connoisseur Strawberries & Cream Ice Cream",
      "brand": "Connoisseur",
      "imageUrls": "https://cdn0.woolworths.media/content/wowproductimages/large/699139.jpg",
      "storeId": "woolworths",
      "packageSize": "4 pack",
      "cupPrice": "$1.32 / 100ML",
      "locations": {
        "ALL": {
          "price": 6,
          "discountRate": 30,
          "promo": "",
          "orgPrice": 8.6
        }
      },
      "categoryIds": ["w-freezer"],
      "similarProducts": []
    },
    {
      "id": "w-633604-9347042002274",
      "name": "Connoisseur Vanilla Ice Cream",
      "brand": "Connoisseur",
      "imageUrls": "https://cdn0.woolworths.media/content/wowproductimages/large/633604.jpg",
      "storeId": "woolworths",
      "packageSize": "4 pack",
      "cupPrice": "$1.32 / 100ML",
      "locations": {
        "ALL": {
          "price": 6,
          "discountRate": 30,
          "promo": "",
          "orgPrice": 8.6
        }
      },
      "categoryIds": ["w-freezer"],
      "similarProducts": []
    },
    {
      "id": "w-51771-9347042002724",
      "name": "Connoisseur Wattleseed & Hazelnut Sticks",
      "brand": "Connoisseur",
      "imageUrls": "https://cdn0.woolworths.media/content/wowproductimages/large/051771.jpg",
      "storeId": "woolworths",
      "packageSize": "4 pack",
      "cupPrice": "$1.50 / 100ML",
      "locations": {
        "ALL": {
          "price": 6,
          "discountRate": 30,
          "promo": "",
          "orgPrice": 8.6
        }
      },
      "categoryIds": ["w-freezer"],
      "similarProducts": []
    },
    {
      "id": "w-51923-9347042002809",
      "name": "Connoisseur Wild Hibiscus & Berry Sticks",
      "brand": "Connoisseur",
      "imageUrls": "https://cdn0.woolworths.media/content/wowproductimages/large/051923.jpg",
      "storeId": "woolworths",
      "packageSize": "4 pack",
      "cupPrice": "$1.50 / 100ML",
      "locations": {
        "ALL": {
          "price": 6,
          "discountRate": 30,
          "promo": "",
          "orgPrice": 8.6
        }
      },
      "categoryIds": ["w-freezer"],
      "similarProducts": []
    },
    {
      "id": "w-532199-9344372003179",
      "name": "Creative Gourmet Frozen Banana Chunks",
      "brand": "Creative Gourmet",
      "imageUrls": "https://cdn0.woolworths.media/content/wowproductimages/large/532199.jpg",
      "storeId": "woolworths",
      "packageSize": "500g",
      "cupPrice": "$9.00 / 1KG",
      "locations": {
        "ALL": {
          "price": 4.5,
          "discountRate": 10,
          "promo": "",
          "orgPrice": 5
        }
      },
      "categoryIds": ["w-freezer"],
      "similarProducts": []
    },
    {
      "id": "w-680369-9344372004121",
      "name": "Creative Gourmet Frozen Dragon Fruit Chunks",
      "brand": "Creative Gourmet",
      "imageUrls": "https://cdn0.woolworths.media/content/wowproductimages/large/680369.jpg",
      "storeId": "woolworths",
      "packageSize": "400g",
      "cupPrice": "$11.25 / 1KG",
      "locations": {
        "ALL": {
          "price": 4.5,
          "discountRate": 25,
          "promo": "",
          "orgPrice": 6
        }
      },
      "categoryIds": ["w-freezer"],
      "similarProducts": []
    },
    {
      "id": "w-949-9344372004596",
      "name": "Creative Gourmet Frozen Mango Chunks",
      "brand": "Creative Gourmet",
      "imageUrls": "https://cdn0.woolworths.media/content/wowproductimages/large/000949.jpg",
      "storeId": "woolworths",
      "packageSize": "500g",
      "cupPrice": "$9.00 / 1KG",
      "locations": {
        "ALL": {
          "price": 4.5,
          "discountRate": 25,
          "promo": "",
          "orgPrice": 6
        }
      },
      "categoryIds": ["w-freezer"],
      "similarProducts": []
    },
    {
      "id": "w-532343-9344372003162",
      "name": "Creative Gourmet Frozen Pineapple Pieces",
      "brand": "Creative Gourmet",
      "imageUrls": "https://cdn0.woolworths.media/content/wowproductimages/large/532343.jpg",
      "storeId": "woolworths",
      "packageSize": "500g",
      "cupPrice": "$9.00 / 1KG",
      "locations": {
        "ALL": {
          "price": 4.5,
          "discountRate": 25,
          "promo": "",
          "orgPrice": 6
        }
      },
      "categoryIds": ["w-freezer"],
      "similarProducts": []
    },
    {
      "id": "w-82870-9344988000715",
      "name": "Dr. Oetker Artisana Ham & Mushroom Pizza",
      "brand": "Dr. Oetker",
      "imageUrls": "https://cdn0.woolworths.media/content/wowproductimages/large/082870.jpg",
      "storeId": "woolworths",
      "packageSize": "405g",
      "cupPrice": "$1.85 / 100G",
      "locations": {
        "ALL": {
          "price": 7.5,
          "discountRate": 17,
          "promo": "",
          "orgPrice": 9
        }
      },
      "categoryIds": ["w-freezer"],
      "similarProducts": []
    },
    {
      "id": "w-82974-9344988000708",
      "name": "Dr. Oetker Artisana Pepperoni Pesto Pizza",
      "brand": "Dr. Oetker",
      "imageUrls": "https://cdn0.woolworths.media/content/wowproductimages/large/082974.jpg",
      "storeId": "woolworths",
      "packageSize": "415g",
      "cupPrice": "$1.81 / 100G",
      "locations": {
        "ALL": {
          "price": 7.5,
          "discountRate": 17,
          "promo": "",
          "orgPrice": 9
        }
      },
      "categoryIds": ["w-freezer"],
      "similarProducts": []
    },
    {
      "id": "w-691789-5019312093971",
      "name": "Dr. Oetker Papa Giuseppis Rising Stuffed Crust Pepperoni Pizza",
      "brand": "Dr. Oetker",
      "imageUrls": "https://cdn0.woolworths.media/content/wowproductimages/large/691789.jpg",
      "storeId": "woolworths",
      "packageSize": "470g",
      "cupPrice": "$1.28 / 100G",
      "locations": {
        "ALL": { "price": 6, "discountRate": 25, "promo": "", "orgPrice": 8 }
      },
      "categoryIds": ["w-freezer"],
      "similarProducts": []
    },
    {
      "id": "w-691788-5019312093964",
      "name": "Dr. Oetker Papa Giuseppis Rising Stuffed Crust Supreme Pizza",
      "brand": "Dr. Oetker",
      "imageUrls": "https://cdn0.woolworths.media/content/wowproductimages/large/691788.jpg",
      "storeId": "woolworths",
      "packageSize": "525g",
      "cupPrice": "$1.14 / 100G",
      "locations": {
        "ALL": { "price": 6, "discountRate": 25, "promo": "", "orgPrice": 8 }
      },
      "categoryIds": ["w-freezer"],
      "similarProducts": []
    },
    {
      "id": "w-227091-9311008003506",
      "name": "Four'n Twenty Pies Beef & Cheese",
      "brand": "Four'n Twenty",
      "imageUrls": "https://cdn0.woolworths.media/content/wowproductimages/large/227091.jpg",
      "storeId": "woolworths",
      "packageSize": "700g",
      "cupPrice": "$0.79 / 100G",
      "locations": {
        "ALL": {
          "price": 5.5,
          "discountRate": 15,
          "promo": "",
          "orgPrice": 6.5
        }
      },
      "categoryIds": ["w-freezer"],
      "similarProducts": []
    },
    {
      "id": "w-37772-9310114022883",
      "name": "Four'n Twenty Pies Chicken & Vegetable",
      "brand": "Four'n Twenty",
      "imageUrls": "https://cdn0.woolworths.media/content/wowproductimages/large/037772.jpg",
      "storeId": "woolworths",
      "packageSize": "4 pack",
      "cupPrice": "$0.79 / 100G",
      "locations": {
        "ALL": {
          "price": 5.5,
          "discountRate": 15,
          "promo": "",
          "orgPrice": 6.5
        }
      },
      "categoryIds": ["w-freezer"],
      "similarProducts": []
    },
    {
      "id": "w-24940-9310114022937",
      "name": "Four'n Twenty Pies Meat",
      "brand": "Four'n Twenty",
      "imageUrls": "https://cdn0.woolworths.media/content/wowproductimages/large/024940.jpg",
      "storeId": "woolworths",
      "packageSize": "4 pack",
      "cupPrice": "$0.79 / 100G",
      "locations": {
        "ALL": {
          "price": 5.5,
          "discountRate": 15,
          "promo": "",
          "orgPrice": 6.5
        }
      },
      "categoryIds": ["w-freezer"],
      "similarProducts": []
    },
    {
      "id": "w-54772-9335874001282",
      "name": "Gluten Free Bakehouse Garlic Bread",
      "brand": "Gluten Free Bakehouse",
      "imageUrls": "https://cdn0.woolworths.media/content/wowproductimages/large/054772.jpg",
      "storeId": "woolworths",
      "packageSize": "300g",
      "cupPrice": "$1.27 / 100G",
      "locations": {
        "ALL": {
          "price": 3.8,
          "discountRate": 16,
          "promo": "",
          "orgPrice": 4.5
        }
      },
      "categoryIds": ["w-freezer"],
      "similarProducts": []
    },
    {
      "id": "w-709254-9310076669010",
      "name": "Golden Wok Diana Chan Korean Beef Dumpling",
      "brand": "Golden Wok",
      "imageUrls": "https://cdn0.woolworths.media/content/wowproductimages/large/709254.jpg",
      "storeId": "woolworths",
      "packageSize": "230g",
      "cupPrice": "$2.17 / 100G",
      "locations": {
        "ALL": {
          "price": 5,
          "discountRate": 33,
          "promo": "",
          "orgPrice": 7.5
        }
      },
      "categoryIds": ["w-freezer"],
      "similarProducts": []
    },
    {
      "id": "w-763186-9310076669003",
      "name": "Golden Wok Diana Chan Szechuan Peppered Pork Dumpling",
      "brand": "Golden Wok",
      "imageUrls": "https://cdn0.woolworths.media/content/wowproductimages/large/763186.jpg",
      "storeId": "woolworths",
      "packageSize": "230g",
      "cupPrice": "$2.17 / 100G",
      "locations": {
        "ALL": {
          "price": 5,
          "discountRate": 33,
          "promo": "",
          "orgPrice": 7.5
        }
      },
      "categoryIds": ["w-freezer"],
      "similarProducts": []
    },
    {
      "id": "w-710591-9310076668990",
      "name": "Golden Wok Diana Chan Thai Chicken Dumpling",
      "brand": "Golden Wok",
      "imageUrls": "https://cdn0.woolworths.media/content/wowproductimages/large/710591.jpg",
      "storeId": "woolworths",
      "packageSize": "230g",
      "cupPrice": "$2.17 / 100G",
      "locations": {
        "ALL": {
          "price": 5,
          "discountRate": 33,
          "promo": "",
          "orgPrice": 7.5
        }
      },
      "categoryIds": ["w-freezer"],
      "similarProducts": []
    },
    {
      "id": "w-52301-3415587151361",
      "name": "Haagen-dazs Barista Chocolate Frappe",
      "brand": "Haagen-dazs",
      "imageUrls": "https://cdn0.woolworths.media/content/wowproductimages/large/052301.jpg",
      "storeId": "woolworths",
      "packageSize": "457ml",
      "cupPrice": "$1.75 / 100ML",
      "locations": {
        "ALL": {
          "price": 8,
          "discountRate": 30,
          "promo": "",
          "orgPrice": 11.5
        }
      },
      "categoryIds": ["w-freezer"],
      "similarProducts": []
    },
    {
      "id": "w-816259-3415581154368",
      "name": "Haagen-dazs Cookie Dough Chip Ice Cream Tub",
      "brand": "Haagen-dazs",
      "imageUrls": "https://cdn0.woolworths.media/content/wowproductimages/large/816259.jpg",
      "storeId": "woolworths",
      "packageSize": "457ml",
      "cupPrice": "$1.75 / 100ML",
      "locations": {
        "ALL": {
          "price": 8,
          "discountRate": 30,
          "promo": "",
          "orgPrice": 11.5
        }
      },
      "categoryIds": ["w-freezer"],
      "similarProducts": []
    },
    {
      "id": "w-505069-3415581114362",
      "name": "Haagen-dazs Salted Caramel Ice Cream",
      "brand": "Haagen-dazs",
      "imageUrls": "https://cdn0.woolworths.media/content/wowproductimages/large/505069.jpg",
      "storeId": "woolworths",
      "packageSize": "457ml",
      "cupPrice": "$1.75 / 100ML",
      "locations": {
        "ALL": {
          "price": 8,
          "discountRate": 30,
          "promo": "",
          "orgPrice": 11.5
        }
      },
      "categoryIds": ["w-freezer"],
      "similarProducts": []
    },
    {
      "id": "w-505074-3415581105360",
      "name": "Haagen-dazs Strawberries & Cream Ice Cream",
      "brand": "Haagen-dazs",
      "imageUrls": "https://cdn0.woolworths.media/content/wowproductimages/large/505074.jpg",
      "storeId": "woolworths",
      "packageSize": "457ml",
      "cupPrice": "$1.75 / 100ML",
      "locations": {
        "ALL": {
          "price": 8,
          "discountRate": 30,
          "promo": "",
          "orgPrice": 11.5
        }
      },
      "categoryIds": ["w-freezer"],
      "similarProducts": []
    },
    {
      "id": "w-18035-9311008003797",
      "name": "Herbert Adams Beef & Camembert Pie",
      "brand": "Herbert Adams",
      "imageUrls": "https://cdn0.woolworths.media/content/wowproductimages/large/018035.jpg",
      "storeId": "woolworths",
      "packageSize": "2 pack",
      "cupPrice": "$1.50 / 100G",
      "locations": {
        "ALL": {
          "price": 6,
          "discountRate": 23,
          "promo": "",
          "orgPrice": 7.8
        }
      },
      "categoryIds": ["w-freezer"],
      "similarProducts": []
    },
    {
      "id": "w-786301-9311008003780",
      "name": "Herbert Adams Pies Chunky Slow Cooked Beef",
      "brand": "Herbert Adams",
      "imageUrls": "https://cdn0.woolworths.media/content/wowproductimages/large/786301.jpg",
      "storeId": "woolworths",
      "packageSize": "2 pack",
      "cupPrice": "$1.50 / 100G",
      "locations": {
        "ALL": {
          "price": 6,
          "discountRate": 23,
          "promo": "",
          "orgPrice": 7.8
        }
      },
      "categoryIds": ["w-freezer"],
      "similarProducts": []
    },
    {
      "id": "w-786269-9311008003520",
      "name": "Herbert Adams Pies Chunky Slow Cooked Beef & Mush",
      "brand": "Herbert Adams",
      "imageUrls": "https://cdn0.woolworths.media/content/wowproductimages/large/786269.jpg",
      "storeId": "woolworths",
      "packageSize": "2 pack",
      "cupPrice": "$1.50 / 100G",
      "locations": {
        "ALL": {
          "price": 6,
          "discountRate": 23,
          "promo": "",
          "orgPrice": 7.8
        }
      },
      "categoryIds": ["w-freezer"],
      "similarProducts": []
    },
    {
      "id": "w-329998-9311008003407",
      "name": "Herbert Adams Pies Creamy Chicken & Leek",
      "brand": "Herbert Adams",
      "imageUrls": "https://cdn0.woolworths.media/content/wowproductimages/large/329998.jpg",
      "storeId": "woolworths",
      "packageSize": "2 pack",
      "cupPrice": "$1.43 / 100G",
      "locations": {
        "ALL": {
          "price": 6,
          "discountRate": 23,
          "promo": "",
          "orgPrice": 7.8
        }
      },
      "categoryIds": ["w-freezer"],
      "similarProducts": []
    },
    {
      "id": "w-248429-9311008003568",
      "name": "Herbert Adams Pies King Island Beef",
      "brand": "Herbert Adams",
      "imageUrls": "https://cdn0.woolworths.media/content/wowproductimages/large/248429.jpg",
      "storeId": "woolworths",
      "packageSize": "2 pack",
      "cupPrice": "$1.43 / 100G",
      "locations": {
        "ALL": {
          "price": 6,
          "discountRate": 23,
          "promo": "",
          "orgPrice": 7.8
        }
      },
      "categoryIds": ["w-freezer"],
      "similarProducts": []
    },
    {
      "id": "w-786291-9311008003469",
      "name": "Herbert Adams Pies Slow Cooked Beef & Pepper",
      "brand": "Herbert Adams",
      "imageUrls": "https://cdn0.woolworths.media/content/wowproductimages/large/786291.jpg",
      "storeId": "woolworths",
      "packageSize": "2 pack",
      "cupPrice": "$1.50 / 100G",
      "locations": {
        "ALL": {
          "price": 6,
          "discountRate": 23,
          "promo": "",
          "orgPrice": 7.8
        }
      },
      "categoryIds": ["w-freezer"],
      "similarProducts": []
    },
    {
      "id": "w-680630-9311008003711",
      "name": "Herbert Adams Slow Cooked Beef With Shiraz & Cracked Pepper",
      "brand": "Herbert Adams",
      "imageUrls": "https://cdn0.woolworths.media/content/wowproductimages/large/680630.jpg",
      "storeId": "woolworths",
      "packageSize": "2 pack",
      "cupPrice": "$1.50 / 100G",
      "locations": {
        "ALL": {
          "price": 6,
          "discountRate": 23,
          "promo": "",
          "orgPrice": 7.8
        }
      },
      "categoryIds": ["w-freezer"],
      "similarProducts": []
    },
    {
      "id": "w-680602-9311008003735",
      "name": "Herbert Adams Slow Cooked Beef, Caramelised Onion & Cabernet Sauvignon",
      "brand": "Herbert Adams",
      "imageUrls": "https://cdn0.woolworths.media/content/wowproductimages/large/680602.jpg",
      "storeId": "woolworths",
      "packageSize": "2 pack",
      "cupPrice": "$1.50 / 100G",
      "locations": {
        "ALL": {
          "price": 6,
          "discountRate": 23,
          "promo": "",
          "orgPrice": 7.8
        }
      },
      "categoryIds": ["w-freezer"],
      "similarProducts": []
    },
    {
      "id": "w-259540-9310076667498",
      "name": "Ho Mai Asian Entertainer Pack",
      "brand": "Ho Mai",
      "imageUrls": "https://cdn0.woolworths.media/content/wowproductimages/large/259540.jpg",
      "storeId": "woolworths",
      "packageSize": "1kg",
      "cupPrice": "$0.70 / 100G",
      "locations": {
        "ALL": { "price": 7, "discountRate": 50, "promo": "", "orgPrice": 14 }
      },
      "categoryIds": ["w-freezer"],
      "similarProducts": []
    },
    {
      "id": "w-259537-9310076667443",
      "name": "Ho Mai Spring Rolls Cocktail",
      "brand": "Ho Mai",
      "imageUrls": "https://cdn0.woolworths.media/content/wowproductimages/large/259537.jpg",
      "storeId": "woolworths",
      "packageSize": "1kg",
      "cupPrice": "$0.70 / 100G",
      "locations": {
        "ALL": { "price": 7, "discountRate": 50, "promo": "", "orgPrice": 14 }
      },
      "categoryIds": ["w-freezer"],
      "similarProducts": []
    },
    {
      "id": "w-85804-9310037097685",
      "name": "Ingham's Chicken Breast Schnitzel",
      "brand": "Ingham's",
      "imageUrls": "https://cdn0.woolworths.media/content/wowproductimages/large/085804.jpg",
      "storeId": "woolworths",
      "packageSize": "400g",
      "cupPrice": "$15.00 / 1KG",
      "locations": {
        "ALL": {
          "price": 6,
          "discountRate": 26,
          "promo": "",
          "orgPrice": 8.15
        }
      },
      "categoryIds": ["w-freezer"],
      "similarProducts": []
    },
    {
      "id": "w-262537-9310037145201",
      "name": "Ingham's Chicken Pieces Chicken Buffalo Wings",
      "brand": "Ingham's",
      "imageUrls": "https://cdn0.woolworths.media/content/wowproductimages/large/262537.jpg",
      "storeId": "woolworths",
      "packageSize": "700g",
      "cupPrice": "$10.00 / 1KG",
      "locations": {
        "ALL": {
          "price": 7,
          "discountRate": 23,
          "promo": "",
          "orgPrice": 9.15
        }
      },
      "categoryIds": ["w-freezer"],
      "similarProducts": []
    },
    {
      "id": "w-859550-9310037148608",
      "name": "Ingham's New York Buffalo Chicken Bites",
      "brand": "Ingham's",
      "imageUrls": "https://cdn0.woolworths.media/content/wowproductimages/large/859550.jpg",
      "storeId": "woolworths",
      "packageSize": "350g",
      "cupPrice": "$12.86 / 1KG",
      "locations": {
        "ALL": {
          "price": 4.5,
          "discountRate": 25,
          "promo": "",
          "orgPrice": 6
        }
      },
      "categoryIds": ["w-freezer"],
      "similarProducts": []
    },
    {
      "id": "w-411280-9343223000121",
      "name": "Jase's Kitchen Frozen Pizza Base Gluten Free",
      "brand": "Jase's Kitchen",
      "imageUrls": "https://cdn0.woolworths.media/content/wowproductimages/large/411280.jpg",
      "storeId": "woolworths",
      "packageSize": "2 pack",
      "cupPrice": "$1.84 / 100G",
      "locations": {
        "ALL": { "price": 7, "discountRate": 13, "promo": "", "orgPrice": 8 }
      },
      "categoryIds": ["w-freezer"],
      "similarProducts": []
    },
    {
      "id": "w-62866-9300682056380",
      "name": "M&m's Chocolate Ice Cream Cones Multipack",
      "brand": "M&m's",
      "imageUrls": "https://cdn0.woolworths.media/content/wowproductimages/large/062866.jpg",
      "storeId": "woolworths",
      "packageSize": "4 pack",
      "cupPrice": "$0.96 / 100ML",
      "locations": {
        "ALL": { "price": 5, "discountRate": 38, "promo": "", "orgPrice": 8 }
      },
      "categoryIds": ["w-freezer"],
      "similarProducts": []
    },
    {
      "id": "w-46101-9300682056113",
      "name": "Maltesers Chocolate Ice Cream Multipack",
      "brand": "Maltesers",
      "imageUrls": "https://cdn0.woolworths.media/content/wowproductimages/large/046101.jpg",
      "storeId": "woolworths",
      "packageSize": "360ml",
      "cupPrice": "$1.39 / 100ML",
      "locations": {
        "ALL": {
          "price": 5,
          "discountRate": 41,
          "promo": "",
          "orgPrice": 8.5
        }
      },
      "categoryIds": ["w-freezer"],
      "similarProducts": []
    },
    {
      "id": "w-756636-5000159496681",
      "name": "Mars Chocolate Bar Iced Confectionery Multipack",
      "brand": "Mars",
      "imageUrls": "https://cdn0.woolworths.media/content/wowproductimages/large/756636.jpg",
      "storeId": "woolworths",
      "packageSize": "53ml x6 pack",
      "cupPrice": "$1.63 / 100ML",
      "locations": {
        "ALL": {
          "price": 5,
          "discountRate": 41,
          "promo": "",
          "orgPrice": 8.5
        }
      },
      "categoryIds": ["w-freezer"],
      "similarProducts": []
    },
    {
      "id": "w-661425-9310174093731",
      "name": "Mccain Beef & Bacon Pasta Bake",
      "brand": "Mccain",
      "imageUrls": "https://cdn0.woolworths.media/content/wowproductimages/large/661425.jpg",
      "storeId": "woolworths",
      "packageSize": "400g",
      "cupPrice": "$0.88 / 100G",
      "locations": {
        "ALL": {
          "price": 3.5,
          "discountRate": 22,
          "promo": "",
          "orgPrice": 4.5
        }
      },
      "categoryIds": ["w-freezer"],
      "similarProducts": []
    },
    {
      "id": "w-691794-9310174160730",
      "name": "Mccain Family Pizza Bbq Chicken & Pineapple",
      "brand": "Mccain",
      "imageUrls": "https://cdn0.woolworths.media/content/wowproductimages/large/691794.jpg",
      "storeId": "woolworths",
      "packageSize": "500g",
      "cupPrice": "$1.10 / 100G",
      "locations": {
        "ALL": {
          "price": 5.5,
          "discountRate": 21,
          "promo": "",
          "orgPrice": 7
        }
      },
      "categoryIds": ["w-freezer"],
      "similarProducts": []
    },
    {
      "id": "w-852911-9310174173570",
      "name": "Mccain Flavour Boss Pizza Extra Cheese Pepperoni",
      "brand": "Mccain",
      "imageUrls": "https://cdn0.woolworths.media/content/wowproductimages/large/852911.jpg",
      "storeId": "woolworths",
      "packageSize": "490g",
      "cupPrice": "$1.12 / 100G",
      "locations": {
        "ALL": {
          "price": 5.5,
          "discountRate": 27,
          "promo": "",
          "orgPrice": 7.5
        }
      },
      "categoryIds": ["w-freezer"],
      "similarProducts": []
    },
    {
      "id": "w-96822-9310386001487",
      "name": "Mccain Lasagne",
      "brand": "Mccain",
      "imageUrls": "https://cdn0.woolworths.media/content/wowproductimages/large/096822.jpg",
      "storeId": "woolworths",
      "packageSize": "400g",
      "cupPrice": "$0.88 / 100G",
      "locations": {
        "ALL": {
          "price": 3.5,
          "discountRate": 22,
          "promo": "",
          "orgPrice": 4.5
        }
      },
      "categoryIds": ["w-freezer"],
      "similarProducts": []
    },
    {
      "id": "w-96215-9310174006021",
      "name": "Mccain Peas",
      "brand": "Mccain",
      "imageUrls": "https://cdn0.woolworths.media/content/wowproductimages/large/096215.jpg",
      "storeId": "woolworths",
      "packageSize": "1kg",
      "cupPrice": "$3.80 / 1KG",
      "locations": {
        "ALL": { "price": 3.8, "discountRate": 5, "promo": "", "orgPrice": 4 }
      },
      "categoryIds": ["w-freezer"],
      "similarProducts": []
    },
    {
      "id": "w-93831-9310174002535",
      "name": "Mccain Pizza Cheese & Bacon",
      "brand": "Mccain",
      "imageUrls": "https://cdn0.woolworths.media/content/wowproductimages/large/093831.jpg",
      "storeId": "woolworths",
      "packageSize": "500g",
      "cupPrice": "$1.10 / 100G",
      "locations": {
        "ALL": {
          "price": 5.5,
          "discountRate": 21,
          "promo": "",
          "orgPrice": 7
        }
      },
      "categoryIds": ["w-freezer"],
      "similarProducts": []
    },
    {
      "id": "w-96406-9310174002528",
      "name": "Mccain Pizza Ham & Pineapple",
      "brand": "Mccain",
      "imageUrls": "https://cdn0.woolworths.media/content/wowproductimages/large/096406.jpg",
      "storeId": "woolworths",
      "packageSize": "500g",
      "cupPrice": "$1.10 / 100G",
      "locations": {
        "ALL": {
          "price": 5.5,
          "discountRate": 21,
          "promo": "",
          "orgPrice": 7
        }
      },
      "categoryIds": ["w-freezer"],
      "similarProducts": []
    },
    {
      "id": "w-173140-9310174024308",
      "name": "Mccain Pizza Margherita",
      "brand": "Mccain",
      "imageUrls": "https://cdn0.woolworths.media/content/wowproductimages/large/173140.jpg",
      "storeId": "woolworths",
      "packageSize": "500g",
      "cupPrice": "$1.10 / 100G",
      "locations": {
        "ALL": {
          "price": 5.5,
          "discountRate": 21,
          "promo": "",
          "orgPrice": 7
        }
      },
      "categoryIds": ["w-freezer"],
      "similarProducts": []
    },
    {
      "id": "w-252640-9310174024346",
      "name": "Mccain Pizza Meatlovers Bbq",
      "brand": "Mccain",
      "imageUrls": "https://cdn0.woolworths.media/content/wowproductimages/large/252640.jpg",
      "storeId": "woolworths",
      "packageSize": "500g",
      "cupPrice": "$1.10 / 100G",
      "locations": {
        "ALL": {
          "price": 5.5,
          "discountRate": 21,
          "promo": "",
          "orgPrice": 7
        }
      },
      "categoryIds": ["w-freezer"],
      "similarProducts": []
    },
    {
      "id": "w-96415-9310174002504",
      "name": "Mccain Supreme Pizza",
      "brand": "Mccain",
      "imageUrls": "https://cdn0.woolworths.media/content/wowproductimages/large/096415.jpg",
      "storeId": "woolworths",
      "packageSize": "500g",
      "cupPrice": "$1.10 / 100G",
      "locations": {
        "ALL": {
          "price": 5.5,
          "discountRate": 21,
          "promo": "",
          "orgPrice": 7
        }
      },
      "categoryIds": ["w-freezer"],
      "similarProducts": []
    },
    {
      "id": "w-22183-9310174003112",
      "name": "Mccain Fettuccine Carbonara",
      "brand": "Mccain",
      "imageUrls": "https://cdn0.woolworths.media/content/wowproductimages/large/022183.jpg",
      "storeId": "woolworths",
      "packageSize": "375g",
      "cupPrice": "$0.93 / 100G",
      "locations": {
        "ALL": {
          "price": 3.5,
          "discountRate": 22,
          "promo": "",
          "orgPrice": 4.5
        }
      },
      "categoryIds": ["w-freezer"],
      "similarProducts": []
    },
    {
      "id": "w-96821-9310386001456",
      "name": "Mccain Spaghetti Bolognese",
      "brand": "Mccain",
      "imageUrls": "https://cdn0.woolworths.media/content/wowproductimages/large/096821.jpg",
      "storeId": "woolworths",
      "packageSize": "400g",
      "cupPrice": "$0.88 / 100G",
      "locations": {
        "ALL": {
          "price": 3.5,
          "discountRate": 22,
          "promo": "",
          "orgPrice": 4.5
        }
      },
      "categoryIds": ["w-freezer"],
      "similarProducts": []
    },
    {
      "id": "w-89994-9310174090839",
      "name": "Mccain Tuna Mornay",
      "brand": "Mccain",
      "imageUrls": "https://cdn0.woolworths.media/content/wowproductimages/large/089994.jpg",
      "storeId": "woolworths",
      "packageSize": "400g",
      "cupPrice": "$0.88 / 100G",
      "locations": {
        "ALL": {
          "price": 3.5,
          "discountRate": 22,
          "promo": "",
          "orgPrice": 4.5
        }
      },
      "categoryIds": ["w-freezer"],
      "similarProducts": []
    },
    {
      "id": "w-60278-9349673002654",
      "name": "Mr Chen's Eggplant & Miso Gyoza",
      "brand": "Mr Chen's",
      "imageUrls": "https://cdn0.woolworths.media/content/wowproductimages/large/060278.jpg",
      "storeId": "woolworths",
      "packageSize": "300g",
      "cupPrice": "$1.25 / 100G",
      "locations": {
        "ALL": {
          "price": 3.75,
          "discountRate": 50,
          "promo": "",
          "orgPrice": 7.5
        }
      },
      "categoryIds": ["w-freezer"],
      "similarProducts": []
    },
    {
      "id": "w-56012-9310761719686",
      "name": "On The Menu Beef Rissole",
      "brand": "On The Menu",
      "imageUrls": "https://cdn0.woolworths.media/content/wowproductimages/large/056012.jpg",
      "storeId": "woolworths",
      "packageSize": "320g",
      "cupPrice": "$1.50 / 100G",
      "locations": {
        "ALL": {
          "price": 4.8,
          "discountRate": 20,
          "promo": "",
          "orgPrice": 6
        }
      },
      "categoryIds": ["w-freezer"],
      "similarProducts": []
    },
    {
      "id": "w-657078-9310761718306",
      "name": "On The Menu Beer Battered Fish & Chips",
      "brand": "On The Menu",
      "imageUrls": "https://cdn0.woolworths.media/content/wowproductimages/large/657078.jpg",
      "storeId": "woolworths",
      "packageSize": "320g",
      "cupPrice": "$1.50 / 100G",
      "locations": {
        "ALL": {
          "price": 4.8,
          "discountRate": 20,
          "promo": "",
          "orgPrice": 6
        }
      },
      "categoryIds": ["w-freezer"],
      "similarProducts": []
    },
    {
      "id": "w-838679-9310761716067",
      "name": "On The Menu Chicken Kiev",
      "brand": "On The Menu",
      "imageUrls": "https://cdn0.woolworths.media/content/wowproductimages/large/838679.jpg",
      "storeId": "woolworths",
      "packageSize": "320g",
      "cupPrice": "$1.50 / 100G",
      "locations": {
        "ALL": {
          "price": 4.8,
          "discountRate": 20,
          "promo": "",
          "orgPrice": 6
        }
      },
      "categoryIds": ["w-freezer"],
      "similarProducts": []
    },
    {
      "id": "w-369507-9310761713226",
      "name": "On The Menu Chicken Parmigiana",
      "brand": "On The Menu",
      "imageUrls": "https://cdn0.woolworths.media/content/wowproductimages/large/369507.jpg",
      "storeId": "woolworths",
      "packageSize": "320g",
      "cupPrice": "$1.50 / 100G",
      "locations": {
        "ALL": {
          "price": 4.8,
          "discountRate": 20,
          "promo": "",
          "orgPrice": 6
        }
      },
      "categoryIds": ["w-freezer"],
      "similarProducts": []
    },
    {
      "id": "w-482906-9310761717095",
      "name": "On The Menu Frozen Meal Lamb Shank",
      "brand": "On The Menu",
      "imageUrls": "https://cdn0.woolworths.media/content/wowproductimages/large/482906.jpg",
      "storeId": "woolworths",
      "packageSize": "320g",
      "cupPrice": "$1.50 / 100G",
      "locations": {
        "ALL": {
          "price": 4.8,
          "discountRate": 20,
          "promo": "",
          "orgPrice": 6
        }
      },
      "categoryIds": ["w-freezer"],
      "similarProducts": []
    },
    {
      "id": "w-761000-9310761713639",
      "name": "On The Menu Mixed Grill",
      "brand": "On The Menu",
      "imageUrls": "https://cdn0.woolworths.media/content/wowproductimages/large/761000.jpg",
      "storeId": "woolworths",
      "packageSize": "320g",
      "cupPrice": "$1.50 / 100G",
      "locations": {
        "ALL": {
          "price": 4.8,
          "discountRate": 20,
          "promo": "",
          "orgPrice": 6
        }
      },
      "categoryIds": ["w-freezer"],
      "similarProducts": []
    },
    {
      "id": "w-20122-9313080000015",
      "name": "On The Menu Ready Go Eat Burgers Cheese",
      "brand": "On The Menu",
      "imageUrls": "https://cdn0.woolworths.media/content/wowproductimages/large/020122.jpg",
      "storeId": "woolworths",
      "packageSize": "161g",
      "cupPrice": "$1.65 / 100G",
      "locations": {
        "ALL": {
          "price": 2.65,
          "discountRate": 16,
          "promo": "",
          "orgPrice": 3.15
        }
      },
      "categoryIds": ["w-freezer"],
      "similarProducts": []
    },
    {
      "id": "w-20144-9313080000107",
      "name": "On The Menu Ready Go Eat Burgers Fried Chicken",
      "brand": "On The Menu",
      "imageUrls": "https://cdn0.woolworths.media/content/wowproductimages/large/020144.jpg",
      "storeId": "woolworths",
      "packageSize": "165g",
      "cupPrice": "$1.61 / 100G",
      "locations": {
        "ALL": {
          "price": 2.65,
          "discountRate": 16,
          "promo": "",
          "orgPrice": 3.15
        }
      },
      "categoryIds": ["w-freezer"],
      "similarProducts": []
    },
    {
      "id": "w-815747-9347043001511",
      "name": "Oreo Frozen Ice Cream Sticks",
      "brand": "Oreo",
      "imageUrls": "https://cdn0.woolworths.media/content/wowproductimages/large/815747.jpg",
      "storeId": "woolworths",
      "packageSize": "4 pack",
      "cupPrice": "$1.36 / 100ML",
      "locations": {
        "ALL": {
          "price": 6,
          "discountRate": 29,
          "promo": "",
          "orgPrice": 8.5
        }
      },
      "categoryIds": ["w-freezer"],
      "similarProducts": []
    },
    {
      "id": "w-699192-9347043001467",
      "name": "Oreo Ice Cream Cookie Sandwich",
      "brand": "Oreo",
      "imageUrls": "https://cdn0.woolworths.media/content/wowproductimages/large/699192.jpg",
      "storeId": "woolworths",
      "packageSize": "4 pack",
      "cupPrice": "$1.36 / 100ML",
      "locations": {
        "ALL": {
          "price": 6,
          "discountRate": 29,
          "promo": "",
          "orgPrice": 8.5
        }
      },
      "categoryIds": ["w-freezer"],
      "similarProducts": []
    },
    {
      "id": "w-699046-9347043001498",
      "name": "Oreo Ice Cream Cone",
      "brand": "Oreo",
      "imageUrls": "https://cdn0.woolworths.media/content/wowproductimages/large/699046.jpg",
      "storeId": "woolworths",
      "packageSize": "4 pack",
      "cupPrice": "$1.26 / 100ML",
      "locations": {
        "ALL": {
          "price": 6,
          "discountRate": 29,
          "promo": "",
          "orgPrice": 8.5
        }
      },
      "categoryIds": ["w-freezer"],
      "similarProducts": []
    },
    {
      "id": "w-733157-9344988000319",
      "name": "Papa Giuseppi's Panini Tomato & Cheese",
      "brand": "Papa Giuseppi's",
      "imageUrls": "https://cdn0.woolworths.media/content/wowproductimages/large/733157.jpg",
      "storeId": "woolworths",
      "packageSize": "250g 2pk",
      "cupPrice": "$1.00 / 100G",
      "locations": {
        "ALL": {
          "price": 2.5,
          "discountRate": 50,
          "promo": "",
          "orgPrice": 5
        }
      },
      "categoryIds": ["w-freezer"],
      "similarProducts": []
    },
    {
      "id": "w-82968-5019312094190",
      "name": "Papa Giuseppi's Stuffed Crust Bbq Meat Pizza",
      "brand": "Papa Giuseppi's",
      "imageUrls": "https://cdn0.woolworths.media/content/wowproductimages/large/082968.jpg",
      "storeId": "woolworths",
      "packageSize": "500g",
      "cupPrice": "$1.20 / 100G",
      "locations": {
        "ALL": { "price": 6, "discountRate": 25, "promo": "", "orgPrice": 8 }
      },
      "categoryIds": ["w-freezer"],
      "similarProducts": []
    },
    {
      "id": "w-743224-9311008044486",
      "name": "Patties Mini Party Quiche Caramelised Onion & Cheese",
      "brand": "Patties",
      "imageUrls": "https://cdn0.woolworths.media/content/wowproductimages/large/743224.jpg",
      "storeId": "woolworths",
      "packageSize": "12 pack",
      "cupPrice": "$0.95 / 100G",
      "locations": {
        "ALL": { "price": 4, "discountRate": 50, "promo": "", "orgPrice": 8 }
      },
      "categoryIds": ["w-freezer"],
      "similarProducts": []
    },
    {
      "id": "w-743213-9311008044462",
      "name": "Patties Mini Party Quiche Lorraine",
      "brand": "Patties",
      "imageUrls": "https://cdn0.woolworths.media/content/wowproductimages/large/743213.jpg",
      "storeId": "woolworths",
      "packageSize": "12 pack",
      "cupPrice": "$0.95 / 100G",
      "locations": {
        "ALL": { "price": 4, "discountRate": 50, "promo": "", "orgPrice": 8 }
      },
      "categoryIds": ["w-freezer"],
      "similarProducts": []
    },
    {
      "id": "w-147700-9311008060103",
      "name": "Patties Party Pack Mini Pies & Sausage Rolls",
      "brand": "Patties",
      "imageUrls": "https://cdn0.woolworths.media/content/wowproductimages/large/147700.jpg",
      "storeId": "woolworths",
      "packageSize": "1kg",
      "cupPrice": "$1.00 / 100G",
      "locations": {
        "ALL": {
          "price": 10,
          "discountRate": 35,
          "promo": "",
          "orgPrice": 15.5
        }
      },
      "categoryIds": ["w-freezer"],
      "similarProducts": []
    },
    {
      "id": "w-62045-9421009434046",
      "name": "Patties Vegetarian Broccoli & Cheese Bites",
      "brand": "Patties",
      "imageUrls": "https://cdn0.woolworths.media/content/wowproductimages/large/062045.jpg",
      "storeId": "woolworths",
      "packageSize": "300g",
      "cupPrice": "$1.33 / 100G",
      "locations": {
        "ALL": { "price": 4, "discountRate": 50, "promo": "", "orgPrice": 8 }
      },
      "categoryIds": ["w-freezer"],
      "similarProducts": []
    },
    {
      "id": "w-62052-9421009434039",
      "name": "Patties Vegetarian Jalapeno Cheese & Corn Bites",
      "brand": "Patties",
      "imageUrls": "https://cdn0.woolworths.media/content/wowproductimages/large/062052.jpg",
      "storeId": "woolworths",
      "packageSize": "300g",
      "cupPrice": "$1.33 / 100G",
      "locations": {
        "ALL": { "price": 4, "discountRate": 50, "promo": "", "orgPrice": 8 }
      },
      "categoryIds": ["w-freezer"],
      "similarProducts": []
    },
    {
      "id": "w-62053-9421009434091",
      "name": "Patties Vegetarian Sundried Tomato & Basil Croquettes",
      "brand": "Patties",
      "imageUrls": "https://cdn0.woolworths.media/content/wowproductimages/large/062053.jpg",
      "storeId": "woolworths",
      "packageSize": "300g",
      "cupPrice": "$1.33 / 100G",
      "locations": {
        "ALL": { "price": 4, "discountRate": 50, "promo": "", "orgPrice": 8 }
      },
      "categoryIds": ["w-freezer"],
      "similarProducts": []
    },
    {
      "id": "w-158311-9310080217122",
      "name": "Peters Drumstick Caramel",
      "brand": "Peters",
      "imageUrls": "https://cdn0.woolworths.media/content/wowproductimages/large/158311.jpg",
      "storeId": "woolworths",
      "packageSize": "4 pack",
      "cupPrice": "$1.05 / 100ML",
      "locations": {
        "ALL": {
          "price": 5,
          "discountRate": 40,
          "promo": "",
          "orgPrice": 8.4
        }
      },
      "categoryIds": ["w-freezer"],
      "similarProducts": []
    },
    {
      "id": "w-330824-9310080108048",
      "name": "Peters Drumstick Chocolate Mint",
      "brand": "Peters",
      "imageUrls": "https://cdn0.woolworths.media/content/wowproductimages/large/330824.jpg",
      "storeId": "woolworths",
      "packageSize": "4 pack",
      "cupPrice": "$1.05 / 100ML",
      "locations": {
        "ALL": {
          "price": 5,
          "discountRate": 40,
          "promo": "",
          "orgPrice": 8.4
        }
      },
      "categoryIds": ["w-freezer"],
      "similarProducts": []
    },
    {
      "id": "w-179039-9310080120316",
      "name": "Peters Drumstick Ice Cream Boysenberry Swirl",
      "brand": "Peters",
      "imageUrls": "https://cdn0.woolworths.media/content/wowproductimages/large/179039.jpg",
      "storeId": "woolworths",
      "packageSize": "4 pack",
      "cupPrice": "$1.05 / 100ML",
      "locations": {
        "ALL": {
          "price": 5,
          "discountRate": 40,
          "promo": "",
          "orgPrice": 8.4
        }
      },
      "categoryIds": ["w-freezer"],
      "similarProducts": []
    },
    {
      "id": "w-48387-9310080031933",
      "name": "Peters Drumstick Ice Cream Vanilla",
      "brand": "Peters",
      "imageUrls": "https://cdn0.woolworths.media/content/wowproductimages/large/048387.jpg",
      "storeId": "woolworths",
      "packageSize": "4 pack",
      "cupPrice": "$1.05 / 100ML",
      "locations": {
        "ALL": {
          "price": 5,
          "discountRate": 40,
          "promo": "",
          "orgPrice": 8.4
        }
      },
      "categoryIds": ["w-freezer"],
      "similarProducts": []
    },
    {
      "id": "w-51932-9347043001764",
      "name": "Peters Drumstick Mini Boysen Berry Swirl",
      "brand": "Peters",
      "imageUrls": "https://cdn0.woolworths.media/content/wowproductimages/large/051932.jpg",
      "storeId": "woolworths",
      "packageSize": "6 pack",
      "cupPrice": "$1.04 / 100ML",
      "locations": {
        "ALL": {
          "price": 5,
          "discountRate": 40,
          "promo": "",
          "orgPrice": 8.4
        }
      },
      "categoryIds": ["w-freezer"],
      "similarProducts": []
    },
    {
      "id": "w-881481-9347043000774",
      "name": "Peters Drumstick Mini Chocolate Caramel",
      "brand": "Peters",
      "imageUrls": "https://cdn0.woolworths.media/content/wowproductimages/large/881481.jpg",
      "storeId": "woolworths",
      "packageSize": "6 pack",
      "cupPrice": "$1.02 / 100ML",
      "locations": {
        "ALL": {
          "price": 5,
          "discountRate": 40,
          "promo": "",
          "orgPrice": 8.4
        }
      },
      "categoryIds": ["w-freezer"],
      "similarProducts": []
    },
    {
      "id": "w-259674-9310080105764",
      "name": "Peters Drumstick Minis Ice Cream Vanilla",
      "brand": "Peters",
      "imageUrls": "https://cdn0.woolworths.media/content/wowproductimages/large/259674.jpg",
      "storeId": "woolworths",
      "packageSize": "6 pack",
      "cupPrice": "$1.02 / 100ML",
      "locations": {
        "ALL": {
          "price": 5,
          "discountRate": 40,
          "promo": "",
          "orgPrice": 8.4
        }
      },
      "categoryIds": ["w-freezer"],
      "similarProducts": []
    },
    {
      "id": "w-574469-9347043000989",
      "name": "Peters Drumstick Salted Caramel & White Chocolate",
      "brand": "Peters",
      "imageUrls": "https://cdn0.woolworths.media/content/wowproductimages/large/574469.jpg",
      "storeId": "woolworths",
      "packageSize": "4 pack",
      "cupPrice": "$1.05 / 100ML",
      "locations": {
        "ALL": {
          "price": 5,
          "discountRate": 40,
          "promo": "",
          "orgPrice": 8.4
        }
      },
      "categoryIds": ["w-freezer"],
      "similarProducts": []
    },
    {
      "id": "w-7282-9310080274491",
      "name": "Peters Drumstick Super Chocolate",
      "brand": "Peters",
      "imageUrls": "https://cdn0.woolworths.media/content/wowproductimages/large/007282.jpg",
      "storeId": "woolworths",
      "packageSize": "4 pack",
      "cupPrice": "$1.05 / 100ML",
      "locations": {
        "ALL": {
          "price": 5,
          "discountRate": 40,
          "promo": "",
          "orgPrice": 8.4
        }
      },
      "categoryIds": ["w-freezer"],
      "similarProducts": []
    },
    {
      "id": "w-730914-9310080109656",
      "name": "Peters Maxibon Honeycomb Honeycomb",
      "brand": "Peters",
      "imageUrls": "https://cdn0.woolworths.media/content/wowproductimages/large/730914.jpg",
      "storeId": "woolworths",
      "packageSize": "620ml",
      "cupPrice": "$0.97 / 100ML",
      "locations": {
        "ALL": {
          "price": 6,
          "discountRate": 29,
          "promo": "",
          "orgPrice": 8.4
        }
      },
      "categoryIds": ["w-freezer"],
      "similarProducts": []
    },
    {
      "id": "w-716244-9310080108468",
      "name": "Peters Maxibon Ice Cream Caramel Rough Nut",
      "brand": "Peters",
      "imageUrls": "https://cdn0.woolworths.media/content/wowproductimages/large/716244.jpg",
      "storeId": "woolworths",
      "packageSize": "4 pack",
      "cupPrice": "$0.97 / 100ML",
      "locations": {
        "ALL": {
          "price": 6,
          "discountRate": 29,
          "promo": "",
          "orgPrice": 8.4
        }
      },
      "categoryIds": ["w-freezer"],
      "similarProducts": []
    },
    {
      "id": "w-574248-9347043000934",
      "name": "Peters Maxibon Monster Cookie",
      "brand": "Peters",
      "imageUrls": "https://cdn0.woolworths.media/content/wowproductimages/large/574248.jpg",
      "storeId": "woolworths",
      "packageSize": "4 pack",
      "cupPrice": "$0.97 / 100ML",
      "locations": {
        "ALL": {
          "price": 6,
          "discountRate": 29,
          "promo": "",
          "orgPrice": 8.4
        }
      },
      "categoryIds": ["w-freezer"],
      "similarProducts": []
    },
    {
      "id": "w-302384-9310080107171",
      "name": "Peters Maxibon Vanilla",
      "brand": "Peters",
      "imageUrls": "https://cdn0.woolworths.media/content/wowproductimages/large/302384.jpg",
      "storeId": "woolworths",
      "packageSize": "4 pack",
      "cupPrice": "$0.97 / 100ML",
      "locations": {
        "ALL": {
          "price": 6,
          "discountRate": 29,
          "promo": "",
          "orgPrice": 8.4
        }
      },
      "categoryIds": ["w-freezer"],
      "similarProducts": []
    },
    {
      "id": "w-822844-5019503021783",
      "name": "Quorn Garlic & Herb Fillets",
      "brand": "Quorn",
      "imageUrls": "https://cdn0.woolworths.media/content/wowproductimages/large/822844.jpg",
      "storeId": "woolworths",
      "packageSize": "2 pack",
      "cupPrice": "$2.40 / 100G",
      "locations": {
        "ALL": {
          "price": 4.8,
          "discountRate": 23,
          "promo": "",
          "orgPrice": 6.2
        }
      },
      "categoryIds": ["w-freezer"],
      "similarProducts": []
    },
    {
      "id": "w-349163-5019503019698",
      "name": "Quorn Mince",
      "brand": "Quorn",
      "imageUrls": "https://cdn0.woolworths.media/content/wowproductimages/large/349163.jpg",
      "storeId": "woolworths",
      "packageSize": "300g",
      "cupPrice": "$1.60 / 100G",
      "locations": {
        "ALL": {
          "price": 4.8,
          "discountRate": 23,
          "promo": "",
          "orgPrice": 6.2
        }
      },
      "categoryIds": ["w-freezer"],
      "similarProducts": []
    },
    {
      "id": "w-716852-5019503019674",
      "name": "Quorn Pieces",
      "brand": "Quorn",
      "imageUrls": "https://cdn0.woolworths.media/content/wowproductimages/large/716852.jpg",
      "storeId": "woolworths",
      "packageSize": "300g",
      "cupPrice": "$1.60 / 100G",
      "locations": {
        "ALL": {
          "price": 4.8,
          "discountRate": 23,
          "promo": "",
          "orgPrice": 6.2
        }
      },
      "categoryIds": ["w-freezer"],
      "similarProducts": []
    },
    {
      "id": "w-574751-5019503027617",
      "name": "Quorn Vegan Breaded Schnitzel",
      "brand": "Quorn",
      "imageUrls": "https://cdn0.woolworths.media/content/wowproductimages/large/574751.jpg",
      "storeId": "woolworths",
      "packageSize": "200g",
      "cupPrice": "$2.40 / 100G",
      "locations": {
        "ALL": {
          "price": 4.8,
          "discountRate": 23,
          "promo": "",
          "orgPrice": 6.2
        }
      },
      "categoryIds": ["w-freezer"],
      "similarProducts": []
    },
    {
      "id": "w-574746-5019503027662",
      "name": "Quorn Vegan Nuggets",
      "brand": "Quorn",
      "imageUrls": "https://cdn0.woolworths.media/content/wowproductimages/large/574746.jpg",
      "storeId": "woolworths",
      "packageSize": "280g",
      "cupPrice": "$1.71 / 100G",
      "locations": {
        "ALL": {
          "price": 4.8,
          "discountRate": 31,
          "promo": "",
          "orgPrice": 7
        }
      },
      "categoryIds": ["w-freezer"],
      "similarProducts": []
    },
    {
      "id": "w-62306-9310135174332",
      "name": "Sara Lee Cherry Ripe Baked Cheesecakes",
      "brand": "Sara Lee",
      "imageUrls": "https://cdn0.woolworths.media/content/wowproductimages/large/062306.jpg",
      "storeId": "woolworths",
      "packageSize": "2 pack",
      "cupPrice": "$2.50 / 100G",
      "locations": {
        "ALL": { "price": 4, "discountRate": 20, "promo": "", "orgPrice": 5 }
      },
      "categoryIds": ["w-freezer"],
      "similarProducts": []
    },
    {
      "id": "w-63968-9310135178736",
      "name": "Sara Lee Creamy Coconut Key Lime Pie",
      "brand": "Sara Lee",
      "imageUrls": "https://cdn0.woolworths.media/content/wowproductimages/large/063968.jpg",
      "storeId": "woolworths",
      "packageSize": "450g",
      "cupPrice": "$1.33 / 100G",
      "locations": {
        "ALL": { "price": 6, "discountRate": 14, "promo": "", "orgPrice": 7 }
      },
      "categoryIds": ["w-freezer"],
      "similarProducts": []
    },
    {
      "id": "w-60156-9310135178743",
      "name": "Sara Lee Dark Chocolate Pudding",
      "brand": "Sara Lee",
      "imageUrls": "https://cdn0.woolworths.media/content/wowproductimages/large/060156.jpg",
      "storeId": "woolworths",
      "packageSize": "400g",
      "cupPrice": "$1.50 / 100G",
      "locations": {
        "ALL": { "price": 6, "discountRate": 14, "promo": "", "orgPrice": 7 }
      },
      "categoryIds": ["w-freezer"],
      "similarProducts": []
    },
    {
      "id": "w-63571-9310135176312",
      "name": "Sara Lee Dulce De Leche Ice Cream Tub",
      "brand": "Sara Lee",
      "imageUrls": "https://cdn0.woolworths.media/content/wowproductimages/large/063571.jpg",
      "storeId": "woolworths",
      "packageSize": "1l",
      "cupPrice": "$0.45 / 100ML",
      "locations": {
        "ALL": {
          "price": 4.5,
          "discountRate": 50,
          "promo": "",
          "orgPrice": 9
        }
      },
      "categoryIds": ["w-freezer"],
      "similarProducts": []
    },
    {
      "id": "w-63972-9310135178866",
      "name": "Sara Lee Floaty Berry Bliss Cheesecake",
      "brand": "Sara Lee",
      "imageUrls": "https://cdn0.woolworths.media/content/wowproductimages/large/063972.jpg",
      "storeId": "woolworths",
      "packageSize": "430g",
      "cupPrice": "$1.40 / 100G",
      "locations": {
        "ALL": { "price": 6, "discountRate": 14, "promo": "", "orgPrice": 7 }
      },
      "categoryIds": ["w-freezer"],
      "similarProducts": []
    },
    {
      "id": "w-12347-9310147095823",
      "name": "Sara Lee Ice Cream Classic Ultra Chocolate",
      "brand": "Sara Lee",
      "imageUrls": "https://cdn0.woolworths.media/content/wowproductimages/large/012347.jpg",
      "storeId": "woolworths",
      "packageSize": "1l tub",
      "cupPrice": "$0.45 / 100ML",
      "locations": {
        "ALL": {
          "price": 4.5,
          "discountRate": 50,
          "promo": "",
          "orgPrice": 9
        }
      },
      "categoryIds": ["w-freezer"],
      "similarProducts": []
    },
    {
      "id": "w-12311-9310147095830",
      "name": "Sara Lee Ice Cream French Vanilla",
      "brand": "Sara Lee",
      "imageUrls": "https://cdn0.woolworths.media/content/wowproductimages/large/012311.jpg",
      "storeId": "woolworths",
      "packageSize": "1l tub",
      "cupPrice": "$0.45 / 100ML",
      "locations": {
        "ALL": {
          "price": 4.5,
          "discountRate": 50,
          "promo": "",
          "orgPrice": 9
        }
      },
      "categoryIds": ["w-freezer"],
      "similarProducts": []
    },
    {
      "id": "w-215514-9310135096016",
      "name": "Sara Lee Ice Cream Indulgence Rocky Road Overload",
      "brand": "Sara Lee",
      "imageUrls": "https://cdn0.woolworths.media/content/wowproductimages/large/215514.jpg",
      "storeId": "woolworths",
      "packageSize": "1l tub",
      "cupPrice": "$0.45 / 100ML",
      "locations": {
        "ALL": {
          "price": 4.5,
          "discountRate": 50,
          "promo": "",
          "orgPrice": 9
        }
      },
      "categoryIds": ["w-freezer"],
      "similarProducts": []
    },
    {
      "id": "w-781530-9310135093312",
      "name": "Sara Lee Ice Cream Salted Caramel",
      "brand": "Sara Lee",
      "imageUrls": "https://cdn0.woolworths.media/content/wowproductimages/large/781530.jpg",
      "storeId": "woolworths",
      "packageSize": "1l tub",
      "cupPrice": "$0.45 / 100ML",
      "locations": {
        "ALL": {
          "price": 4.5,
          "discountRate": 50,
          "promo": "",
          "orgPrice": 9
        }
      },
      "categoryIds": ["w-freezer"],
      "similarProducts": []
    },
    {
      "id": "w-781541-9310135093213",
      "name": "Sara Lee Strawberries & Cream Ice Cream",
      "brand": "Sara Lee",
      "imageUrls": "https://cdn0.woolworths.media/content/wowproductimages/large/781541.jpg",
      "storeId": "woolworths",
      "packageSize": "1l",
      "cupPrice": "$0.45 / 100ML",
      "locations": {
        "ALL": {
          "price": 4.5,
          "discountRate": 50,
          "promo": "",
          "orgPrice": 9
        }
      },
      "categoryIds": ["w-freezer"],
      "similarProducts": []
    },
    {
      "id": "w-806578-9310750000726",
      "name": "Sargents Premium Vegetable Pie",
      "brand": "Sargents",
      "imageUrls": "https://cdn0.woolworths.media/content/wowproductimages/large/806578.jpg",
      "storeId": "woolworths",
      "packageSize": "4 pack",
      "cupPrice": "$0.79 / 100G",
      "locations": {
        "ALL": {
          "price": 5.5,
          "discountRate": 35,
          "promo": "",
          "orgPrice": 8.5
        }
      },
      "categoryIds": ["w-freezer"],
      "similarProducts": []
    },
    {
      "id": "w-763094-9343317000365",
      "name": "Simply Wize Pastry Puff Gluten Free",
      "brand": "Simply Wize",
      "imageUrls": "https://cdn0.woolworths.media/content/wowproductimages/large/763094.jpg",
      "storeId": "woolworths",
      "packageSize": "540g",
      "cupPrice": "$0.93 / 100G",
      "locations": {
        "ALL": { "price": 5, "discountRate": 44, "promo": "", "orgPrice": 9 }
      },
      "categoryIds": ["w-freezer"],
      "similarProducts": []
    },
    {
      "id": "w-756637-5000159344074",
      "name": "Snickers Chocolate Bar Iced Confectionery Multipack",
      "brand": "Snickers",
      "imageUrls": "https://cdn0.woolworths.media/content/wowproductimages/large/756637.jpg",
      "storeId": "woolworths",
      "packageSize": "53ml x6 pack",
      "cupPrice": "$1.57 / 100ML",
      "locations": {
        "ALL": {
          "price": 5,
          "discountRate": 41,
          "promo": "",
          "orgPrice": 8.5
        }
      },
      "categoryIds": ["w-freezer"],
      "similarProducts": []
    },
    {
      "id": "w-77958-36632075376",
      "name": "So Delicious Dairy Free Chocolate Cookies N Cr?me Cashew Ice Cream",
      "brand": "So Delicious",
      "imageUrls": "https://cdn0.woolworths.media/content/wowproductimages/large/077958.jpg",
      "storeId": "woolworths",
      "packageSize": "473ml",
      "cupPrice": "$1.90 / 100ML",
      "locations": {
        "ALL": { "price": 9, "discountRate": 25, "promo": "", "orgPrice": 12 }
      },
      "categoryIds": ["w-freezer"],
      "similarProducts": []
    },
    {
      "id": "w-78096-36632075345",
      "name": "So Delicious Dairy Free Dipped Mocha Fudge Almond Ice Cream",
      "brand": "So Delicious",
      "imageUrls": "https://cdn0.woolworths.media/content/wowproductimages/large/078096.jpg",
      "storeId": "woolworths",
      "packageSize": "4 pack",
      "cupPrice": "$3.31 / 100ML",
      "locations": {
        "ALL": { "price": 9, "discountRate": 18, "promo": "", "orgPrice": 11 }
      },
      "categoryIds": ["w-freezer"],
      "similarProducts": []
    },
    {
      "id": "w-78133-36632075352",
      "name": "So Delicious Dairy Free Dipped Salted Caramel Cashew Ice Cream",
      "brand": "So Delicious",
      "imageUrls": "https://cdn0.woolworths.media/content/wowproductimages/large/078133.jpg",
      "storeId": "woolworths",
      "packageSize": "4 pack",
      "cupPrice": "$3.31 / 100ML",
      "locations": {
        "ALL": { "price": 9, "discountRate": 18, "promo": "", "orgPrice": 11 }
      },
      "categoryIds": ["w-freezer"],
      "similarProducts": []
    },
    {
      "id": "w-78594-36632075338",
      "name": "So Delicious Dairy Free Double Chocolate Delight Cashew Ice Cream",
      "brand": "So Delicious",
      "imageUrls": "https://cdn0.woolworths.media/content/wowproductimages/large/078594.jpg",
      "storeId": "woolworths",
      "packageSize": "4 pack",
      "cupPrice": "$3.31 / 100ML",
      "locations": {
        "ALL": { "price": 9, "discountRate": 18, "promo": "", "orgPrice": 11 }
      },
      "categoryIds": ["w-freezer"],
      "similarProducts": []
    },
    {
      "id": "w-79122-36632075383",
      "name": "So Delicious Dairy Free Salted Caramel N Choc Chip Cashew Ice Cream",
      "brand": "So Delicious",
      "imageUrls": "https://cdn0.woolworths.media/content/wowproductimages/large/079122.jpg",
      "storeId": "woolworths",
      "packageSize": "473ml",
      "cupPrice": "$1.90 / 100ML",
      "locations": {
        "ALL": { "price": 9, "discountRate": 25, "promo": "", "orgPrice": 12 }
      },
      "categoryIds": ["w-freezer"],
      "similarProducts": []
    },
    {
      "id": "w-78745-36632075369",
      "name": "So Delicious Dairy Free Very Vanilla Cashew Ice Cream",
      "brand": "So Delicious",
      "imageUrls": "https://cdn0.woolworths.media/content/wowproductimages/large/078745.jpg",
      "storeId": "woolworths",
      "packageSize": "473ml",
      "cupPrice": "$1.90 / 100ML",
      "locations": {
        "ALL": { "price": 9, "discountRate": 25, "promo": "", "orgPrice": 12 }
      },
      "categoryIds": ["w-freezer"],
      "similarProducts": []
    },
    {
      "id": "w-508730-9310213542220",
      "name": "Steggles Chicken Breast Fingers",
      "brand": "Steggles",
      "imageUrls": "https://cdn0.woolworths.media/content/wowproductimages/large/508730.jpg",
      "storeId": "woolworths",
      "packageSize": "1kg",
      "cupPrice": "$9.00 / 1KG",
      "locations": {
        "ALL": { "price": 9, "discountRate": 18, "promo": "", "orgPrice": 11 }
      },
      "categoryIds": ["w-freezer"],
      "similarProducts": []
    },
    {
      "id": "w-251465-9313690171204",
      "name": "Steggles Chicken Pieces Premium Breast Fingers",
      "brand": "Steggles",
      "imageUrls": "https://cdn0.woolworths.media/content/wowproductimages/large/251465.jpg",
      "storeId": "woolworths",
      "packageSize": "400g",
      "cupPrice": "$10.00 / 1KG",
      "locations": {
        "ALL": {
          "price": 4,
          "discountRate": 41,
          "promo": "",
          "orgPrice": 6.8
        }
      },
      "categoryIds": ["w-freezer"],
      "similarProducts": []
    },
    {
      "id": "w-383909-9310213567513",
      "name": "Steggles Crumbed Chicken Dino Snacks Tempura",
      "brand": "Steggles",
      "imageUrls": "https://cdn0.woolworths.media/content/wowproductimages/large/383909.jpg",
      "storeId": "woolworths",
      "packageSize": "1kg",
      "cupPrice": "$9.00 / 1KG",
      "locations": {
        "ALL": { "price": 9, "discountRate": 18, "promo": "", "orgPrice": 11 }
      },
      "categoryIds": ["w-freezer"],
      "similarProducts": []
    },
    {
      "id": "w-295282-9310213562273",
      "name": "Steggles Premium Chicken Nuggets",
      "brand": "Steggles",
      "imageUrls": "https://cdn0.woolworths.media/content/wowproductimages/large/295282.jpg",
      "storeId": "woolworths",
      "packageSize": "400g",
      "cupPrice": "$10.00 / 1KG",
      "locations": {
        "ALL": { "price": 4, "discountRate": 20, "promo": "", "orgPrice": 5 }
      },
      "categoryIds": ["w-freezer"],
      "similarProducts": []
    },
    {
      "id": "w-339262-9310213563157",
      "name": "Steggles Tempura Chicken Breast Nuggets",
      "brand": "Steggles",
      "imageUrls": "https://cdn0.woolworths.media/content/wowproductimages/large/339262.jpg",
      "storeId": "woolworths",
      "packageSize": "400g",
      "cupPrice": "$10.00 / 1KG",
      "locations": {
        "ALL": { "price": 4, "discountRate": 20, "promo": "", "orgPrice": 5 }
      },
      "categoryIds": ["w-freezer"],
      "similarProducts": []
    },
    {
      "id": "w-56986-9323015020032",
      "name": "Street Foodie Thai Spring Rolls",
      "brand": "Street Foodie",
      "imageUrls": "https://cdn0.woolworths.media/content/wowproductimages/large/056986.jpg",
      "storeId": "woolworths",
      "packageSize": "180g",
      "cupPrice": "$1.11 / 100G",
      "locations": {
        "ALL": {
          "price": 2,
          "discountRate": 20,
          "promo": "",
          "orgPrice": 2.5
        }
      },
      "categoryIds": ["w-freezer"],
      "similarProducts": []
    },
    {
      "id": "w-56988-9323015020018",
      "name": "Street Foodie Yum Cha Selection",
      "brand": "Street Foodie",
      "imageUrls": "https://cdn0.woolworths.media/content/wowproductimages/large/056988.jpg",
      "storeId": "woolworths",
      "packageSize": "210g",
      "cupPrice": "$0.95 / 100G",
      "locations": {
        "ALL": {
          "price": 2,
          "discountRate": 20,
          "promo": "",
          "orgPrice": 2.5
        }
      },
      "categoryIds": ["w-freezer"],
      "similarProducts": []
    },
    {
      "id": "w-819302-8714100873885",
      "name": "Streets Vegan Cornetto",
      "brand": "Streets",
      "imageUrls": "https://cdn0.woolworths.media/content/wowproductimages/large/819302.jpg",
      "storeId": "woolworths",
      "packageSize": "4 pack",
      "cupPrice": "$1.67 / 100ML",
      "locations": {
        "ALL": { "price": 6, "discountRate": 33, "promo": "", "orgPrice": 9 }
      },
      "categoryIds": ["w-freezer"],
      "similarProducts": []
    },
    {
      "id": "w-85714-9319946006269",
      "name": "Strength Meals Co Activate Thai Chicken Noodles",
      "brand": "Strength Meals Co",
      "imageUrls": "https://cdn0.woolworths.media/content/wowproductimages/large/085714.jpg",
      "storeId": "woolworths",
      "packageSize": "300g",
      "cupPrice": "$2.33 / 100G",
      "locations": {
        "ALL": {
          "price": 7,
          "discountRate": 18,
          "promo": "",
          "orgPrice": 8.5
        }
      },
      "categoryIds": ["w-freezer"],
      "similarProducts": []
    },
    {
      "id": "w-85435-9319946006245",
      "name": "Strength Meals Co Energise Korean Chicken",
      "brand": "Strength Meals Co",
      "imageUrls": "https://cdn0.woolworths.media/content/wowproductimages/large/085435.jpg",
      "storeId": "woolworths",
      "packageSize": "300g",
      "cupPrice": "$2.33 / 100G",
      "locations": {
        "ALL": {
          "price": 7,
          "discountRate": 18,
          "promo": "",
          "orgPrice": 8.5
        }
      },
      "categoryIds": ["w-freezer"],
      "similarProducts": []
    },
    {
      "id": "w-85696-9319946006252",
      "name": "Strength Meals Co Power Chicken Burrito",
      "brand": "Strength Meals Co",
      "imageUrls": "https://cdn0.woolworths.media/content/wowproductimages/large/085696.jpg",
      "storeId": "woolworths",
      "packageSize": "300g",
      "cupPrice": "$2.33 / 100G",
      "locations": {
        "ALL": {
          "price": 7,
          "discountRate": 18,
          "promo": "",
          "orgPrice": 8.5
        }
      },
      "categoryIds": ["w-freezer"],
      "similarProducts": []
    },
    {
      "id": "w-85330-9319946006276",
      "name": "Strength Meals Co Ripped Italian Meatballs",
      "brand": "Strength Meals Co",
      "imageUrls": "https://cdn0.woolworths.media/content/wowproductimages/large/085330.jpg",
      "storeId": "woolworths",
      "packageSize": "300g",
      "cupPrice": "$2.33 / 100G",
      "locations": {
        "ALL": {
          "price": 7,
          "discountRate": 18,
          "promo": "",
          "orgPrice": 8.5
        }
      },
      "categoryIds": ["w-freezer"],
      "similarProducts": []
    },
    {
      "id": "w-85902-9319946006283",
      "name": "Strength Meals Co Shred South Indian Curry",
      "brand": "Strength Meals Co",
      "imageUrls": "https://cdn0.woolworths.media/content/wowproductimages/large/085902.jpg",
      "storeId": "woolworths",
      "packageSize": "300g",
      "cupPrice": "$2.33 / 100G",
      "locations": {
        "ALL": {
          "price": 7,
          "discountRate": 18,
          "promo": "",
          "orgPrice": 8.5
        }
      },
      "categoryIds": ["w-freezer"],
      "similarProducts": []
    },
    {
      "id": "w-70423-9347042002625",
      "name": "Toblerone Frozen Sticks",
      "brand": "Toblerone",
      "imageUrls": "https://cdn0.woolworths.media/content/wowproductimages/large/070423.jpg",
      "storeId": "woolworths",
      "packageSize": "4 pack",
      "cupPrice": "$1.50 / 100ML",
      "locations": {
        "ALL": {
          "price": 6,
          "discountRate": 29,
          "promo": "",
          "orgPrice": 8.5
        }
      },
      "categoryIds": ["w-freezer"],
      "similarProducts": []
    },
    {
      "id": "w-577912-9349107000089",
      "name": "Twisted Gluten Free Frozen Yoghurt Mini Multpack",
      "brand": "Twisted",
      "imageUrls": "https://cdn0.woolworths.media/content/wowproductimages/large/577912.jpg",
      "storeId": "woolworths",
      "packageSize": "4x120ml",
      "cupPrice": "$1.15 / 100ML",
      "locations": {
        "ALL": {
          "price": 5.5,
          "discountRate": 21,
          "promo": "",
          "orgPrice": 7
        }
      },
      "categoryIds": ["w-freezer"],
      "similarProducts": []
    },
    {
      "id": "w-658298-9340746000812",
      "name": "Umami Edamame Seasoned Baby Soy Beans",
      "brand": "Umami",
      "imageUrls": "https://cdn0.woolworths.media/content/wowproductimages/large/658298.jpg",
      "storeId": "woolworths",
      "packageSize": "400g",
      "cupPrice": "$6.50 / 1KG",
      "locations": {
        "ALL": {
          "price": 2.6,
          "discountRate": 10,
          "promo": "",
          "orgPrice": 2.9
        }
      },
      "categoryIds": ["w-freezer"],
      "similarProducts": []
    },
    {
      "id": "w-247444-9300657784928",
      "name": "Weight Watchers Bowl Cottage Pie",
      "brand": "Weight Watchers",
      "imageUrls": "https://cdn0.woolworths.media/content/wowproductimages/large/247444.jpg",
      "storeId": "woolworths",
      "packageSize": "320g",
      "cupPrice": "$0.91 / 100G",
      "locations": {
        "ALL": {
          "price": 2.9,
          "discountRate": 28,
          "promo": "",
          "orgPrice": 4
        }
      },
      "categoryIds": ["w-freezer"],
      "similarProducts": []
    },
    {
      "id": "w-694683-9300657237806",
      "name": "Weight Watchers Classic Beef Bolognese",
      "brand": "Weight Watchers",
      "imageUrls": "https://cdn0.woolworths.media/content/wowproductimages/large/694683.jpg",
      "storeId": "woolworths",
      "packageSize": "320g",
      "cupPrice": "$0.91 / 100G",
      "locations": {
        "ALL": {
          "price": 2.9,
          "discountRate": 28,
          "promo": "",
          "orgPrice": 4
        }
      },
      "categoryIds": ["w-freezer"],
      "similarProducts": []
    },
    {
      "id": "w-482773-9300657791650",
      "name": "Weight Watchers Frozen Meal Bowl Creamy Tuna Bake",
      "brand": "Weight Watchers",
      "imageUrls": "https://cdn0.woolworths.media/content/wowproductimages/large/482773.jpg",
      "storeId": "woolworths",
      "packageSize": "320g",
      "cupPrice": "$0.91 / 100G",
      "locations": {
        "ALL": {
          "price": 2.9,
          "discountRate": 28,
          "promo": "",
          "orgPrice": 4
        }
      },
      "categoryIds": ["w-freezer"],
      "similarProducts": []
    },
    {
      "id": "w-679660-9339687034307",
      "name": "Woolworths Frozen Lemon Slices",
      "brand": "Woolworths",
      "imageUrls": "https://cdn0.woolworths.media/content/wowproductimages/large/679660.jpg",
      "storeId": "woolworths",
      "packageSize": "450g",
      "cupPrice": "$4.44 / 1KG",
      "locations": {
        "ALL": { "price": 2, "discountRate": 50, "promo": "", "orgPrice": 4 }
      },
      "categoryIds": ["w-freezer"],
      "similarProducts": []
    },
    {
      "id": "w-768523-9415767041240",
      "name": "Amplify Organic Kombucha Passionfruit & Lemonade",
      "brand": "Amplify",
      "imageUrls": "https://cdn0.woolworths.media/content/wowproductimages/large/768523.jpg",
      "storeId": "woolworths",
      "packageSize": "330ml",
      "cupPrice": "$10.61 / 1L",
      "locations": {
        "ALL": {
          "price": 3.5,
          "discountRate": 13,
          "promo": "",
          "orgPrice": 4
        }
      },
      "categoryIds": ["w-drinks"],
      "similarProducts": []
    },
    {
      "id": "w-806068-9415767041257",
      "name": "Amplify Organic Kombucha Pineapple & Coconut",
      "brand": "Amplify",
      "imageUrls": "https://cdn0.woolworths.media/content/wowproductimages/large/806068.jpg",
      "storeId": "woolworths",
      "packageSize": "330ml",
      "cupPrice": "$10.61 / 1L",
      "locations": {
        "ALL": {
          "price": 3.5,
          "discountRate": 13,
          "promo": "",
          "orgPrice": 4
        }
      },
      "categoryIds": ["w-drinks"],
      "similarProducts": []
    },
    {
      "id": "w-33380-9415767041356",
      "name": "Amplify Peach And Mango",
      "brand": "Amplify",
      "imageUrls": "https://cdn0.woolworths.media/content/wowproductimages/large/033380.jpg",
      "storeId": "woolworths",
      "packageSize": "330ml",
      "cupPrice": "$10.61 / 1L",
      "locations": {
        "ALL": {
          "price": 3.5,
          "discountRate": 13,
          "promo": "",
          "orgPrice": 4
        }
      },
      "categoryIds": ["w-drinks"],
      "similarProducts": []
    },
    {
      "id": "w-6947-3256550088778",
      "name": "Bel Normande Sparkling Organic Apple",
      "brand": "Bel Normande",
      "imageUrls": "https://cdn0.woolworths.media/content/wowproductimages/large/006947.jpg",
      "storeId": "woolworths",
      "packageSize": "750ml",
      "cupPrice": "$4.67 / 1L",
      "locations": {
        "ALL": {
          "price": 3.5,
          "discountRate": 30,
          "promo": "",
          "orgPrice": 5
        }
      },
      "categoryIds": ["w-drinks"],
      "similarProducts": []
    },
    {
      "id": "w-6921-3104935391329",
      "name": "Bel Normande Sparkling Red Grape",
      "brand": "Bel Normande",
      "imageUrls": "https://cdn0.woolworths.media/content/wowproductimages/large/006921.jpg",
      "storeId": "woolworths",
      "packageSize": "750ml",
      "cupPrice": "$4.67 / 1L",
      "locations": {
        "ALL": {
          "price": 3.5,
          "discountRate": 30,
          "promo": "",
          "orgPrice": 5
        }
      },
      "categoryIds": ["w-drinks"],
      "similarProducts": []
    },
    {
      "id": "w-5980-3104935391282",
      "name": "Bel Normande Sparkling White Grape",
      "brand": "Bel Normande",
      "imageUrls": "https://cdn0.woolworths.media/content/wowproductimages/large/005980.jpg",
      "storeId": "woolworths",
      "packageSize": "750ml",
      "cupPrice": "$4.67 / 1L",
      "locations": {
        "ALL": {
          "price": 3.5,
          "discountRate": 30,
          "promo": "",
          "orgPrice": 5
        }
      },
      "categoryIds": ["w-drinks"],
      "similarProducts": []
    },
    {
      "id": "w-146307-9310371160373",
      "name": "Buderim Ginger Cordial",
      "brand": "Buderim",
      "imageUrls": "https://cdn0.woolworths.media/content/wowproductimages/large/146307.jpg",
      "storeId": "woolworths",
      "packageSize": "750ml",
      "cupPrice": "$4.80 / 1L",
      "locations": {
        "ALL": {
          "price": 3.6,
          "discountRate": 10,
          "promo": "",
          "orgPrice": 4
        }
      },
      "categoryIds": ["w-drinks"],
      "similarProducts": []
    },
    {
      "id": "w-98072-9310371162346",
      "name": "Buderim Ginger & Lemongrass Cordial",
      "brand": "Buderim",
      "imageUrls": "https://cdn0.woolworths.media/content/wowproductimages/large/098072.jpg",
      "storeId": "woolworths",
      "packageSize": "750ml",
      "cupPrice": "$4.80 / 1L",
      "locations": {
        "ALL": {
          "price": 3.6,
          "discountRate": 10,
          "promo": "",
          "orgPrice": 4
        }
      },
      "categoryIds": ["w-drinks"],
      "similarProducts": []
    },
    {
      "id": "w-53114-9311493003579",
      "name": "Bundaberg Ginger Beer Mini Can",
      "brand": "Bundaberg",
      "imageUrls": "https://cdn0.woolworths.media/content/wowproductimages/large/053114.jpg",
      "storeId": "woolworths",
      "packageSize": "6x200ml",
      "cupPrice": "$3.75 / 1L",
      "locations": {
        "ALL": {
          "price": 4.5,
          "discountRate": 25,
          "promo": "",
          "orgPrice": 6
        }
      },
      "categoryIds": ["w-drinks"],
      "similarProducts": []
    },
    {
      "id": "w-984122-9300675074803",
      "name": "Cascade Dry Ginger Ale Cans",
      "brand": "Cascade",
      "imageUrls": "https://cdn0.woolworths.media/content/wowproductimages/large/984122.jpg",
      "storeId": "woolworths",
      "packageSize": "4x200ml",
      "cupPrice": "$3.75 / 1L",
      "locations": {
        "ALL": { "price": 3, "discountRate": 25, "promo": "", "orgPrice": 4 }
      },
      "categoryIds": ["w-drinks"],
      "similarProducts": []
    },
    {
      "id": "w-984116-9300675074858",
      "name": "Cascade Ginger Beer Cans",
      "brand": "Cascade",
      "imageUrls": "https://cdn0.woolworths.media/content/wowproductimages/large/984116.jpg",
      "storeId": "woolworths",
      "packageSize": "4x200ml",
      "cupPrice": "$3.75 / 1L",
      "locations": {
        "ALL": { "price": 3, "discountRate": 25, "promo": "", "orgPrice": 4 }
      },
      "categoryIds": ["w-drinks"],
      "similarProducts": []
    },
    {
      "id": "w-983715-9300675074865",
      "name": "Cascade Lemon Lime Bitters Can",
      "brand": "Cascade",
      "imageUrls": "https://cdn0.woolworths.media/content/wowproductimages/large/983715.jpg",
      "storeId": "woolworths",
      "packageSize": "4x200ml",
      "cupPrice": "$3.75 / 1L",
      "locations": {
        "ALL": { "price": 3, "discountRate": 25, "promo": "", "orgPrice": 4 }
      },
      "categoryIds": ["w-drinks"],
      "similarProducts": []
    },
    {
      "id": "w-984120-9300675074827",
      "name": "Cascade Lime & Soda Cans",
      "brand": "Cascade",
      "imageUrls": "https://cdn0.woolworths.media/content/wowproductimages/large/984120.jpg",
      "storeId": "woolworths",
      "packageSize": "4x200ml",
      "cupPrice": "$3.75 / 1L",
      "locations": {
        "ALL": { "price": 3, "discountRate": 25, "promo": "", "orgPrice": 4 }
      },
      "categoryIds": ["w-drinks"],
      "similarProducts": []
    },
    {
      "id": "w-5234-9300675087292",
      "name": "Cascade No Sugar Tonic",
      "brand": "Cascade",
      "imageUrls": "https://cdn0.woolworths.media/content/wowproductimages/large/005234.jpg",
      "storeId": "woolworths",
      "packageSize": "4x200ml",
      "cupPrice": "$3.75 / 1L",
      "locations": {
        "ALL": { "price": 3, "discountRate": 25, "promo": "", "orgPrice": 4 }
      },
      "categoryIds": ["w-drinks"],
      "similarProducts": []
    },
    {
      "id": "w-984118-9300675074773",
      "name": "Cascade Tonic Water Cans",
      "brand": "Cascade",
      "imageUrls": "https://cdn0.woolworths.media/content/wowproductimages/large/984118.jpg",
      "storeId": "woolworths",
      "packageSize": "4x200ml",
      "cupPrice": "$3.75 / 1L",
      "locations": {
        "ALL": { "price": 3, "discountRate": 25, "promo": "", "orgPrice": 4 }
      },
      "categoryIds": ["w-drinks"],
      "similarProducts": []
    },
    {
      "id": "w-82081-9345905007602",
      "name": "Ceda Classic Creaming Soda",
      "brand": "Ceda",
      "imageUrls": "https://cdn0.woolworths.media/content/wowproductimages/large/082081.jpg",
      "storeId": "woolworths",
      "packageSize": "1.25l",
      "cupPrice": "$0.96 / 1L",
      "locations": {
        "ALL": {
          "price": 1.2,
          "discountRate": 14,
          "promo": "",
          "orgPrice": 1.4
        }
      },
      "categoryIds": ["w-drinks"],
      "similarProducts": []
    },
    {
      "id": "w-82202-9345905007619",
      "name": "Ceda Creaming Soda Lime",
      "brand": "Ceda",
      "imageUrls": "https://cdn0.woolworths.media/content/wowproductimages/large/082202.jpg",
      "storeId": "woolworths",
      "packageSize": "1.25l",
      "cupPrice": "$0.96 / 1L",
      "locations": {
        "ALL": {
          "price": 1.2,
          "discountRate": 14,
          "promo": "",
          "orgPrice": 1.4
        }
      },
      "categoryIds": ["w-drinks"],
      "similarProducts": []
    },
    {
      "id": "w-82203-9345905007626",
      "name": "Ceda Orange Creaming Soda",
      "brand": "Ceda",
      "imageUrls": "https://cdn0.woolworths.media/content/wowproductimages/large/082203.jpg",
      "storeId": "woolworths",
      "packageSize": "1.25l",
      "cupPrice": "$0.96 / 1L",
      "locations": {
        "ALL": {
          "price": 1.2,
          "discountRate": 14,
          "promo": "",
          "orgPrice": 1.4
        }
      },
      "categoryIds": ["w-drinks"],
      "similarProducts": []
    },
    {
      "id": "w-93167-9300675009829",
      "name": "Coca-cola Bottle",
      "brand": "Coca-cola",
      "imageUrls": "https://cdn0.woolworths.media/content/wowproductimages/large/093167.jpg",
      "storeId": "woolworths",
      "packageSize": "600ml",
      "cupPrice": "$5.00 / 1L",
      "locations": {
        "ALL": {
          "price": 3,
          "discountRate": 17,
          "promo": "",
          "orgPrice": 3.6
        }
      },
      "categoryIds": ["w-drinks"],
      "similarProducts": []
    },
    {
      "id": "w-32731-9300675001113",
      "name": "Coca-cola Bottle",
      "brand": "Coca-cola",
      "imageUrls": "https://cdn0.woolworths.media/content/wowproductimages/large/032731.jpg",
      "storeId": "woolworths",
      "packageSize": "1.25l",
      "cupPrice": "$1.60 / 1L",
      "locations": {
        "ALL": { "price": 2, "discountRate": 33, "promo": "", "orgPrice": 3 }
      },
      "categoryIds": ["w-drinks"],
      "similarProducts": []
    },
    {
      "id": "w-822719-9300675084277",
      "name": "Coca-cola Bottles",
      "brand": "Coca-cola",
      "imageUrls": "https://cdn0.woolworths.media/content/wowproductimages/large/822719.jpg",
      "storeId": "woolworths",
      "packageSize": "4x300ml",
      "cupPrice": "$4.17 / 1L",
      "locations": {
        "ALL": {
          "price": 5,
          "discountRate": 30,
          "promo": "",
          "orgPrice": 7.1
        }
      },
      "categoryIds": ["w-drinks"],
      "similarProducts": []
    },
    {
      "id": "w-84552-9300675012089",
      "name": "Coca-cola Classic Soft Drink Cans",
      "brand": "Coca-cola",
      "imageUrls": "https://cdn0.woolworths.media/content/wowproductimages/large/084552.jpg",
      "storeId": "woolworths",
      "packageSize": "375ml x30 case",
      "cupPrice": "$1.60 / 1L",
      "locations": {
        "ALL": {
          "price": 18,
          "discountRate": 48,
          "promo": "",
          "orgPrice": 34.45
        }
      },
      "categoryIds": ["w-drinks"],
      "similarProducts": []
    },
    {
      "id": "w-93166-9300675009775",
      "name": "Coca-cola Diet Bottle",
      "brand": "Coca-cola",
      "imageUrls": "https://cdn0.woolworths.media/content/wowproductimages/large/093166.jpg",
      "storeId": "woolworths",
      "packageSize": "600ml",
      "cupPrice": "$5.00 / 1L",
      "locations": {
        "ALL": {
          "price": 3,
          "discountRate": 17,
          "promo": "",
          "orgPrice": 3.6
        }
      },
      "categoryIds": ["w-drinks"],
      "similarProducts": []
    },
    {
      "id": "w-793278-9300675014793",
      "name": "Coca-cola Diet Fridge Mate Cans",
      "brand": "Coca-cola",
      "imageUrls": "https://cdn0.woolworths.media/content/wowproductimages/large/793278.jpg",
      "storeId": "woolworths",
      "packageSize": "10x375ml pack",
      "cupPrice": "$1.73 / 1L",
      "locations": {
        "ALL": {
          "price": 6.5,
          "discountRate": 47,
          "promo": "",
          "orgPrice": 12.3
        }
      },
      "categoryIds": ["w-drinks"],
      "similarProducts": []
    },
    {
      "id": "w-85159-9300675012249",
      "name": "Coca-cola Diet Soft Drink Cans",
      "brand": "Coca-cola",
      "imageUrls": "https://cdn0.woolworths.media/content/wowproductimages/large/085159.jpg",
      "storeId": "woolworths",
      "packageSize": "375ml x30 case",
      "cupPrice": "$1.60 / 1L",
      "locations": {
        "ALL": {
          "price": 18,
          "discountRate": 48,
          "promo": "",
          "orgPrice": 34.45
        }
      },
      "categoryIds": ["w-drinks"],
      "similarProducts": []
    },
    {
      "id": "w-17714-9300675018012",
      "name": "Coca-cola Diet Caffeine Free Bottle",
      "brand": "Coca-cola",
      "imageUrls": "https://cdn0.woolworths.media/content/wowproductimages/large/017714.jpg",
      "storeId": "woolworths",
      "packageSize": "1.25l",
      "cupPrice": "$1.60 / 1L",
      "locations": {
        "ALL": { "price": 2, "discountRate": 33, "promo": "", "orgPrice": 3 }
      },
      "categoryIds": ["w-drinks"],
      "similarProducts": []
    },
    {
      "id": "w-549551-9300675057653",
      "name": "Coca-cola Diet Caffeine Free Fridge Mate Cans",
      "brand": "Coca-cola",
      "imageUrls": "https://cdn0.woolworths.media/content/wowproductimages/large/549551.jpg",
      "storeId": "woolworths",
      "packageSize": "10x375ml pack",
      "cupPrice": "$1.73 / 1L",
      "locations": {
        "ALL": {
          "price": 6.5,
          "discountRate": 47,
          "promo": "",
          "orgPrice": 12.3
        }
      },
      "categoryIds": ["w-drinks"],
      "similarProducts": []
    },
    {
      "id": "w-793315-9300675014779",
      "name": "Coca-cola Fridge Mate Cans",
      "brand": "Coca-cola",
      "imageUrls": "https://cdn0.woolworths.media/content/wowproductimages/large/793315.jpg",
      "storeId": "woolworths",
      "packageSize": "10x375ml pack",
      "cupPrice": "$1.73 / 1L",
      "locations": {
        "ALL": {
          "price": 6.5,
          "discountRate": 47,
          "promo": "",
          "orgPrice": 12.3
        }
      },
      "categoryIds": ["w-drinks"],
      "similarProducts": []
    },
    {
      "id": "w-822757-9300675084437",
      "name": "Coca-cola No Sugar Bottle",
      "brand": "Coca-cola",
      "imageUrls": "https://cdn0.woolworths.media/content/wowproductimages/large/822757.jpg",
      "storeId": "woolworths",
      "packageSize": "4x300ml",
      "cupPrice": "$4.17 / 1L",
      "locations": {
        "ALL": {
          "price": 5,
          "discountRate": 30,
          "promo": "",
          "orgPrice": 7.1
        }
      },
      "categoryIds": ["w-drinks"],
      "similarProducts": []
    },
    {
      "id": "w-623033-9300675079464",
      "name": "Coca-cola No Sugar Bottle",
      "brand": "Coca-cola",
      "imageUrls": "https://cdn0.woolworths.media/content/wowproductimages/large/623033.jpg",
      "storeId": "woolworths",
      "packageSize": "600ml",
      "cupPrice": "$5.00 / 1L",
      "locations": {
        "ALL": {
          "price": 3,
          "discountRate": 17,
          "promo": "",
          "orgPrice": 3.6
        }
      },
      "categoryIds": ["w-drinks"],
      "similarProducts": []
    },
    {
      "id": "w-623034-9300675079488",
      "name": "Coca-cola No Sugar Bottle",
      "brand": "Coca-cola",
      "imageUrls": "https://cdn0.woolworths.media/content/wowproductimages/large/623034.jpg",
      "storeId": "woolworths",
      "packageSize": "1.25l",
      "cupPrice": "$1.60 / 1L",
      "locations": {
        "ALL": { "price": 2, "discountRate": 33, "promo": "", "orgPrice": 3 }
      },
      "categoryIds": ["w-drinks"],
      "similarProducts": []
    },
    {
      "id": "w-669379-9300675079686",
      "name": "Coca-cola No Sugar Fridge Mate Cans",
      "brand": "Coca-cola",
      "imageUrls": "https://cdn0.woolworths.media/content/wowproductimages/large/669379.jpg",
      "storeId": "woolworths",
      "packageSize": "10x375ml pack",
      "cupPrice": "$1.73 / 1L",
      "locations": {
        "ALL": {
          "price": 6.5,
          "discountRate": 47,
          "promo": "",
          "orgPrice": 12.3
        }
      },
      "categoryIds": ["w-drinks"],
      "similarProducts": []
    },
    {
      "id": "w-679121-9300675079716",
      "name": "Coca-cola No Sugar Soft Drink Cans",
      "brand": "Coca-cola",
      "imageUrls": "https://cdn0.woolworths.media/content/wowproductimages/large/679121.jpg",
      "storeId": "woolworths",
      "packageSize": "375ml x30 case",
      "cupPrice": "$1.60 / 1L",
      "locations": {
        "ALL": {
          "price": 18,
          "discountRate": 48,
          "promo": "",
          "orgPrice": 34.45
        }
      },
      "categoryIds": ["w-drinks"],
      "similarProducts": []
    },
    {
      "id": "w-803078-9300675085519",
      "name": "Coca-cola No Sugar Vanilla",
      "brand": "Coca-cola",
      "imageUrls": "https://cdn0.woolworths.media/content/wowproductimages/large/803078.jpg",
      "storeId": "woolworths",
      "packageSize": "1.25l",
      "cupPrice": "$1.60 / 1L",
      "locations": {
        "ALL": { "price": 2, "discountRate": 33, "promo": "", "orgPrice": 3 }
      },
      "categoryIds": ["w-drinks"],
      "similarProducts": []
    },
    {
      "id": "w-803079-9300675085458",
      "name": "Coca-cola No Sugar Vanilla",
      "brand": "Coca-cola",
      "imageUrls": "https://cdn0.woolworths.media/content/wowproductimages/large/803079.jpg",
      "storeId": "woolworths",
      "packageSize": "600ml",
      "cupPrice": "$5.00 / 1L",
      "locations": {
        "ALL": {
          "price": 3,
          "discountRate": 17,
          "promo": "",
          "orgPrice": 3.6
        }
      },
      "categoryIds": ["w-drinks"],
      "similarProducts": []
    },
    {
      "id": "w-180941-9300675020961",
      "name": "Coca-cola Vanilla Bottle",
      "brand": "Coca-cola",
      "imageUrls": "https://cdn0.woolworths.media/content/wowproductimages/large/180941.jpg",
      "storeId": "woolworths",
      "packageSize": "1.25l",
      "cupPrice": "$1.60 / 1L",
      "locations": {
        "ALL": { "price": 2, "discountRate": 33, "promo": "", "orgPrice": 3 }
      },
      "categoryIds": ["w-drinks"],
      "similarProducts": []
    },
    {
      "id": "w-676160-9300675084147",
      "name": "Coca-cola Vanilla Cans",
      "brand": "Coca-cola",
      "imageUrls": "https://cdn0.woolworths.media/content/wowproductimages/large/676160.jpg",
      "storeId": "woolworths",
      "packageSize": "10x375ml",
      "cupPrice": "$1.73 / 1L",
      "locations": {
        "ALL": {
          "price": 6.5,
          "discountRate": 47,
          "promo": "",
          "orgPrice": 12.3
        }
      },
      "categoryIds": ["w-drinks"],
      "similarProducts": []
    },
    {
      "id": "w-180910-9300675020589",
      "name": "Coca-cola Vanilla Bottle",
      "brand": "Coca-cola",
      "imageUrls": "https://cdn0.woolworths.media/content/wowproductimages/large/180910.jpg",
      "storeId": "woolworths",
      "packageSize": "600ml",
      "cupPrice": "$5.00 / 1L",
      "locations": {
        "ALL": {
          "price": 3,
          "discountRate": 17,
          "promo": "",
          "orgPrice": 3.6
        }
      },
      "categoryIds": ["w-drinks"],
      "similarProducts": []
    },
    {
      "id": "w-94493-9300675011037",
      "name": "Coca-cola Light/diet Coke Diet Bottle",
      "brand": "Coca-cola Light/diet Coke",
      "imageUrls": "https://cdn0.woolworths.media/content/wowproductimages/large/094493.jpg",
      "storeId": "woolworths",
      "packageSize": "1.25l",
      "cupPrice": "$1.60 / 1L",
      "locations": {
        "ALL": { "price": 2, "discountRate": 33, "promo": "", "orgPrice": 3 }
      },
      "categoryIds": ["w-drinks"],
      "similarProducts": []
    },
    {
      "id": "w-724514-9336243003166",
      "name": "Cocobella Cocobella Straight Up Coconut Water",
      "brand": "Cocobella",
      "imageUrls": "https://cdn0.woolworths.media/content/wowproductimages/large/724514.jpg",
      "storeId": "woolworths",
      "packageSize": "1l",
      "cupPrice": "$3.00 / 1L",
      "locations": {
        "ALL": { "price": 3, "discountRate": 40, "promo": "", "orgPrice": 5 }
      },
      "categoryIds": ["w-drinks"],
      "similarProducts": []
    },
    {
      "id": "w-78040-9310441000011",
      "name": "Coopers Birell Premium Bottles",
      "brand": "Coopers",
      "imageUrls": "https://cdn0.woolworths.media/content/wowproductimages/large/078040.jpg",
      "storeId": "woolworths",
      "packageSize": "6x375ml",
      "cupPrice": "$2.80 / 1L",
      "locations": {
        "ALL": {
          "price": 6.3,
          "discountRate": 10,
          "promo": "",
          "orgPrice": 7
        }
      },
      "categoryIds": ["w-drinks"],
      "similarProducts": []
    },
    {
      "id": "w-362448-9300614000689",
      "name": "Cottee's Cordial Cola",
      "brand": "Cottee's",
      "imageUrls": "https://cdn0.woolworths.media/content/wowproductimages/large/362448.jpg",
      "storeId": "woolworths",
      "packageSize": "1l",
      "cupPrice": "$3.75 / 1L",
      "locations": {
        "ALL": {
          "price": 3.75,
          "discountRate": 11,
          "promo": "",
          "orgPrice": 4.2
        }
      },
      "categoryIds": ["w-drinks"],
      "similarProducts": []
    },
    {
      "id": "w-362461-9300614000740",
      "name": "Cottee's Cordial Fruit Cup",
      "brand": "Cottee's",
      "imageUrls": "https://cdn0.woolworths.media/content/wowproductimages/large/362461.jpg",
      "storeId": "woolworths",
      "packageSize": "1l",
      "cupPrice": "$3.75 / 1L",
      "locations": {
        "ALL": {
          "price": 3.75,
          "discountRate": 11,
          "promo": "",
          "orgPrice": 4.2
        }
      },
      "categoryIds": ["w-drinks"],
      "similarProducts": []
    },
    {
      "id": "w-362464-9300614000757",
      "name": "Cottee's Cordial Lemon",
      "brand": "Cottee's",
      "imageUrls": "https://cdn0.woolworths.media/content/wowproductimages/large/362464.jpg",
      "storeId": "woolworths",
      "packageSize": "1l",
      "cupPrice": "$3.75 / 1L",
      "locations": {
        "ALL": {
          "price": 3.75,
          "discountRate": 11,
          "promo": "",
          "orgPrice": 4.2
        }
      },
      "categoryIds": ["w-drinks"],
      "similarProducts": []
    },
    {
      "id": "w-362445-9300614000603",
      "name": "Cottee's Cordial Lime Coola",
      "brand": "Cottee's",
      "imageUrls": "https://cdn0.woolworths.media/content/wowproductimages/large/362445.jpg",
      "storeId": "woolworths",
      "packageSize": "1l",
      "cupPrice": "$3.75 / 1L",
      "locations": {
        "ALL": {
          "price": 3.75,
          "discountRate": 11,
          "promo": "",
          "orgPrice": 4.2
        }
      },
      "categoryIds": ["w-drinks"],
      "similarProducts": []
    },
    {
      "id": "w-362454-9300614000856",
      "name": "Cottee's Cordial Lime Coola No Added Sugar",
      "brand": "Cottee's",
      "imageUrls": "https://cdn0.woolworths.media/content/wowproductimages/large/362454.jpg",
      "storeId": "woolworths",
      "packageSize": "1l",
      "cupPrice": "$3.75 / 1L",
      "locations": {
        "ALL": {
          "price": 3.75,
          "discountRate": 11,
          "promo": "",
          "orgPrice": 4.2
        }
      },
      "categoryIds": ["w-drinks"],
      "similarProducts": []
    },
    {
      "id": "w-362459-9300614000733",
      "name": "Cottee's Cordial Orange",
      "brand": "Cottee's",
      "imageUrls": "https://cdn0.woolworths.media/content/wowproductimages/large/362459.jpg",
      "storeId": "woolworths",
      "packageSize": "1l",
      "cupPrice": "$3.75 / 1L",
      "locations": {
        "ALL": {
          "price": 3.75,
          "discountRate": 11,
          "promo": "",
          "orgPrice": 4.2
        }
      },
      "categoryIds": ["w-drinks"],
      "similarProducts": []
    },
    {
      "id": "w-362446-9300614000672",
      "name": "Cottee's Cordial Raspberry",
      "brand": "Cottee's",
      "imageUrls": "https://cdn0.woolworths.media/content/wowproductimages/large/362446.jpg",
      "storeId": "woolworths",
      "packageSize": "1l",
      "cupPrice": "$3.75 / 1L",
      "locations": {
        "ALL": {
          "price": 3.75,
          "discountRate": 11,
          "promo": "",
          "orgPrice": 4.2
        }
      },
      "categoryIds": ["w-drinks"],
      "similarProducts": []
    },
    {
      "id": "w-362478-9300614000849",
      "name": "Cottee's Cordial Apple & Rasp No Added Sugar",
      "brand": "Cottee's",
      "imageUrls": "https://cdn0.woolworths.media/content/wowproductimages/large/362478.jpg",
      "storeId": "woolworths",
      "packageSize": "1l",
      "cupPrice": "$3.75 / 1L",
      "locations": {
        "ALL": {
          "price": 3.75,
          "discountRate": 11,
          "promo": "",
          "orgPrice": 4.2
        }
      },
      "categoryIds": ["w-drinks"],
      "similarProducts": []
    },
    {
      "id": "w-362477-9300614000832",
      "name": "Cottee's Cordial Lemon No Added Sugar",
      "brand": "Cottee's",
      "imageUrls": "https://cdn0.woolworths.media/content/wowproductimages/large/362477.jpg",
      "storeId": "woolworths",
      "packageSize": "1l",
      "cupPrice": "$3.75 / 1L",
      "locations": {
        "ALL": {
          "price": 3.75,
          "discountRate": 11,
          "promo": "",
          "orgPrice": 4.2
        }
      },
      "categoryIds": ["w-drinks"],
      "similarProducts": []
    },
    {
      "id": "w-362475-9300614000818",
      "name": "Cottee's Cordial Orange No Added Sugar",
      "brand": "Cottee's",
      "imageUrls": "https://cdn0.woolworths.media/content/wowproductimages/large/362475.jpg",
      "storeId": "woolworths",
      "packageSize": "1l",
      "cupPrice": "$3.75 / 1L",
      "locations": {
        "ALL": {
          "price": 3.75,
          "discountRate": 11,
          "promo": "",
          "orgPrice": 4.2
        }
      },
      "categoryIds": ["w-drinks"],
      "similarProducts": []
    },
    {
      "id": "w-101030-9310113904029",
      "name": "Daily Juice Nourish Happy Gut",
      "brand": "Daily Juice",
      "imageUrls": "https://cdn0.woolworths.media/content/wowproductimages/large/101030.jpg",
      "storeId": "woolworths",
      "packageSize": "1l",
      "cupPrice": "$4.50 / 1L",
      "locations": {
        "ALL": {
          "price": 4.5,
          "discountRate": 10,
          "promo": "",
          "orgPrice": 5
        }
      },
      "categoryIds": ["w-drinks"],
      "similarProducts": []
    },
    {
      "id": "w-101266-9310113904012",
      "name": "Daily Juice Nourish Immunity",
      "brand": "Daily Juice",
      "imageUrls": "https://cdn0.woolworths.media/content/wowproductimages/large/101266.jpg",
      "storeId": "woolworths",
      "packageSize": "1l",
      "cupPrice": "$4.50 / 1L",
      "locations": {
        "ALL": {
          "price": 4.5,
          "discountRate": 10,
          "promo": "",
          "orgPrice": 5
        }
      },
      "categoryIds": ["w-drinks"],
      "similarProducts": []
    },
    {
      "id": "w-6220-9310881911199",
      "name": "Darrell Lea Rocklea Road Mini Marshmallows",
      "brand": "Darrell Lea",
      "imageUrls": "https://cdn0.woolworths.media/content/wowproductimages/large/006220.jpg",
      "storeId": "woolworths",
      "packageSize": "100g",
      "cupPrice": "$2.00 / 100G",
      "locations": {
        "ALL": { "price": 2, "discountRate": 33, "promo": "", "orgPrice": 3 }
      },
      "categoryIds": ["w-drinks"],
      "similarProducts": []
    },
    {
      "id": "w-700475-9300639601656",
      "name": "Devondale Moo Chocolate Milk",
      "brand": "Devondale",
      "imageUrls": "https://cdn0.woolworths.media/content/wowproductimages/large/700475.jpg",
      "storeId": "woolworths",
      "packageSize": "6x200ml",
      "cupPrice": "$3.13 / 1L",
      "locations": {
        "ALL": {
          "price": 3.75,
          "discountRate": 21,
          "promo": "",
          "orgPrice": 4.75
        }
      },
      "categoryIds": ["w-drinks", "w-lunch-box"],
      "similarProducts": []
    },
    {
      "id": "w-789937-9300639605340",
      "name": "Devondale Moo Strawberry Milk",
      "brand": "Devondale",
      "imageUrls": "https://cdn0.woolworths.media/content/wowproductimages/large/789937.jpg",
      "storeId": "woolworths",
      "packageSize": "6x200ml",
      "cupPrice": "$3.13 / 1L",
      "locations": {
        "ALL": {
          "price": 3.75,
          "discountRate": 21,
          "promo": "",
          "orgPrice": 4.75
        }
      },
      "categoryIds": ["w-drinks", "w-lunch-box"],
      "similarProducts": []
    },
    {
      "id": "w-34925-9310467751775",
      "name": "Devondale Sparkling Juice Apple",
      "brand": "Devondale",
      "imageUrls": "https://cdn0.woolworths.media/content/wowproductimages/large/034925.jpg",
      "storeId": "woolworths",
      "packageSize": "750ml",
      "cupPrice": "$3.33 / 1L",
      "locations": {
        "ALL": {
          "price": 2.5,
          "discountRate": 14,
          "promo": "",
          "orgPrice": 2.9
        }
      },
      "categoryIds": ["w-drinks"],
      "similarProducts": []
    },
    {
      "id": "w-308941-9338973000057",
      "name": "Edenvale Non Alcoholic Wine Chardonnay",
      "brand": "Edenvale",
      "imageUrls": "https://cdn0.woolworths.media/content/wowproductimages/large/308941.jpg",
      "storeId": "woolworths",
      "packageSize": "750ml",
      "cupPrice": "$10.00 / 1L",
      "locations": {
        "ALL": {
          "price": 7.5,
          "discountRate": 21,
          "promo": "",
          "orgPrice": 9.5
        }
      },
      "categoryIds": ["w-drinks"],
      "similarProducts": []
    },
    {
      "id": "w-308940-9338973000040",
      "name": "Edenvale Non Alcoholic Wine Shiraz",
      "brand": "Edenvale",
      "imageUrls": "https://cdn0.woolworths.media/content/wowproductimages/large/308940.jpg",
      "storeId": "woolworths",
      "packageSize": "750ml",
      "cupPrice": "$10.00 / 1L",
      "locations": {
        "ALL": {
          "price": 7.5,
          "discountRate": 21,
          "promo": "",
          "orgPrice": 9.5
        }
      },
      "categoryIds": ["w-drinks"],
      "similarProducts": []
    },
    {
      "id": "w-308942-9338973000071",
      "name": "Edenvale Non Alcoholic Wine Sparkling Cuvee",
      "brand": "Edenvale",
      "imageUrls": "https://cdn0.woolworths.media/content/wowproductimages/large/308942.jpg",
      "storeId": "woolworths",
      "packageSize": "750ml",
      "cupPrice": "$10.00 / 1L",
      "locations": {
        "ALL": {
          "price": 7.5,
          "discountRate": 21,
          "promo": "",
          "orgPrice": 9.5
        }
      },
      "categoryIds": ["w-drinks"],
      "similarProducts": []
    },
    {
      "id": "w-799996-9421903519054",
      "name": "Estel Premium Alkaline Sport Water",
      "brand": "Estel",
      "imageUrls": "https://cdn0.woolworths.media/content/wowproductimages/large/799996.jpg",
      "storeId": "woolworths",
      "packageSize": "750ml",
      "cupPrice": "$2.67 / 1L",
      "locations": {
        "ALL": { "price": 2, "discountRate": 33, "promo": "", "orgPrice": 3 }
      },
      "categoryIds": ["w-drinks", "w-lunch-box"],
      "similarProducts": []
    },
    {
      "id": "w-594861-3068320114644",
      "name": "Evian Natural Mineral Water",
      "brand": "Evian",
      "imageUrls": "https://cdn0.woolworths.media/content/wowproductimages/large/594861.jpg",
      "storeId": "woolworths",
      "packageSize": "1.25l",
      "cupPrice": "$2.40 / 1L",
      "locations": {
        "ALL": {
          "price": 3,
          "discountRate": 17,
          "promo": "",
          "orgPrice": 3.6
        }
      },
      "categoryIds": ["w-drinks", "w-lunch-box"],
      "similarProducts": []
    },
    {
      "id": "w-32812-9300675003094",
      "name": "Fanta Orange Bottle",
      "brand": "Fanta",
      "imageUrls": "https://cdn0.woolworths.media/content/wowproductimages/large/032812.jpg",
      "storeId": "woolworths",
      "packageSize": "1.25l",
      "cupPrice": "$1.20 / 1L",
      "locations": {
        "ALL": {
          "price": 1.5,
          "discountRate": 40,
          "promo": "",
          "orgPrice": 2.5
        }
      },
      "categoryIds": ["w-drinks"],
      "similarProducts": []
    },
    {
      "id": "w-93182-9300675009843",
      "name": "Fanta Orange Bottle",
      "brand": "Fanta",
      "imageUrls": "https://cdn0.woolworths.media/content/wowproductimages/large/093182.jpg",
      "storeId": "woolworths",
      "packageSize": "600ml",
      "cupPrice": "$5.00 / 1L",
      "locations": {
        "ALL": {
          "price": 3,
          "discountRate": 17,
          "promo": "",
          "orgPrice": 3.6
        }
      },
      "categoryIds": ["w-drinks"],
      "similarProducts": []
    },
    {
      "id": "w-793311-9300675014830",
      "name": "Fanta Orange Cans",
      "brand": "Fanta",
      "imageUrls": "https://cdn0.woolworths.media/content/wowproductimages/large/793311.jpg",
      "storeId": "woolworths",
      "packageSize": "375ml x10 carton",
      "cupPrice": "$1.73 / 1L",
      "locations": {
        "ALL": {
          "price": 6.5,
          "discountRate": 47,
          "promo": "",
          "orgPrice": 12.3
        }
      },
      "categoryIds": ["w-drinks"],
      "similarProducts": []
    },
    {
      "id": "w-829628-9315626000305",
      "name": "Frantelle Spring Water",
      "brand": "Frantelle",
      "imageUrls": "https://cdn0.woolworths.media/content/wowproductimages/large/829628.jpg",
      "storeId": "woolworths",
      "packageSize": "600ml x20 pack",
      "cupPrice": "$0.42 / 1L",
      "locations": {
        "ALL": { "price": 5, "discountRate": 55, "promo": "", "orgPrice": 11 }
      },
      "categoryIds": ["w-drinks", "w-lunch-box"],
      "similarProducts": []
    },
    {
      "id": "w-175600-9315626008059",
      "name": "Frantelle Still Water",
      "brand": "Frantelle",
      "imageUrls": "https://cdn0.woolworths.media/content/wowproductimages/large/175600.jpg",
      "storeId": "woolworths",
      "packageSize": "600ml x12 pack",
      "cupPrice": "$0.63 / 1L",
      "locations": {
        "ALL": {
          "price": 4.5,
          "discountRate": 27,
          "promo": "",
          "orgPrice": 6.2
        }
      },
      "categoryIds": ["w-drinks", "w-lunch-box"],
      "similarProducts": []
    },
    {
      "id": "w-427069-9300675072403",
      "name": "Fuze Ice Tea Mango",
      "brand": "Fuze",
      "imageUrls": "https://cdn0.woolworths.media/content/wowproductimages/large/427069.jpg",
      "storeId": "woolworths",
      "packageSize": "1.25l",
      "cupPrice": "$2.00 / 1L",
      "locations": {
        "ALL": {
          "price": 2.5,
          "discountRate": 22,
          "promo": "",
          "orgPrice": 3.2
        }
      },
      "categoryIds": ["w-drinks"],
      "similarProducts": []
    },
    {
      "id": "w-427068-9300675072502",
      "name": "Fuze Ice Tea Peach",
      "brand": "Fuze",
      "imageUrls": "https://cdn0.woolworths.media/content/wowproductimages/large/427068.jpg",
      "storeId": "woolworths",
      "packageSize": "1.25l",
      "cupPrice": "$2.00 / 1L",
      "locations": {
        "ALL": {
          "price": 2.5,
          "discountRate": 22,
          "promo": "",
          "orgPrice": 3.2
        }
      },
      "categoryIds": ["w-drinks"],
      "similarProducts": []
    },
    {
      "id": "w-30486-9313820045047",
      "name": "Gatorade Blue Bolt Sports Drink",
      "brand": "Gatorade",
      "imageUrls": "https://cdn0.woolworths.media/content/wowproductimages/large/030486.jpg",
      "storeId": "woolworths",
      "packageSize": "600ml",
      "cupPrice": "$4.00 / 1L",
      "locations": {
        "ALL": {
          "price": 2.4,
          "discountRate": 31,
          "promo": "",
          "orgPrice": 3.5
        }
      },
      "categoryIds": ["w-drinks"],
      "similarProducts": []
    },
    {
      "id": "w-262841-9310640620119",
      "name": "Gatorade Fierce Grape Sports Drink",
      "brand": "Gatorade",
      "imageUrls": "https://cdn0.woolworths.media/content/wowproductimages/large/262841.jpg",
      "storeId": "woolworths",
      "packageSize": "600ml",
      "cupPrice": "$4.00 / 1L",
      "locations": {
        "ALL": {
          "price": 2.4,
          "discountRate": 31,
          "promo": "",
          "orgPrice": 3.5
        }
      },
      "categoryIds": ["w-drinks"],
      "similarProducts": []
    },
    {
      "id": "w-594960-9310640000881",
      "name": "Gatorade G-active Electrolyte Water Berry Flavoured No Sugar",
      "brand": "Gatorade",
      "imageUrls": "https://cdn0.woolworths.media/content/wowproductimages/large/594960.jpg",
      "storeId": "woolworths",
      "packageSize": "600ml",
      "cupPrice": "$4.17 / 1L",
      "locations": {
        "ALL": {
          "price": 2.5,
          "discountRate": 26,
          "promo": "",
          "orgPrice": 3.4
        }
      },
      "categoryIds": ["w-drinks"],
      "similarProducts": []
    },
    {
      "id": "w-594961-9310640000874",
      "name": "Gatorade G-active Electrolyte Water Lemon Flavoured No Sugar",
      "brand": "Gatorade",
      "imageUrls": "https://cdn0.woolworths.media/content/wowproductimages/large/594961.jpg",
      "storeId": "woolworths",
      "packageSize": "600ml",
      "cupPrice": "$4.17 / 1L",
      "locations": {
        "ALL": {
          "price": 2.5,
          "discountRate": 26,
          "promo": "",
          "orgPrice": 3.4
        }
      },
      "categoryIds": ["w-drinks"],
      "similarProducts": []
    },
    {
      "id": "w-802510-9310640000966",
      "name": "Gatorade G-active Electrolyte Water Mango Flavoured No Sugar",
      "brand": "Gatorade",
      "imageUrls": "https://cdn0.woolworths.media/content/wowproductimages/large/802510.jpg",
      "storeId": "woolworths",
      "packageSize": "600ml",
      "cupPrice": "$4.17 / 1L",
      "locations": {
        "ALL": {
          "price": 2.5,
          "discountRate": 26,
          "promo": "",
          "orgPrice": 3.4
        }
      },
      "categoryIds": ["w-drinks"],
      "similarProducts": []
    },
    {
      "id": "w-594952-9310640000867",
      "name": "Gatorade G-active Electrolyte Water Orange Flavoured No Sugar",
      "brand": "Gatorade",
      "imageUrls": "https://cdn0.woolworths.media/content/wowproductimages/large/594952.jpg",
      "storeId": "woolworths",
      "packageSize": "600ml",
      "cupPrice": "$4.17 / 1L",
      "locations": {
        "ALL": {
          "price": 2.5,
          "discountRate": 26,
          "promo": "",
          "orgPrice": 3.4
        }
      },
      "categoryIds": ["w-drinks"],
      "similarProducts": []
    },
    {
      "id": "w-806598-9310640000942",
      "name": "Gatorade G2 Citrus Blast",
      "brand": "Gatorade",
      "imageUrls": "https://cdn0.woolworths.media/content/wowproductimages/large/806598.jpg",
      "storeId": "woolworths",
      "packageSize": "600ml",
      "cupPrice": "$4.00 / 1L",
      "locations": {
        "ALL": {
          "price": 2.4,
          "discountRate": 31,
          "promo": "",
          "orgPrice": 3.5
        }
      },
      "categoryIds": ["w-drinks"],
      "similarProducts": []
    },
    {
      "id": "w-806627-9310640000935",
      "name": "Gatorade G2 Glacier Freeze",
      "brand": "Gatorade",
      "imageUrls": "https://cdn0.woolworths.media/content/wowproductimages/large/806627.jpg",
      "storeId": "woolworths",
      "packageSize": "600ml",
      "cupPrice": "$4.00 / 1L",
      "locations": {
        "ALL": {
          "price": 2.4,
          "discountRate": 31,
          "promo": "",
          "orgPrice": 3.5
        }
      },
      "categoryIds": ["w-drinks"],
      "similarProducts": []
    },
    {
      "id": "w-806597-9310640000959",
      "name": "Gatorade G2 Raspberry",
      "brand": "Gatorade",
      "imageUrls": "https://cdn0.woolworths.media/content/wowproductimages/large/806597.jpg",
      "storeId": "woolworths",
      "packageSize": "600ml",
      "cupPrice": "$4.00 / 1L",
      "locations": {
        "ALL": {
          "price": 2.4,
          "discountRate": 31,
          "promo": "",
          "orgPrice": 3.5
        }
      },
      "categoryIds": ["w-drinks"],
      "similarProducts": []
    },
    {
      "id": "w-30441-9313820040059",
      "name": "Gatorade Lemon Lime Sports Drink",
      "brand": "Gatorade",
      "imageUrls": "https://cdn0.woolworths.media/content/wowproductimages/large/030441.jpg",
      "storeId": "woolworths",
      "packageSize": "600ml",
      "cupPrice": "$4.00 / 1L",
      "locations": {
        "ALL": {
          "price": 2.4,
          "discountRate": 31,
          "promo": "",
          "orgPrice": 3.5
        }
      },
      "categoryIds": ["w-drinks"],
      "similarProducts": []
    },
    {
      "id": "w-30450-9313820043050",
      "name": "Gatorade Orange Ice Sports Drink",
      "brand": "Gatorade",
      "imageUrls": "https://cdn0.woolworths.media/content/wowproductimages/large/030450.jpg",
      "storeId": "woolworths",
      "packageSize": "600ml",
      "cupPrice": "$4.00 / 1L",
      "locations": {
        "ALL": {
          "price": 2.4,
          "discountRate": 31,
          "promo": "",
          "orgPrice": 3.5
        }
      },
      "categoryIds": ["w-drinks"],
      "similarProducts": []
    },
    {
      "id": "w-245411-9310640000041",
      "name": "Gatorade Sports Drink Watermelon",
      "brand": "Gatorade",
      "imageUrls": "https://cdn0.woolworths.media/content/wowproductimages/large/245411.jpg",
      "storeId": "woolworths",
      "packageSize": "600ml",
      "cupPrice": "$4.00 / 1L",
      "locations": {
        "ALL": {
          "price": 2.4,
          "discountRate": 31,
          "promo": "",
          "orgPrice": 3.5
        }
      },
      "categoryIds": ["w-drinks"],
      "similarProducts": []
    },
    {
      "id": "w-30446-9313820042053",
      "name": "Gatorade Tropical Sports Drink",
      "brand": "Gatorade",
      "imageUrls": "https://cdn0.woolworths.media/content/wowproductimages/large/030446.jpg",
      "storeId": "woolworths",
      "packageSize": "600ml",
      "cupPrice": "$4.00 / 1L",
      "locations": {
        "ALL": {
          "price": 2.4,
          "discountRate": 31,
          "promo": "",
          "orgPrice": 3.5
        }
      },
      "categoryIds": ["w-drinks"],
      "similarProducts": []
    },
    {
      "id": "w-95958-9345905007954",
      "name": "Glee Blue Lemonade Flavoured Cordial",
      "brand": "Glee",
      "imageUrls": "https://cdn0.woolworths.media/content/wowproductimages/large/095958.jpg",
      "storeId": "woolworths",
      "packageSize": "350ml",
      "cupPrice": "$3.57 / 1L",
      "locations": {
        "ALL": {
          "price": 1.25,
          "discountRate": 17,
          "promo": "",
          "orgPrice": 1.5
        }
      },
      "categoryIds": ["w-drinks"],
      "similarProducts": []
    },
    {
      "id": "w-95835-9345905007930",
      "name": "Glee Bubblegum Grape Flavoured Cordial",
      "brand": "Glee",
      "imageUrls": "https://cdn0.woolworths.media/content/wowproductimages/large/095835.jpg",
      "storeId": "woolworths",
      "packageSize": "350ml",
      "cupPrice": "$3.57 / 1L",
      "locations": {
        "ALL": {
          "price": 1.25,
          "discountRate": 17,
          "promo": "",
          "orgPrice": 1.5
        }
      },
      "categoryIds": ["w-drinks"],
      "similarProducts": []
    },
    {
      "id": "w-95898-9345905007961",
      "name": "Glee Raspberry Flavoured Cordial Cordial",
      "brand": "Glee",
      "imageUrls": "https://cdn0.woolworths.media/content/wowproductimages/large/095898.jpg",
      "storeId": "woolworths",
      "packageSize": "350ml",
      "cupPrice": "$3.57 / 1L",
      "locations": {
        "ALL": {
          "price": 1.25,
          "discountRate": 17,
          "promo": "",
          "orgPrice": 1.5
        }
      },
      "categoryIds": ["w-drinks"],
      "similarProducts": []
    },
    {
      "id": "w-663675-9310179198356",
      "name": "Golden Circle Apple & Blackcurrant Fruit Drink Multipack",
      "brand": "Golden Circle",
      "imageUrls": "https://cdn0.woolworths.media/content/wowproductimages/large/663675.jpg",
      "storeId": "woolworths",
      "packageSize": "6x250ml",
      "cupPrice": "$1.27 / 1L",
      "locations": {
        "ALL": {
          "price": 1.9,
          "discountRate": 50,
          "promo": "",
          "orgPrice": 3.8
        }
      },
      "categoryIds": ["w-drinks"],
      "similarProducts": []
    },
    {
      "id": "w-826651-9310179199469",
      "name": "Golden Circle Apple Blackcurrant Fruit Drink",
      "brand": "Golden Circle",
      "imageUrls": "https://cdn0.woolworths.media/content/wowproductimages/large/826651.jpg",
      "storeId": "woolworths",
      "packageSize": "1l",
      "cupPrice": "$1.50 / 1L",
      "locations": {
        "ALL": {
          "price": 1.5,
          "discountRate": 30,
          "promo": "",
          "orgPrice": 2.15
        }
      },
      "categoryIds": ["w-drinks"],
      "similarProducts": []
    },
    {
      "id": "w-94950-9310179007306",
      "name": "Golden Circle Apple Fruit Drink Multipack",
      "brand": "Golden Circle",
      "imageUrls": "https://cdn0.woolworths.media/content/wowproductimages/large/094950.jpg",
      "storeId": "woolworths",
      "packageSize": "6x250ml",
      "cupPrice": "$1.27 / 1L",
      "locations": {
        "ALL": {
          "price": 1.9,
          "discountRate": 50,
          "promo": "",
          "orgPrice": 3.8
        }
      },
      "categoryIds": ["w-drinks"],
      "similarProducts": []
    },
    {
      "id": "w-49967-9310179198349",
      "name": "Golden Circle Apple Raspberry Fruit Juice",
      "brand": "Golden Circle",
      "imageUrls": "https://cdn0.woolworths.media/content/wowproductimages/large/049967.jpg",
      "storeId": "woolworths",
      "packageSize": "6x250ml",
      "cupPrice": "$1.27 / 1L",
      "locations": {
        "ALL": {
          "price": 1.9,
          "discountRate": 50,
          "promo": "",
          "orgPrice": 3.8
        }
      },
      "categoryIds": ["w-drinks"],
      "similarProducts": []
    },
    {
      "id": "w-534560-9310179009300",
      "name": "Golden Circle Apple Splash Fruit Drink Fruit Drink",
      "brand": "Golden Circle",
      "imageUrls": "https://cdn0.woolworths.media/content/wowproductimages/large/534560.jpg",
      "storeId": "woolworths",
      "packageSize": "1l",
      "cupPrice": "$1.50 / 1L",
      "locations": {
        "ALL": {
          "price": 1.5,
          "discountRate": 30,
          "promo": "",
          "orgPrice": 2.15
        }
      },
      "categoryIds": ["w-drinks"],
      "similarProducts": []
    },
    {
      "id": "w-43802-9310179005159",
      "name": "Golden Circle Drink Tropical",
      "brand": "Golden Circle",
      "imageUrls": "https://cdn0.woolworths.media/content/wowproductimages/large/043802.jpg",
      "storeId": "woolworths",
      "packageSize": "6x250ml",
      "cupPrice": "$1.27 / 1L",
      "locations": {
        "ALL": {
          "price": 1.9,
          "discountRate": 50,
          "promo": "",
          "orgPrice": 3.8
        }
      },
      "categoryIds": ["w-drinks"],
      "similarProducts": []
    },
    {
      "id": "w-477416-9310179191401",
      "name": "Golden Circle Fruit Juice Apple",
      "brand": "Golden Circle",
      "imageUrls": "https://cdn0.woolworths.media/content/wowproductimages/large/477416.jpg",
      "storeId": "woolworths",
      "packageSize": "6x200ml",
      "cupPrice": "$1.88 / 1L",
      "locations": {
        "ALL": {
          "price": 2.25,
          "discountRate": 25,
          "promo": "",
          "orgPrice": 3
        }
      },
      "categoryIds": ["w-drinks", "w-lunch-box"],
      "similarProducts": []
    },
    {
      "id": "w-477442-9310179191425",
      "name": "Golden Circle Fruit Juice Apple Mango",
      "brand": "Golden Circle",
      "imageUrls": "https://cdn0.woolworths.media/content/wowproductimages/large/477442.jpg",
      "storeId": "woolworths",
      "packageSize": "6x200ml",
      "cupPrice": "$1.88 / 1L",
      "locations": {
        "ALL": {
          "price": 2.25,
          "discountRate": 25,
          "promo": "",
          "orgPrice": 3
        }
      },
      "categoryIds": ["w-drinks", "w-lunch-box"],
      "similarProducts": []
    },
    {
      "id": "w-7556-9310179006767",
      "name": "Golden Circle Golden Pash Fruit Drink",
      "brand": "Golden Circle",
      "imageUrls": "https://cdn0.woolworths.media/content/wowproductimages/large/007556.jpg",
      "storeId": "woolworths",
      "packageSize": "1l",
      "cupPrice": "$1.50 / 1L",
      "locations": {
        "ALL": {
          "price": 1.5,
          "discountRate": 30,
          "promo": "",
          "orgPrice": 2.15
        }
      },
      "categoryIds": ["w-drinks"],
      "similarProducts": []
    },
    {
      "id": "w-7576-9310179007191",
      "name": "Golden Circle Juice Golden Pash Drink Multipack",
      "brand": "Golden Circle",
      "imageUrls": "https://cdn0.woolworths.media/content/wowproductimages/large/007576.jpg",
      "storeId": "woolworths",
      "packageSize": "6x250ml",
      "cupPrice": "$1.27 / 1L",
      "locations": {
        "ALL": {
          "price": 1.9,
          "discountRate": 50,
          "promo": "",
          "orgPrice": 3.8
        }
      },
      "categoryIds": ["w-drinks"],
      "similarProducts": []
    },
    {
      "id": "w-32747-9310179006682",
      "name": "Golden Circle Orange Fruit Drink",
      "brand": "Golden Circle",
      "imageUrls": "https://cdn0.woolworths.media/content/wowproductimages/large/032747.jpg",
      "storeId": "woolworths",
      "packageSize": "1l",
      "cupPrice": "$1.50 / 1L",
      "locations": {
        "ALL": {
          "price": 1.5,
          "discountRate": 30,
          "promo": "",
          "orgPrice": 2.15
        }
      },
      "categoryIds": ["w-drinks"],
      "similarProducts": []
    },
    {
      "id": "w-43801-9310179005142",
      "name": "Golden Circle Orange Drink Multipack",
      "brand": "Golden Circle",
      "imageUrls": "https://cdn0.woolworths.media/content/wowproductimages/large/043801.jpg",
      "storeId": "woolworths",
      "packageSize": "6x250ml",
      "cupPrice": "$1.27 / 1L",
      "locations": {
        "ALL": {
          "price": 1.9,
          "discountRate": 50,
          "promo": "",
          "orgPrice": 3.8
        }
      },
      "categoryIds": ["w-drinks"],
      "similarProducts": []
    },
    {
      "id": "w-32749-9310179009294",
      "name": "Golden Circle Pine Orange Fruit Drink",
      "brand": "Golden Circle",
      "imageUrls": "https://cdn0.woolworths.media/content/wowproductimages/large/032749.jpg",
      "storeId": "woolworths",
      "packageSize": "1l",
      "cupPrice": "$1.50 / 1L",
      "locations": {
        "ALL": {
          "price": 1.5,
          "discountRate": 30,
          "promo": "",
          "orgPrice": 2.15
        }
      },
      "categoryIds": ["w-drinks"],
      "similarProducts": []
    },
    {
      "id": "w-43800-9310179007221",
      "name": "Golden Circle Pine Orange Fruit Juice",
      "brand": "Golden Circle",
      "imageUrls": "https://cdn0.woolworths.media/content/wowproductimages/large/043800.jpg",
      "storeId": "woolworths",
      "packageSize": "6x250ml",
      "cupPrice": "$1.27 / 1L",
      "locations": {
        "ALL": {
          "price": 1.9,
          "discountRate": 50,
          "promo": "",
          "orgPrice": 3.8
        }
      },
      "categoryIds": ["w-drinks"],
      "similarProducts": []
    },
    {
      "id": "w-92483-9310179007825",
      "name": "Golden Circle Pineapple & Coconut Fruit Drink",
      "brand": "Golden Circle",
      "imageUrls": "https://cdn0.woolworths.media/content/wowproductimages/large/092483.jpg",
      "storeId": "woolworths",
      "packageSize": "1l",
      "cupPrice": "$1.50 / 1L",
      "locations": {
        "ALL": {
          "price": 1.5,
          "discountRate": 30,
          "promo": "",
          "orgPrice": 2.15
        }
      },
      "categoryIds": ["w-drinks"],
      "similarProducts": []
    },
    {
      "id": "w-34543-9310179006712",
      "name": "Golden Circle Pineapple & Mango Fruit Drink",
      "brand": "Golden Circle",
      "imageUrls": "https://cdn0.woolworths.media/content/wowproductimages/large/034543.jpg",
      "storeId": "woolworths",
      "packageSize": "1l",
      "cupPrice": "$1.50 / 1L",
      "locations": {
        "ALL": {
          "price": 1.5,
          "discountRate": 30,
          "promo": "",
          "orgPrice": 2.15
        }
      },
      "categoryIds": ["w-drinks"],
      "similarProducts": []
    },
    {
      "id": "w-49969-9310179198332",
      "name": "Golden Circle Summer Berries Fruit Juice",
      "brand": "Golden Circle",
      "imageUrls": "https://cdn0.woolworths.media/content/wowproductimages/large/049969.jpg",
      "storeId": "woolworths",
      "packageSize": "6x250ml",
      "cupPrice": "$1.27 / 1L",
      "locations": {
        "ALL": {
          "price": 1.9,
          "discountRate": 50,
          "promo": "",
          "orgPrice": 3.8
        }
      },
      "categoryIds": ["w-drinks"],
      "similarProducts": []
    },
    {
      "id": "w-35498-9310179009034",
      "name": "Golden Circle Sunshine Punch Fruit Drink",
      "brand": "Golden Circle",
      "imageUrls": "https://cdn0.woolworths.media/content/wowproductimages/large/035498.jpg",
      "storeId": "woolworths",
      "packageSize": "1l",
      "cupPrice": "$1.50 / 1L",
      "locations": {
        "ALL": {
          "price": 1.5,
          "discountRate": 30,
          "promo": "",
          "orgPrice": 2.15
        }
      },
      "categoryIds": ["w-drinks"],
      "similarProducts": []
    },
    {
      "id": "w-36182-9310179007283",
      "name": "Golden Circle Sunshine Punch Fruit Juice",
      "brand": "Golden Circle",
      "imageUrls": "https://cdn0.woolworths.media/content/wowproductimages/large/036182.jpg",
      "storeId": "woolworths",
      "packageSize": "6x250ml",
      "cupPrice": "$1.27 / 1L",
      "locations": {
        "ALL": {
          "price": 1.9,
          "discountRate": 50,
          "promo": "",
          "orgPrice": 3.8
        }
      },
      "categoryIds": ["w-drinks"],
      "similarProducts": []
    },
    {
      "id": "w-33981-9310179006699",
      "name": "Golden Circle Tropical Punch Fruit Drink",
      "brand": "Golden Circle",
      "imageUrls": "https://cdn0.woolworths.media/content/wowproductimages/large/033981.jpg",
      "storeId": "woolworths",
      "packageSize": "1l",
      "cupPrice": "$1.50 / 1L",
      "locations": {
        "ALL": {
          "price": 1.5,
          "discountRate": 30,
          "promo": "",
          "orgPrice": 2.15
        }
      },
      "categoryIds": ["w-drinks"],
      "similarProducts": []
    },
    {
      "id": "w-69722-9310122704887",
      "name": "Good Earth Kombucha Lemongrass & Ginger",
      "brand": "Good Earth",
      "imageUrls": "https://cdn0.woolworths.media/content/wowproductimages/large/069722.jpg",
      "storeId": "woolworths",
      "packageSize": "750ml",
      "cupPrice": "$5.33 / 1L",
      "locations": {
        "ALL": {
          "price": 4,
          "discountRate": 32,
          "promo": "",
          "orgPrice": 5.85
        }
      },
      "categoryIds": ["w-drinks"],
      "similarProducts": []
    },
    {
      "id": "w-68957-9310122704917",
      "name": "Good Earth Kombucha Lime & Mint",
      "brand": "Good Earth",
      "imageUrls": "https://cdn0.woolworths.media/content/wowproductimages/large/068957.jpg",
      "storeId": "woolworths",
      "packageSize": "750ml",
      "cupPrice": "$5.33 / 1L",
      "locations": {
        "ALL": {
          "price": 4,
          "discountRate": 32,
          "promo": "",
          "orgPrice": 5.85
        }
      },
      "categoryIds": ["w-drinks"],
      "similarProducts": []
    },
    {
      "id": "w-69355-9310122704870",
      "name": "Good Earth Kombucha Passion Fruit & Lime",
      "brand": "Good Earth",
      "imageUrls": "https://cdn0.woolworths.media/content/wowproductimages/large/069355.jpg",
      "storeId": "woolworths",
      "packageSize": "750ml",
      "cupPrice": "$5.33 / 1L",
      "locations": {
        "ALL": {
          "price": 4,
          "discountRate": 32,
          "promo": "",
          "orgPrice": 5.85
        }
      },
      "categoryIds": ["w-drinks"],
      "similarProducts": []
    },
    {
      "id": "w-82857-9339655099994",
      "name": "H2coco Pure Pink Coconut Water",
      "brand": "H2coco",
      "imageUrls": "https://cdn0.woolworths.media/content/wowproductimages/large/082857.jpg",
      "storeId": "woolworths",
      "packageSize": "750ml",
      "cupPrice": "$5.33 / 1L",
      "locations": {
        "ALL": { "price": 4, "discountRate": 20, "promo": "", "orgPrice": 5 }
      },
      "categoryIds": ["w-drinks"],
      "similarProducts": []
    },
    {
      "id": "w-81498-9339655099970",
      "name": "H2coco Pure+ Collagen Coconut Water",
      "brand": "H2coco",
      "imageUrls": "https://cdn0.woolworths.media/content/wowproductimages/large/081498.jpg",
      "storeId": "woolworths",
      "packageSize": "750ml",
      "cupPrice": "$5.33 / 1L",
      "locations": {
        "ALL": { "price": 4, "discountRate": 20, "promo": "", "orgPrice": 5 }
      },
      "categoryIds": ["w-drinks"],
      "similarProducts": []
    },
    {
      "id": "w-83390-9339655099987",
      "name": "H2coco Pure+ Prebiotic Coconut Water",
      "brand": "H2coco",
      "imageUrls": "https://cdn0.woolworths.media/content/wowproductimages/large/083390.jpg",
      "storeId": "woolworths",
      "packageSize": "750ml",
      "cupPrice": "$5.33 / 1L",
      "locations": {
        "ALL": { "price": 4, "discountRate": 20, "promo": "", "orgPrice": 5 }
      },
      "categoryIds": ["w-drinks"],
      "similarProducts": []
    },
    {
      "id": "w-81568-9339655099956",
      "name": "H2juice Passionfruit With Prebiotic",
      "brand": "H2juice",
      "imageUrls": "https://cdn0.woolworths.media/content/wowproductimages/large/081568.jpg",
      "storeId": "woolworths",
      "packageSize": "1l",
      "cupPrice": "$4.40 / 1L",
      "locations": {
        "ALL": {
          "price": 4.4,
          "discountRate": 20,
          "promo": "",
          "orgPrice": 5.5
        }
      },
      "categoryIds": ["w-drinks"],
      "similarProducts": []
    },
    {
      "id": "w-81988-9339655099963",
      "name": "H2juice Pink Guava With Prebiotic",
      "brand": "H2juice",
      "imageUrls": "https://cdn0.woolworths.media/content/wowproductimages/large/081988.jpg",
      "storeId": "woolworths",
      "packageSize": "1l",
      "cupPrice": "$4.40 / 1L",
      "locations": {
        "ALL": {
          "price": 4.4,
          "discountRate": 20,
          "promo": "",
          "orgPrice": 5.5
        }
      },
      "categoryIds": ["w-drinks"],
      "similarProducts": []
    },
    {
      "id": "w-629052-9336243005993",
      "name": "Impressed Cold Pressed Jack Rose Juice",
      "brand": "Impressed",
      "imageUrls": "https://cdn0.woolworths.media/content/wowproductimages/large/629052.jpg",
      "storeId": "woolworths",
      "packageSize": "325ml",
      "cupPrice": "$9.23 / 1L",
      "locations": {
        "ALL": {
          "price": 3,
          "discountRate": 14,
          "promo": "",
          "orgPrice": 3.5
        }
      },
      "categoryIds": ["w-drinks"],
      "similarProducts": []
    },
    {
      "id": "w-843719-9336243005870",
      "name": "Impressed Cold Pressed Juice Summer Greens",
      "brand": "Impressed",
      "imageUrls": "https://cdn0.woolworths.media/content/wowproductimages/large/843719.jpg",
      "storeId": "woolworths",
      "packageSize": "325ml",
      "cupPrice": "$9.23 / 1L",
      "locations": {
        "ALL": {
          "price": 3,
          "discountRate": 14,
          "promo": "",
          "orgPrice": 3.5
        }
      },
      "categoryIds": ["w-drinks"],
      "similarProducts": []
    },
    {
      "id": "w-65513-9336243005719",
      "name": "Impressed Essentials Orange Juice With Plup",
      "brand": "Impressed",
      "imageUrls": "https://cdn0.woolworths.media/content/wowproductimages/large/065513.jpg",
      "storeId": "woolworths",
      "packageSize": "1l",
      "cupPrice": "$3.00 / 1L",
      "locations": {
        "ALL": {
          "price": 3,
          "discountRate": 14,
          "promo": "",
          "orgPrice": 3.5
        }
      },
      "categoryIds": ["w-drinks"],
      "similarProducts": []
    },
    {
      "id": "w-65620-9336243005740",
      "name": "Impressed Essentials Tropical Juice",
      "brand": "Impressed",
      "imageUrls": "https://cdn0.woolworths.media/content/wowproductimages/large/065620.jpg",
      "storeId": "woolworths",
      "packageSize": "1l",
      "cupPrice": "$3.00 / 1L",
      "locations": {
        "ALL": {
          "price": 3,
          "discountRate": 14,
          "promo": "",
          "orgPrice": 3.5
        }
      },
      "categoryIds": ["w-drinks"],
      "similarProducts": []
    },
    {
      "id": "w-46127-7612100175200",
      "name": "Jarrah Hot Chocolate Sachets",
      "brand": "Jarrah",
      "imageUrls": "https://cdn0.woolworths.media/content/wowproductimages/large/046127.jpg",
      "storeId": "woolworths",
      "packageSize": "10pk",
      "cupPrice": "$0.35 / 1EA",
      "locations": {
        "ALL": {
          "price": 3.5,
          "discountRate": 30,
          "promo": "",
          "orgPrice": 5
        }
      },
      "categoryIds": ["w-drinks"],
      "similarProducts": []
    },
    {
      "id": "w-207980-7612100113400",
      "name": "Jarrah Hot White Chocolate Sachets",
      "brand": "Jarrah",
      "imageUrls": "https://cdn0.woolworths.media/content/wowproductimages/large/207980.jpg",
      "storeId": "woolworths",
      "packageSize": "10pk",
      "cupPrice": "$0.35 / 1EA",
      "locations": {
        "ALL": {
          "price": 3.5,
          "discountRate": 30,
          "promo": "",
          "orgPrice": 5
        }
      },
      "categoryIds": ["w-drinks"],
      "similarProducts": []
    },
    {
      "id": "w-852937-7612100066126",
      "name": "Jarrah Mint Drinking Chocolate Sachets",
      "brand": "Jarrah",
      "imageUrls": "https://cdn0.woolworths.media/content/wowproductimages/large/852937.jpg",
      "storeId": "woolworths",
      "packageSize": "10pk 140g",
      "cupPrice": "$0.35 / 1EA",
      "locations": {
        "ALL": {
          "price": 3.5,
          "discountRate": 30,
          "promo": "",
          "orgPrice": 5
        }
      },
      "categoryIds": ["w-drinks"],
      "similarProducts": []
    },
    {
      "id": "w-856860-853057007283",
      "name": "Just Water Spring Water",
      "brand": "Just Water",
      "imageUrls": "https://cdn0.woolworths.media/content/wowproductimages/large/856860.jpg",
      "storeId": "woolworths",
      "packageSize": "500ml",
      "cupPrice": "$2.00 / 1L",
      "locations": {
        "ALL": {
          "price": 1,
          "discountRate": 33,
          "promo": "",
          "orgPrice": 1.5
        }
      },
      "categoryIds": ["w-drinks", "w-lunch-box"],
      "similarProducts": []
    },
    {
      "id": "w-73624-7393714505811",
      "name": "Kopparberg Non Alcoholic Apple Cider",
      "brand": "Kopparberg",
      "imageUrls": "https://cdn0.woolworths.media/content/wowproductimages/large/073624.jpg",
      "storeId": "woolworths",
      "packageSize": "330ml x4 pack",
      "cupPrice": "$4.17 / 1L",
      "locations": {
        "ALL": {
          "price": 5.5,
          "discountRate": 21,
          "promo": "",
          "orgPrice": 7
        }
      },
      "categoryIds": ["w-drinks"],
      "similarProducts": []
    },
    {
      "id": "w-73625-7393714505910",
      "name": "Kopparberg Non Alcoholic Strawberry Lime Cider",
      "brand": "Kopparberg",
      "imageUrls": "https://cdn0.woolworths.media/content/wowproductimages/large/073625.jpg",
      "storeId": "woolworths",
      "packageSize": "330ml x4 pack",
      "cupPrice": "$4.17 / 1L",
      "locations": {
        "ALL": {
          "price": 5.5,
          "discountRate": 21,
          "promo": "",
          "orgPrice": 7
        }
      },
      "categoryIds": ["w-drinks"],
      "similarProducts": []
    },
    {
      "id": "w-358322-41755008712",
      "name": "Langers Cranberry Fruit Drink",
      "brand": "Langers",
      "imageUrls": "https://cdn0.woolworths.media/content/wowproductimages/large/358322.jpg",
      "storeId": "woolworths",
      "packageSize": "1.89l",
      "cupPrice": "$1.59 / 1L",
      "locations": {
        "ALL": { "price": 3, "discountRate": 40, "promo": "", "orgPrice": 5 }
      },
      "categoryIds": ["w-drinks"],
      "similarProducts": []
    },
    {
      "id": "w-305554-9323966405971",
      "name": "Lindt Hot Chocolate Flakes Milk",
      "brand": "Lindt",
      "imageUrls": "https://cdn0.woolworths.media/content/wowproductimages/large/305554.jpg",
      "storeId": "woolworths",
      "packageSize": "210g",
      "cupPrice": "$3.10 / 100G",
      "locations": {
        "ALL": {
          "price": 6.5,
          "discountRate": 13,
          "promo": "",
          "orgPrice": 7.5
        }
      },
      "categoryIds": ["w-drinks"],
      "similarProducts": []
    },
    {
      "id": "w-99506-9340784004728",
      "name": "Lo Bros Organic Kombucha Cola",
      "brand": "Lo Bros",
      "imageUrls": "https://cdn0.woolworths.media/content/wowproductimages/large/099506.jpg",
      "storeId": "woolworths",
      "packageSize": "4 pack",
      "cupPrice": "$7.58 / 1L",
      "locations": {
        "ALL": {
          "price": 10,
          "discountRate": 17,
          "promo": "",
          "orgPrice": 12
        }
      },
      "categoryIds": ["w-drinks"],
      "similarProducts": []
    },
    {
      "id": "w-99050-9340784004711",
      "name": "Lo Bros Organic Kombucha Lemon Lime & Bitters",
      "brand": "Lo Bros",
      "imageUrls": "https://cdn0.woolworths.media/content/wowproductimages/large/099050.jpg",
      "storeId": "woolworths",
      "packageSize": "4 pack",
      "cupPrice": "$7.58 / 1L",
      "locations": {
        "ALL": {
          "price": 10,
          "discountRate": 17,
          "promo": "",
          "orgPrice": 12
        }
      },
      "categoryIds": ["w-drinks"],
      "similarProducts": []
    },
    {
      "id": "w-101457-9340784004704",
      "name": "Lo Bros Organic Kombucha Raspberry & Lemon",
      "brand": "Lo Bros",
      "imageUrls": "https://cdn0.woolworths.media/content/wowproductimages/large/101457.jpg",
      "storeId": "woolworths",
      "packageSize": "4 pack",
      "cupPrice": "$7.58 / 1L",
      "locations": {
        "ALL": {
          "price": 10,
          "discountRate": 17,
          "promo": "",
          "orgPrice": 12
        }
      },
      "categoryIds": ["w-drinks"],
      "similarProducts": []
    },
    {
      "id": "w-769415-9300673814807",
      "name": "Lucozade Orange Energy Drink",
      "brand": "Lucozade",
      "imageUrls": "https://cdn0.woolworths.media/content/wowproductimages/large/769415.jpg",
      "storeId": "woolworths",
      "packageSize": "380ml",
      "cupPrice": "$6.58 / 1L",
      "locations": {
        "ALL": {
          "price": 2.5,
          "discountRate": 11,
          "promo": "",
          "orgPrice": 2.8
        }
      },
      "categoryIds": ["w-drinks"],
      "similarProducts": []
    },
    {
      "id": "w-769446-9300673814463",
      "name": "Lucozade Original Energy Drink",
      "brand": "Lucozade",
      "imageUrls": "https://cdn0.woolworths.media/content/wowproductimages/large/769446.jpg",
      "storeId": "woolworths",
      "packageSize": "380ml",
      "cupPrice": "$6.58 / 1L",
      "locations": {
        "ALL": {
          "price": 2.5,
          "discountRate": 11,
          "promo": "",
          "orgPrice": 2.8
        }
      },
      "categoryIds": ["w-drinks"],
      "similarProducts": []
    },
    {
      "id": "w-739656-9310113900977",
      "name": "Mildura Orange Fruit Drink",
      "brand": "Mildura",
      "imageUrls": "https://cdn0.woolworths.media/content/wowproductimages/large/739656.jpg",
      "storeId": "woolworths",
      "packageSize": "3l",
      "cupPrice": "$1.33 / 1L",
      "locations": {
        "ALL": {
          "price": 4,
          "discountRate": 17,
          "promo": "",
          "orgPrice": 4.8
        }
      },
      "categoryIds": ["w-drinks"],
      "similarProducts": []
    },
    {
      "id": "w-739869-9310113900991",
      "name": "Mildura Orange & Mango Fruit Drink",
      "brand": "Mildura",
      "imageUrls": "https://cdn0.woolworths.media/content/wowproductimages/large/739869.jpg",
      "storeId": "woolworths",
      "packageSize": "3l",
      "cupPrice": "$1.33 / 1L",
      "locations": {
        "ALL": {
          "price": 4,
          "discountRate": 17,
          "promo": "",
          "orgPrice": 4.8
        }
      },
      "categoryIds": ["w-drinks"],
      "similarProducts": []
    },
    {
      "id": "w-739660-9310113900984",
      "name": "Mildura Orange & Passionfruit Fruit Drink",
      "brand": "Mildura",
      "imageUrls": "https://cdn0.woolworths.media/content/wowproductimages/large/739660.jpg",
      "storeId": "woolworths",
      "packageSize": "3l",
      "cupPrice": "$1.33 / 1L",
      "locations": {
        "ALL": {
          "price": 4,
          "discountRate": 17,
          "promo": "",
          "orgPrice": 4.8
        }
      },
      "categoryIds": ["w-drinks"],
      "similarProducts": []
    },
    {
      "id": "w-101534-93559485",
      "name": "Mojo Berrytown Gut Shot",
      "brand": "Mojo",
      "imageUrls": "https://cdn0.woolworths.media/content/wowproductimages/large/101534.jpg",
      "storeId": "woolworths",
      "packageSize": "55ml",
      "cupPrice": "$45.45 / 1L",
      "locations": {
        "ALL": {
          "price": 2.5,
          "discountRate": 29,
          "promo": "",
          "orgPrice": 3.5
        }
      },
      "categoryIds": ["w-drinks"],
      "similarProducts": []
    },
    {
      "id": "w-101542-93559461",
      "name": "Mojo Ginger Spice Gut Shot",
      "brand": "Mojo",
      "imageUrls": "https://cdn0.woolworths.media/content/wowproductimages/large/101542.jpg",
      "storeId": "woolworths",
      "packageSize": "55ml",
      "cupPrice": "$45.45 / 1L",
      "locations": {
        "ALL": {
          "price": 2.5,
          "discountRate": 29,
          "promo": "",
          "orgPrice": 3.5
        }
      },
      "categoryIds": ["w-drinks"],
      "similarProducts": []
    },
    {
      "id": "w-523299-9345107000098",
      "name": "Mojo Kombucha Ginger",
      "brand": "Mojo",
      "imageUrls": "https://cdn0.woolworths.media/content/wowproductimages/large/523299.jpg",
      "storeId": "woolworths",
      "packageSize": "450ml",
      "cupPrice": "$7.78 / 1L",
      "locations": {
        "ALL": {
          "price": 3.5,
          "discountRate": 13,
          "promo": "",
          "orgPrice": 4
        }
      },
      "categoryIds": ["w-drinks"],
      "similarProducts": []
    },
    {
      "id": "w-809009-9345107000357",
      "name": "Mojo Kombucha Mango Lime",
      "brand": "Mojo",
      "imageUrls": "https://cdn0.woolworths.media/content/wowproductimages/large/809009.jpg",
      "storeId": "woolworths",
      "packageSize": "450ml",
      "cupPrice": "$7.78 / 1L",
      "locations": {
        "ALL": {
          "price": 3.5,
          "discountRate": 13,
          "promo": "",
          "orgPrice": 4
        }
      },
      "categoryIds": ["w-drinks"],
      "similarProducts": []
    },
    {
      "id": "w-624106-9345107000180",
      "name": "Mojo Kombucha Passionfruit",
      "brand": "Mojo",
      "imageUrls": "https://cdn0.woolworths.media/content/wowproductimages/large/624106.jpg",
      "storeId": "woolworths",
      "packageSize": "450ml",
      "cupPrice": "$7.78 / 1L",
      "locations": {
        "ALL": {
          "price": 3.5,
          "discountRate": 13,
          "promo": "",
          "orgPrice": 4
        }
      },
      "categoryIds": ["w-drinks"],
      "similarProducts": []
    },
    {
      "id": "w-19030-9345107000388",
      "name": "Mojo Kombucha Raspberry Blueberry",
      "brand": "Mojo",
      "imageUrls": "https://cdn0.woolworths.media/content/wowproductimages/large/019030.jpg",
      "storeId": "woolworths",
      "packageSize": "450ml",
      "cupPrice": "$7.78 / 1L",
      "locations": {
        "ALL": {
          "price": 3.5,
          "discountRate": 13,
          "promo": "",
          "orgPrice": 4
        }
      },
      "categoryIds": ["w-drinks"],
      "similarProducts": []
    },
    {
      "id": "w-511504-9342866000536",
      "name": "Monster Energy Drink Ultra Zero",
      "brand": "Monster",
      "imageUrls": "https://cdn0.woolworths.media/content/wowproductimages/large/511504.jpg",
      "storeId": "woolworths",
      "packageSize": "4x500ml pack",
      "cupPrice": "$3.50 / 1L",
      "locations": {
        "ALL": {
          "price": 7,
          "discountRate": 40,
          "promo": "",
          "orgPrice": 11.7
        }
      },
      "categoryIds": ["w-drinks"],
      "similarProducts": []
    },
    {
      "id": "w-361734-9342866000208",
      "name": "Monster Energy Drink",
      "brand": "Monster",
      "imageUrls": "https://cdn0.woolworths.media/content/wowproductimages/large/361734.jpg",
      "storeId": "woolworths",
      "packageSize": "4x500ml",
      "cupPrice": "$3.50 / 1L",
      "locations": {
        "ALL": {
          "price": 7,
          "discountRate": 40,
          "promo": "",
          "orgPrice": 11.7
        }
      },
      "categoryIds": ["w-drinks"],
      "similarProducts": []
    },
    {
      "id": "w-708119-9342866000642",
      "name": "Monster Energy Juice Mango Loco",
      "brand": "Monster",
      "imageUrls": "https://cdn0.woolworths.media/content/wowproductimages/large/708119.jpg",
      "storeId": "woolworths",
      "packageSize": "4 pack",
      "cupPrice": "$3.50 / 1L",
      "locations": {
        "ALL": {
          "price": 7,
          "discountRate": 40,
          "promo": "",
          "orgPrice": 11.7
        }
      },
      "categoryIds": ["w-drinks"],
      "similarProducts": []
    },
    {
      "id": "w-332732-9300624017608",
      "name": "Mount Franklin Lightly Sparkling Lemon Water",
      "brand": "Mount Franklin",
      "imageUrls": "https://cdn0.woolworths.media/content/wowproductimages/large/332732.jpg",
      "storeId": "woolworths",
      "packageSize": "1.25l",
      "cupPrice": "$1.60 / 1L",
      "locations": {
        "ALL": {
          "price": 2,
          "discountRate": 22,
          "promo": "",
          "orgPrice": 2.55
        }
      },
      "categoryIds": ["w-drinks"],
      "similarProducts": []
    },
    {
      "id": "w-725866-9300624017622",
      "name": "Mount Franklin Lightly Sparkling Lime Water",
      "brand": "Mount Franklin",
      "imageUrls": "https://cdn0.woolworths.media/content/wowproductimages/large/725866.jpg",
      "storeId": "woolworths",
      "packageSize": "1.25l",
      "cupPrice": "$1.60 / 1L",
      "locations": {
        "ALL": {
          "price": 2,
          "discountRate": 22,
          "promo": "",
          "orgPrice": 2.55
        }
      },
      "categoryIds": ["w-drinks"],
      "similarProducts": []
    },
    {
      "id": "w-332730-9300624017585",
      "name": "Mount Franklin Lightly Sparkling Mineral Water",
      "brand": "Mount Franklin",
      "imageUrls": "https://cdn0.woolworths.media/content/wowproductimages/large/332730.jpg",
      "storeId": "woolworths",
      "packageSize": "1.25l",
      "cupPrice": "$1.60 / 1L",
      "locations": {
        "ALL": {
          "price": 2,
          "discountRate": 22,
          "promo": "",
          "orgPrice": 2.55
        }
      },
      "categoryIds": ["w-drinks"],
      "similarProducts": []
    },
    {
      "id": "w-77938-9300624034179",
      "name": "Mount Franklin Lightly Sparkling Lime",
      "brand": "Mount Franklin",
      "imageUrls": "https://cdn0.woolworths.media/content/wowproductimages/large/077938.jpg",
      "storeId": "woolworths",
      "packageSize": "10x375ml",
      "cupPrice": "$1.73 / 1L",
      "locations": {
        "ALL": {
          "price": 6.5,
          "discountRate": 47,
          "promo": "",
          "orgPrice": 12.3
        }
      },
      "categoryIds": ["w-drinks"],
      "similarProducts": []
    },
    {
      "id": "w-80047-9300624034148",
      "name": "Mount Franklin Lightly Sparkling Raspberry",
      "brand": "Mount Franklin",
      "imageUrls": "https://cdn0.woolworths.media/content/wowproductimages/large/080047.jpg",
      "storeId": "woolworths",
      "packageSize": "10x375ml",
      "cupPrice": "$1.73 / 1L",
      "locations": {
        "ALL": {
          "price": 6.5,
          "discountRate": 47,
          "promo": "",
          "orgPrice": 12.3
        }
      },
      "categoryIds": ["w-drinks"],
      "similarProducts": []
    },
    {
      "id": "w-15917-9300624364061",
      "name": "Mount Franklin Spring Water Bottle",
      "brand": "Mount Franklin",
      "imageUrls": "https://cdn0.woolworths.media/content/wowproductimages/large/015917.jpg",
      "storeId": "woolworths",
      "packageSize": "1.5l",
      "cupPrice": "$1.33 / 1L",
      "locations": {
        "ALL": {
          "price": 2,
          "discountRate": 26,
          "promo": "",
          "orgPrice": 2.7
        }
      },
      "categoryIds": ["w-drinks"],
      "similarProducts": []
    },
    {
      "id": "w-62335-9313820002439",
      "name": "Mountain Dew Cans",
      "brand": "Mountain Dew",
      "imageUrls": "https://cdn0.woolworths.media/content/wowproductimages/large/062335.jpg",
      "storeId": "woolworths",
      "packageSize": "375ml x24 case",
      "cupPrice": "$1.67 / 1L",
      "locations": {
        "ALL": {
          "price": 15,
          "discountRate": 29,
          "promo": "",
          "orgPrice": 21
        }
      },
      "categoryIds": ["w-drinks"],
      "similarProducts": []
    },
    {
      "id": "w-192985-9300605000926",
      "name": "Nestle Milo Choc-malt",
      "brand": "Nestle",
      "imageUrls": "https://cdn0.woolworths.media/content/wowproductimages/large/192985.jpg",
      "storeId": "woolworths",
      "packageSize": "1kg",
      "cupPrice": "$1.00 / 100G",
      "locations": {
        "ALL": {
          "price": 10,
          "discountRate": 20,
          "promo": "",
          "orgPrice": 12.5
        }
      },
      "categoryIds": ["w-drinks"],
      "similarProducts": []
    },
    {
      "id": "w-69837-9348207001460",
      "name": "Nexba Sugar Free Classic Tonic Water",
      "brand": "Nexba",
      "imageUrls": "https://cdn0.woolworths.media/content/wowproductimages/large/069837.jpg",
      "storeId": "woolworths",
      "packageSize": "250ml x4 pack",
      "cupPrice": "$4.50 / 1L",
      "locations": {
        "ALL": {
          "price": 4.5,
          "discountRate": 17,
          "promo": "",
          "orgPrice": 5.4
        }
      },
      "categoryIds": ["w-drinks"],
      "similarProducts": []
    },
    {
      "id": "w-71289-9348207001484",
      "name": "Nexba Sugar Free Lime Cucumber & Mint Tonic Water",
      "brand": "Nexba",
      "imageUrls": "https://cdn0.woolworths.media/content/wowproductimages/large/071289.jpg",
      "storeId": "woolworths",
      "packageSize": "250ml x4 pack",
      "cupPrice": "$4.50 / 1L",
      "locations": {
        "ALL": {
          "price": 4.5,
          "discountRate": 17,
          "promo": "",
          "orgPrice": 5.4
        }
      },
      "categoryIds": ["w-drinks"],
      "similarProducts": []
    },
    {
      "id": "w-81274-9335388001785",
      "name": "Nu Pure Still Spring Water",
      "brand": "Nu Pure",
      "imageUrls": "https://cdn0.woolworths.media/content/wowproductimages/large/081274.jpg",
      "storeId": "woolworths",
      "packageSize": "20x600ml",
      "cupPrice": "$0.42 / 1L",
      "locations": {
        "ALL": { "price": 5, "discountRate": 17, "promo": "", "orgPrice": 6 }
      },
      "categoryIds": ["w-drinks", "w-lunch-box"],
      "similarProducts": []
    },
    {
      "id": "w-22956-9332991002130",
      "name": "Nudie Kids Tetra Apple",
      "brand": "Nudie",
      "imageUrls": "https://cdn0.woolworths.media/content/wowproductimages/large/022956.jpg",
      "storeId": "woolworths",
      "packageSize": "200ml",
      "cupPrice": "$5.00 / 1L",
      "locations": {
        "ALL": {
          "price": 1,
          "discountRate": 29,
          "promo": "",
          "orgPrice": 1.4
        }
      },
      "categoryIds": ["w-drinks"],
      "similarProducts": []
    },
    {
      "id": "w-22935-9332991002338",
      "name": "Nudie Kids Tetra Orange",
      "brand": "Nudie",
      "imageUrls": "https://cdn0.woolworths.media/content/wowproductimages/large/022935.jpg",
      "storeId": "woolworths",
      "packageSize": "200ml",
      "cupPrice": "$5.00 / 1L",
      "locations": {
        "ALL": {
          "price": 1,
          "discountRate": 29,
          "promo": "",
          "orgPrice": 1.4
        }
      },
      "categoryIds": ["w-drinks"],
      "similarProducts": []
    },
    {
      "id": "w-22941-9332991002345",
      "name": "Nudie Kids Tetra Tropical",
      "brand": "Nudie",
      "imageUrls": "https://cdn0.woolworths.media/content/wowproductimages/large/022941.jpg",
      "storeId": "woolworths",
      "packageSize": "200ml",
      "cupPrice": "$5.00 / 1L",
      "locations": {
        "ALL": {
          "price": 1,
          "discountRate": 29,
          "promo": "",
          "orgPrice": 1.4
        }
      },
      "categoryIds": ["w-drinks"],
      "similarProducts": []
    },
    {
      "id": "w-106351-9313068301134",
      "name": "Original Juice Grapefruit Juice",
      "brand": "Original Juice",
      "imageUrls": "https://cdn0.woolworths.media/content/wowproductimages/large/106351.jpg",
      "storeId": "woolworths",
      "packageSize": "1.5l",
      "cupPrice": "$3.00 / 1L",
      "locations": {
        "ALL": {
          "price": 4.5,
          "discountRate": 10,
          "promo": "",
          "orgPrice": 5
        }
      },
      "categoryIds": ["w-drinks"],
      "similarProducts": []
    },
    {
      "id": "w-159977-9313068301523",
      "name": "Original Juice Orange Juice",
      "brand": "Original Juice",
      "imageUrls": "https://cdn0.woolworths.media/content/wowproductimages/large/159977.jpg",
      "storeId": "woolworths",
      "packageSize": "600ml",
      "cupPrice": "$4.50 / 1L",
      "locations": {
        "ALL": {
          "price": 2.7,
          "discountRate": 10,
          "promo": "",
          "orgPrice": 3
        }
      },
      "categoryIds": ["w-drinks"],
      "similarProducts": []
    },
    {
      "id": "w-88470-9313068300977",
      "name": "Original Juice Orange Juice",
      "brand": "Original Juice",
      "imageUrls": "https://cdn0.woolworths.media/content/wowproductimages/large/088470.jpg",
      "storeId": "woolworths",
      "packageSize": "1.5l",
      "cupPrice": "$3.00 / 1L",
      "locations": {
        "ALL": {
          "price": 4.5,
          "discountRate": 10,
          "promo": "",
          "orgPrice": 5
        }
      },
      "categoryIds": ["w-drinks"],
      "similarProducts": []
    },
    {
      "id": "w-263094-9313068201540",
      "name": "Original Juice Pulp Free Orange Juice",
      "brand": "Original Juice",
      "imageUrls": "https://cdn0.woolworths.media/content/wowproductimages/large/263094.jpg",
      "storeId": "woolworths",
      "packageSize": "1.5l",
      "cupPrice": "$3.00 / 1L",
      "locations": {
        "ALL": {
          "price": 4.5,
          "discountRate": 10,
          "promo": "",
          "orgPrice": 5
        }
      },
      "categoryIds": ["w-drinks"],
      "similarProducts": []
    },
    {
      "id": "w-14310-9313820001159",
      "name": "Pepsi Cans",
      "brand": "Pepsi",
      "imageUrls": "https://cdn0.woolworths.media/content/wowproductimages/large/014310.jpg",
      "storeId": "woolworths",
      "packageSize": "24x375ml",
      "cupPrice": "$1.67 / 1L",
      "locations": {
        "ALL": {
          "price": 15,
          "discountRate": 29,
          "promo": "",
          "orgPrice": 21
        }
      },
      "categoryIds": ["w-drinks"],
      "similarProducts": []
    },
    {
      "id": "w-54291-9313820016146",
      "name": "Pepsi Max Cans",
      "brand": "Pepsi",
      "imageUrls": "https://cdn0.woolworths.media/content/wowproductimages/large/054291.jpg",
      "storeId": "woolworths",
      "packageSize": "24x375ml",
      "cupPrice": "$1.67 / 1L",
      "locations": {
        "ALL": {
          "price": 15,
          "discountRate": 29,
          "promo": "",
          "orgPrice": 21
        }
      },
      "categoryIds": ["w-drinks"],
      "similarProducts": []
    },
    {
      "id": "w-782321-9313820002057",
      "name": "Pepsi Max Mini Cans",
      "brand": "Pepsi",
      "imageUrls": "https://cdn0.woolworths.media/content/wowproductimages/large/782321.jpg",
      "storeId": "woolworths",
      "packageSize": "6x200ml",
      "cupPrice": "$3.75 / 1L",
      "locations": {
        "ALL": {
          "price": 4.5,
          "discountRate": 15,
          "promo": "",
          "orgPrice": 5.3
        }
      },
      "categoryIds": ["w-drinks"],
      "similarProducts": []
    },
    {
      "id": "w-103984-9315626006741",
      "name": "Pop Tops Apple Blackcurrant Drink",
      "brand": "Pop Tops",
      "imageUrls": "https://cdn0.woolworths.media/content/wowproductimages/large/103984.jpg",
      "storeId": "woolworths",
      "packageSize": "250ml x6 pack",
      "cupPrice": "$2.33 / 1L",
      "locations": {
        "ALL": {
          "price": 3.5,
          "discountRate": 20,
          "promo": "",
          "orgPrice": 4.4
        }
      },
      "categoryIds": ["w-drinks", "w-lunch-box"],
      "similarProducts": []
    },
    {
      "id": "w-35849-9315626004853",
      "name": "Pop Tops Apple Drink",
      "brand": "Pop Tops",
      "imageUrls": "https://cdn0.woolworths.media/content/wowproductimages/large/035849.jpg",
      "storeId": "woolworths",
      "packageSize": "250ml x6 pack",
      "cupPrice": "$2.33 / 1L",
      "locations": {
        "ALL": {
          "price": 3.5,
          "discountRate": 20,
          "promo": "",
          "orgPrice": 4.4
        }
      },
      "categoryIds": ["w-drinks", "w-lunch-box"],
      "similarProducts": []
    },
    {
      "id": "w-51557-9300675087902",
      "name": "Powerade Active Water Apple & Peach",
      "brand": "Powerade",
      "imageUrls": "https://cdn0.woolworths.media/content/wowproductimages/large/051557.jpg",
      "storeId": "woolworths",
      "packageSize": "600ml",
      "cupPrice": "$2.92 / 1L",
      "locations": {
        "ALL": {
          "price": 1.75,
          "discountRate": 50,
          "promo": "",
          "orgPrice": 3.5
        }
      },
      "categoryIds": ["w-drinks"],
      "similarProducts": []
    },
    {
      "id": "w-51569-9300675087889",
      "name": "Powerade Active Water Mango",
      "brand": "Powerade",
      "imageUrls": "https://cdn0.woolworths.media/content/wowproductimages/large/051569.jpg",
      "storeId": "woolworths",
      "packageSize": "600ml",
      "cupPrice": "$2.92 / 1L",
      "locations": {
        "ALL": {
          "price": 1.75,
          "discountRate": 50,
          "promo": "",
          "orgPrice": 3.5
        }
      },
      "categoryIds": ["w-drinks"],
      "similarProducts": []
    },
    {
      "id": "w-365189-9300675024075",
      "name": "Powerade Berry Ice Flo Cap",
      "brand": "Powerade",
      "imageUrls": "https://cdn0.woolworths.media/content/wowproductimages/large/365189.jpg",
      "storeId": "woolworths",
      "packageSize": "600ml",
      "cupPrice": "$4.17 / 1L",
      "locations": {
        "ALL": {
          "price": 2.5,
          "discountRate": 29,
          "promo": "",
          "orgPrice": 3.5
        }
      },
      "categoryIds": ["w-drinks"],
      "similarProducts": []
    },
    {
      "id": "w-279908-9300675035965",
      "name": "Powerade Blackcurrant Flo Cap",
      "brand": "Powerade",
      "imageUrls": "https://cdn0.woolworths.media/content/wowproductimages/large/279908.jpg",
      "storeId": "woolworths",
      "packageSize": "600ml",
      "cupPrice": "$4.17 / 1L",
      "locations": {
        "ALL": {
          "price": 2.5,
          "discountRate": 29,
          "promo": "",
          "orgPrice": 3.5
        }
      },
      "categoryIds": ["w-drinks"],
      "similarProducts": []
    },
    {
      "id": "w-365186-9300624008330",
      "name": "Powerade Gold Rush Flo Cap",
      "brand": "Powerade",
      "imageUrls": "https://cdn0.woolworths.media/content/wowproductimages/large/365186.jpg",
      "storeId": "woolworths",
      "packageSize": "600ml",
      "cupPrice": "$4.17 / 1L",
      "locations": {
        "ALL": {
          "price": 2.5,
          "discountRate": 29,
          "promo": "",
          "orgPrice": 3.5
        }
      },
      "categoryIds": ["w-drinks"],
      "similarProducts": []
    },
    {
      "id": "w-365548-9300675024051",
      "name": "Powerade Lemon Lime Flo Cap",
      "brand": "Powerade",
      "imageUrls": "https://cdn0.woolworths.media/content/wowproductimages/large/365548.jpg",
      "storeId": "woolworths",
      "packageSize": "600ml",
      "cupPrice": "$4.17 / 1L",
      "locations": {
        "ALL": {
          "price": 2.5,
          "discountRate": 29,
          "promo": "",
          "orgPrice": 3.5
        }
      },
      "categoryIds": ["w-drinks"],
      "similarProducts": []
    },
    {
      "id": "w-365190-9300624008354",
      "name": "Powerade Mountain Blast Flo Cap",
      "brand": "Powerade",
      "imageUrls": "https://cdn0.woolworths.media/content/wowproductimages/large/365190.jpg",
      "storeId": "woolworths",
      "packageSize": "600ml",
      "cupPrice": "$4.17 / 1L",
      "locations": {
        "ALL": {
          "price": 2.5,
          "discountRate": 29,
          "promo": "",
          "orgPrice": 3.5
        }
      },
      "categoryIds": ["w-drinks"],
      "similarProducts": []
    },
    {
      "id": "w-678650-9300675083355",
      "name": "Powerade Pineapple Storm",
      "brand": "Powerade",
      "imageUrls": "https://cdn0.woolworths.media/content/wowproductimages/large/678650.jpg",
      "storeId": "woolworths",
      "packageSize": "600ml",
      "cupPrice": "$4.17 / 1L",
      "locations": {
        "ALL": {
          "price": 2.5,
          "discountRate": 29,
          "promo": "",
          "orgPrice": 3.5
        }
      },
      "categoryIds": ["w-drinks"],
      "similarProducts": []
    },
    {
      "id": "w-723452-9300675046701",
      "name": "Powerade Zero Berry Ice Flo Cap",
      "brand": "Powerade",
      "imageUrls": "https://cdn0.woolworths.media/content/wowproductimages/large/723452.jpg",
      "storeId": "woolworths",
      "packageSize": "600ml",
      "cupPrice": "$4.17 / 1L",
      "locations": {
        "ALL": {
          "price": 2.5,
          "discountRate": 29,
          "promo": "",
          "orgPrice": 3.5
        }
      },
      "categoryIds": ["w-drinks"],
      "similarProducts": []
    },
    {
      "id": "w-723453-9300675046688",
      "name": "Powerade Zero Mountain Blast Flo Cap",
      "brand": "Powerade",
      "imageUrls": "https://cdn0.woolworths.media/content/wowproductimages/large/723453.jpg",
      "storeId": "woolworths",
      "packageSize": "600ml",
      "cupPrice": "$4.17 / 1L",
      "locations": {
        "ALL": {
          "price": 2.5,
          "discountRate": 29,
          "promo": "",
          "orgPrice": 3.5
        }
      },
      "categoryIds": ["w-drinks"],
      "similarProducts": []
    },
    {
      "id": "w-162609-9002490100759",
      "name": "Red Bull Energy Drink",
      "brand": "Red Bull",
      "imageUrls": "https://cdn0.woolworths.media/content/wowproductimages/large/162609.jpg",
      "storeId": "woolworths",
      "packageSize": "4x250ml",
      "cupPrice": "$6.50 / 1L",
      "locations": {
        "ALL": {
          "price": 6.5,
          "discountRate": 36,
          "promo": "",
          "orgPrice": 10.2
        }
      },
      "categoryIds": ["w-drinks"],
      "similarProducts": []
    },
    {
      "id": "w-114632-90435324",
      "name": "Red Bull Energy Drink",
      "brand": "Red Bull",
      "imageUrls": "https://cdn0.woolworths.media/content/wowproductimages/large/114632.jpg",
      "storeId": "woolworths",
      "packageSize": "250ml",
      "cupPrice": "$10.00 / 1L",
      "locations": {
        "ALL": {
          "price": 2.5,
          "discountRate": 12,
          "promo": "",
          "orgPrice": 2.85
        }
      },
      "categoryIds": ["w-drinks"],
      "similarProducts": []
    },
    {
      "id": "w-192401-90162800",
      "name": "Red Bull Energy Drink Sugar Free",
      "brand": "Red Bull",
      "imageUrls": "https://cdn0.woolworths.media/content/wowproductimages/large/192401.jpg",
      "storeId": "woolworths",
      "packageSize": "250ml",
      "cupPrice": "$10.00 / 1L",
      "locations": {
        "ALL": {
          "price": 2.5,
          "discountRate": 12,
          "promo": "",
          "orgPrice": 2.85
        }
      },
      "categoryIds": ["w-drinks"],
      "similarProducts": []
    },
    {
      "id": "w-226913-9002490200619",
      "name": "Red Bull Energy Drink Sugar Free",
      "brand": "Red Bull",
      "imageUrls": "https://cdn0.woolworths.media/content/wowproductimages/large/226913.jpg",
      "storeId": "woolworths",
      "packageSize": "4x250ml",
      "cupPrice": "$6.50 / 1L",
      "locations": {
        "ALL": {
          "price": 6.5,
          "discountRate": 36,
          "promo": "",
          "orgPrice": 10.2
        }
      },
      "categoryIds": ["w-drinks"],
      "similarProducts": []
    },
    {
      "id": "w-948527-9002490246297",
      "name": "Red Bull Energy Drink The Tropical Edition",
      "brand": "Red Bull",
      "imageUrls": "https://cdn0.woolworths.media/content/wowproductimages/large/948527.jpg",
      "storeId": "woolworths",
      "packageSize": "250ml 4pk",
      "cupPrice": "$6.50 / 1L",
      "locations": {
        "ALL": {
          "price": 6.5,
          "discountRate": 36,
          "promo": "",
          "orgPrice": 10.2
        }
      },
      "categoryIds": ["w-drinks"],
      "similarProducts": []
    },
    {
      "id": "w-766988-90415203",
      "name": "Red Bull Energy Drink Zero",
      "brand": "Red Bull",
      "imageUrls": "https://cdn0.woolworths.media/content/wowproductimages/large/766988.jpg",
      "storeId": "woolworths",
      "packageSize": "250ml",
      "cupPrice": "$10.00 / 1L",
      "locations": {
        "ALL": {
          "price": 2.5,
          "discountRate": 12,
          "promo": "",
          "orgPrice": 2.85
        }
      },
      "categoryIds": ["w-drinks"],
      "similarProducts": []
    },
    {
      "id": "w-767252-9002490223649",
      "name": "Red Bull Energy Drink Zero",
      "brand": "Red Bull",
      "imageUrls": "https://cdn0.woolworths.media/content/wowproductimages/large/767252.jpg",
      "storeId": "woolworths",
      "packageSize": "4x250ml",
      "cupPrice": "$6.50 / 1L",
      "locations": {
        "ALL": {
          "price": 6.5,
          "discountRate": 36,
          "promo": "",
          "orgPrice": 10.2
        }
      },
      "categoryIds": ["w-drinks"],
      "similarProducts": []
    },
    {
      "id": "w-9216-90435232",
      "name": "Red Bull Orange Energy Drink",
      "brand": "Red Bull",
      "imageUrls": "https://cdn0.woolworths.media/content/wowproductimages/large/009216.jpg",
      "storeId": "woolworths",
      "packageSize": "250ml",
      "cupPrice": "$10.00 / 1L",
      "locations": {
        "ALL": {
          "price": 2.5,
          "discountRate": 12,
          "promo": "",
          "orgPrice": 2.85
        }
      },
      "categoryIds": ["w-drinks"],
      "similarProducts": []
    },
    {
      "id": "w-82625-90435850",
      "name": "Red Bull Red Edition",
      "brand": "Red Bull",
      "imageUrls": "https://cdn0.woolworths.media/content/wowproductimages/large/082625.jpg",
      "storeId": "woolworths",
      "packageSize": "250ml",
      "cupPrice": "$10.00 / 1L",
      "locations": {
        "ALL": {
          "price": 2.5,
          "discountRate": 12,
          "promo": "",
          "orgPrice": 2.85
        }
      },
      "categoryIds": ["w-drinks"],
      "similarProducts": []
    },
    {
      "id": "w-807804-9350271000300",
      "name": "Remedy Cherry Plum Kombucha",
      "brand": "Remedy",
      "imageUrls": "https://cdn0.woolworths.media/content/wowproductimages/large/807804.jpg",
      "storeId": "woolworths",
      "packageSize": "300ml",
      "cupPrice": "$8.33 / 1L",
      "locations": {
        "ALL": {
          "price": 2.5,
          "discountRate": 29,
          "promo": "",
          "orgPrice": 3.5
        }
      },
      "categoryIds": ["w-drinks"],
      "similarProducts": []
    },
    {
      "id": "w-807874-9350271000157",
      "name": "Remedy Ginger Lemon Kombucha",
      "brand": "Remedy",
      "imageUrls": "https://cdn0.woolworths.media/content/wowproductimages/large/807874.jpg",
      "storeId": "woolworths",
      "packageSize": "300ml",
      "cupPrice": "$8.33 / 1L",
      "locations": {
        "ALL": {
          "price": 2.5,
          "discountRate": 29,
          "promo": "",
          "orgPrice": 3.5
        }
      },
      "categoryIds": ["w-drinks"],
      "similarProducts": []
    },
    {
      "id": "w-61147-9350271001284",
      "name": "Remedy Kombucha Peach",
      "brand": "Remedy",
      "imageUrls": "https://cdn0.woolworths.media/content/wowproductimages/large/061147.jpg",
      "storeId": "woolworths",
      "packageSize": "300ml",
      "cupPrice": "$8.33 / 1L",
      "locations": {
        "ALL": {
          "price": 2.5,
          "discountRate": 29,
          "promo": "",
          "orgPrice": 3.5
        }
      },
      "categoryIds": ["w-drinks"],
      "similarProducts": []
    },
    {
      "id": "w-807796-9350271000218",
      "name": "Remedy Kombucha Raspberry Lemonade",
      "brand": "Remedy",
      "imageUrls": "https://cdn0.woolworths.media/content/wowproductimages/large/807796.jpg",
      "storeId": "woolworths",
      "packageSize": "300ml",
      "cupPrice": "$8.33 / 1L",
      "locations": {
        "ALL": {
          "price": 2.5,
          "discountRate": 29,
          "promo": "",
          "orgPrice": 3.5
        }
      },
      "categoryIds": ["w-drinks"],
      "similarProducts": []
    },
    {
      "id": "w-807892-9350271000393",
      "name": "Remedy Lemon Ginger Kombucha",
      "brand": "Remedy",
      "imageUrls": "https://cdn0.woolworths.media/content/wowproductimages/large/807892.jpg",
      "storeId": "woolworths",
      "packageSize": "4 pack",
      "cupPrice": "$6.00 / 1L",
      "locations": {
        "ALL": {
          "price": 6,
          "discountRate": 31,
          "promo": "",
          "orgPrice": 8.75
        }
      },
      "categoryIds": ["w-drinks"],
      "similarProducts": []
    },
    {
      "id": "w-807885-9350271000577",
      "name": "Remedy Lemon Lime Mint Kombucha",
      "brand": "Remedy",
      "imageUrls": "https://cdn0.woolworths.media/content/wowproductimages/large/807885.jpg",
      "storeId": "woolworths",
      "packageSize": "4 pack",
      "cupPrice": "$6.00 / 1L",
      "locations": {
        "ALL": {
          "price": 6,
          "discountRate": 31,
          "promo": "",
          "orgPrice": 8.75
        }
      },
      "categoryIds": ["w-drinks"],
      "similarProducts": []
    },
    {
      "id": "w-59115-9350271000904",
      "name": "Remedy Organic Ginger Beer",
      "brand": "Remedy",
      "imageUrls": "https://cdn0.woolworths.media/content/wowproductimages/large/059115.jpg",
      "storeId": "woolworths",
      "packageSize": "250ml x4 pack",
      "cupPrice": "$6.00 / 1L",
      "locations": {
        "ALL": {
          "price": 6,
          "discountRate": 31,
          "promo": "",
          "orgPrice": 8.75
        }
      },
      "categoryIds": ["w-drinks"],
      "similarProducts": []
    },
    {
      "id": "w-807893-9350271000386",
      "name": "Remedy Raspberry Lemonade Kombucha",
      "brand": "Remedy",
      "imageUrls": "https://cdn0.woolworths.media/content/wowproductimages/large/807893.jpg",
      "storeId": "woolworths",
      "packageSize": "4 pack",
      "cupPrice": "$6.00 / 1L",
      "locations": {
        "ALL": {
          "price": 6,
          "discountRate": 31,
          "promo": "",
          "orgPrice": 8.75
        }
      },
      "categoryIds": ["w-drinks"],
      "similarProducts": []
    },
    {
      "id": "w-24394-9350271000676",
      "name": "Remedy Kombucha Peach Cans",
      "brand": "Remedy",
      "imageUrls": "https://cdn0.woolworths.media/content/wowproductimages/large/024394.jpg",
      "storeId": "woolworths",
      "packageSize": "250ml x4 pack",
      "cupPrice": "$6.00 / 1L",
      "locations": {
        "ALL": {
          "price": 6,
          "discountRate": 31,
          "promo": "",
          "orgPrice": 8.75
        }
      },
      "categoryIds": ["w-drinks"],
      "similarProducts": []
    },
    {
      "id": "w-70735-851949004525",
      "name": "Roar Organic Blueberry Acai",
      "brand": "Roar",
      "imageUrls": "https://cdn0.woolworths.media/content/wowproductimages/large/070735.jpg",
      "storeId": "woolworths",
      "packageSize": "532ml",
      "cupPrice": "$5.26 / 1L",
      "locations": {
        "ALL": {
          "price": 2.8,
          "discountRate": 20,
          "promo": "",
          "orgPrice": 3.5
        }
      },
      "categoryIds": ["w-drinks"],
      "similarProducts": []
    },
    {
      "id": "w-68960-851949004341",
      "name": "Roar Organic Cucumber Watermelon",
      "brand": "Roar",
      "imageUrls": "https://cdn0.woolworths.media/content/wowproductimages/large/068960.jpg",
      "storeId": "woolworths",
      "packageSize": "532ml",
      "cupPrice": "$5.26 / 1L",
      "locations": {
        "ALL": {
          "price": 2.8,
          "discountRate": 20,
          "promo": "",
          "orgPrice": 3.5
        }
      },
      "categoryIds": ["w-drinks"],
      "similarProducts": []
    },
    {
      "id": "w-70882-851949004334",
      "name": "Roar Organic Mango Clementine",
      "brand": "Roar Organic",
      "imageUrls": "https://cdn0.woolworths.media/content/wowproductimages/large/070882.jpg",
      "storeId": "woolworths",
      "packageSize": "532ml",
      "cupPrice": "$5.26 / 1L",
      "locations": {
        "ALL": {
          "price": 2.8,
          "discountRate": 20,
          "promo": "",
          "orgPrice": 3.5
        }
      },
      "categoryIds": ["w-drinks"],
      "similarProducts": []
    },
    {
      "id": "w-56856-9415767016996",
      "name": "Rockstar Beach Blend Energy Drink",
      "brand": "Rockstar",
      "imageUrls": "https://cdn0.woolworths.media/content/wowproductimages/large/056856.jpg",
      "storeId": "woolworths",
      "packageSize": "500ml",
      "cupPrice": "$4.30 / 1L",
      "locations": {
        "ALL": {
          "price": 2.15,
          "discountRate": 17,
          "promo": "",
          "orgPrice": 2.6
        }
      },
      "categoryIds": ["w-drinks"],
      "similarProducts": []
    },
    {
      "id": "w-332724-818094004626",
      "name": "Rockstar Guava Punched Energy Drink",
      "brand": "Rockstar",
      "imageUrls": "https://cdn0.woolworths.media/content/wowproductimages/large/332724.jpg",
      "storeId": "woolworths",
      "packageSize": "500ml",
      "cupPrice": "$4.30 / 1L",
      "locations": {
        "ALL": {
          "price": 2.15,
          "discountRate": 17,
          "promo": "",
          "orgPrice": 2.6
        }
      },
      "categoryIds": ["w-drinks"],
      "similarProducts": []
    },
    {
      "id": "w-683951-9415767017191",
      "name": "Rockstar Silver Ice",
      "brand": "Rockstar",
      "imageUrls": "https://cdn0.woolworths.media/content/wowproductimages/large/683951.jpg",
      "storeId": "woolworths",
      "packageSize": "500ml",
      "cupPrice": "$4.30 / 1L",
      "locations": {
        "ALL": {
          "price": 2.15,
          "discountRate": 17,
          "promo": "",
          "orgPrice": 2.6
        }
      },
      "categoryIds": ["w-drinks"],
      "similarProducts": []
    },
    {
      "id": "w-357252-8002710011057",
      "name": "Sanpellegrino Sparkling Mineral Water",
      "brand": "Sanpellegrino",
      "imageUrls": "https://cdn0.woolworths.media/content/wowproductimages/large/357252.jpg",
      "storeId": "woolworths",
      "packageSize": "1l",
      "cupPrice": "$1.95 / 1L",
      "locations": {
        "ALL": {
          "price": 1.95,
          "discountRate": 36,
          "promo": "",
          "orgPrice": 3.05
        }
      },
      "categoryIds": ["w-drinks"],
      "similarProducts": []
    },
    {
      "id": "w-80504-8002270286667",
      "name": "Sanpellegrino Sparkling Natural Mineral Water Slim Cans",
      "brand": "Sanpellegrino",
      "imageUrls": "https://cdn0.woolworths.media/content/wowproductimages/large/080504.jpg",
      "storeId": "woolworths",
      "packageSize": "8x330ml",
      "cupPrice": "$2.65 / 1L",
      "locations": {
        "ALL": { "price": 7, "discountRate": 30, "promo": "", "orgPrice": 10 }
      },
      "categoryIds": ["w-drinks"],
      "similarProducts": []
    },
    {
      "id": "w-352601-9310631623846",
      "name": "Santa Vittoria Sparkling Mineral Water",
      "brand": "Santa Vittoria",
      "imageUrls": "https://cdn0.woolworths.media/content/wowproductimages/large/352601.jpg",
      "storeId": "woolworths",
      "packageSize": "750ml",
      "cupPrice": "$1.67 / 1L",
      "locations": {
        "ALL": {
          "price": 1.25,
          "discountRate": 30,
          "promo": "",
          "orgPrice": 1.79
        }
      },
      "categoryIds": ["w-drinks"],
      "similarProducts": []
    },
    {
      "id": "w-225304-9311945375421",
      "name": "Saxbys Diet Ginger Beer",
      "brand": "Saxbys",
      "imageUrls": "https://cdn0.woolworths.media/content/wowproductimages/large/225304.jpg",
      "storeId": "woolworths",
      "packageSize": "4x375ml",
      "cupPrice": "$2.67 / 1L",
      "locations": {
        "ALL": { "price": 4, "discountRate": 20, "promo": "", "orgPrice": 5 }
      },
      "categoryIds": ["w-drinks"],
      "similarProducts": []
    },
    {
      "id": "w-225298-9311945375414",
      "name": "Saxbys Ginger Beer",
      "brand": "Saxbys",
      "imageUrls": "https://cdn0.woolworths.media/content/wowproductimages/large/225298.jpg",
      "storeId": "woolworths",
      "packageSize": "4x375ml",
      "cupPrice": "$2.67 / 1L",
      "locations": {
        "ALL": { "price": 4, "discountRate": 20, "promo": "", "orgPrice": 5 }
      },
      "categoryIds": ["w-drinks"],
      "similarProducts": []
    },
    {
      "id": "w-769465-9028800739303",
      "name": "Schlossgold Non Alcoholic Beer Beer",
      "brand": "Schlossgold",
      "imageUrls": "https://cdn0.woolworths.media/content/wowproductimages/large/769465.jpg",
      "storeId": "woolworths",
      "packageSize": "6x500ml",
      "cupPrice": "$2.83 / 1L",
      "locations": {
        "ALL": {
          "price": 8.5,
          "discountRate": 23,
          "promo": "",
          "orgPrice": 10.99
        }
      },
      "categoryIds": ["w-drinks"],
      "similarProducts": []
    },
    {
      "id": "w-662713-9315596006345",
      "name": "Schweppes Agrum Blood Orange Blood Orange",
      "brand": "Schweppes",
      "imageUrls": "https://cdn0.woolworths.media/content/wowproductimages/large/662713.jpg",
      "storeId": "woolworths",
      "packageSize": "1.1l",
      "cupPrice": "$0.91 / 1L",
      "locations": {
        "ALL": { "price": 1, "discountRate": 50, "promo": "", "orgPrice": 2 }
      },
      "categoryIds": ["w-drinks"],
      "similarProducts": []
    },
    {
      "id": "w-634291-9315596006321",
      "name": "Schweppes Agrum Citrus Blend Zero Sugar Agrum Citrus",
      "brand": "Schweppes",
      "imageUrls": "https://cdn0.woolworths.media/content/wowproductimages/large/634291.jpg",
      "storeId": "woolworths",
      "packageSize": "1.1l",
      "cupPrice": "$0.91 / 1L",
      "locations": {
        "ALL": { "price": 1, "discountRate": 50, "promo": "", "orgPrice": 2 }
      },
      "categoryIds": ["w-drinks"],
      "similarProducts": []
    },
    {
      "id": "w-707972-9315596006864",
      "name": "Schweppes Brown Cream Soda",
      "brand": "Schweppes",
      "imageUrls": "https://cdn0.woolworths.media/content/wowproductimages/large/707972.jpg",
      "storeId": "woolworths",
      "packageSize": "1.1l",
      "cupPrice": "$0.91 / 1L",
      "locations": {
        "ALL": { "price": 1, "discountRate": 50, "promo": "", "orgPrice": 2 }
      },
      "categoryIds": ["w-drinks"],
      "similarProducts": []
    },
    {
      "id": "w-634266-9315596006369",
      "name": "Schweppes Dry Ginger Ale",
      "brand": "Schweppes",
      "imageUrls": "https://cdn0.woolworths.media/content/wowproductimages/large/634266.jpg",
      "storeId": "woolworths",
      "packageSize": "1.1l",
      "cupPrice": "$0.91 / 1L",
      "locations": {
        "ALL": { "price": 1, "discountRate": 50, "promo": "", "orgPrice": 2 }
      },
      "categoryIds": ["w-drinks"],
      "similarProducts": []
    },
    {
      "id": "w-634268-9315596006437",
      "name": "Schweppes Dry Ginger Ale Zero Sugar Dry Ginger Ale",
      "brand": "Schweppes",
      "imageUrls": "https://cdn0.woolworths.media/content/wowproductimages/large/634268.jpg",
      "storeId": "woolworths",
      "packageSize": "1.1l",
      "cupPrice": "$0.91 / 1L",
      "locations": {
        "ALL": { "price": 1, "discountRate": 50, "promo": "", "orgPrice": 2 }
      },
      "categoryIds": ["w-drinks"],
      "similarProducts": []
    },
    {
      "id": "w-634277-9315596006413",
      "name": "Schweppes Indian Tonic Water",
      "brand": "Schweppes",
      "imageUrls": "https://cdn0.woolworths.media/content/wowproductimages/large/634277.jpg",
      "storeId": "woolworths",
      "packageSize": "1.1l",
      "cupPrice": "$0.91 / 1L",
      "locations": {
        "ALL": { "price": 1, "discountRate": 50, "promo": "", "orgPrice": 2 }
      },
      "categoryIds": ["w-drinks"],
      "similarProducts": []
    },
    {
      "id": "w-634274-9315596006338",
      "name": "Schweppes Indian Tonic Water Zero Sugar",
      "brand": "Schweppes",
      "imageUrls": "https://cdn0.woolworths.media/content/wowproductimages/large/634274.jpg",
      "storeId": "woolworths",
      "packageSize": "1.1l",
      "cupPrice": "$0.91 / 1L",
      "locations": {
        "ALL": { "price": 1, "discountRate": 50, "promo": "", "orgPrice": 2 }
      },
      "categoryIds": ["w-drinks"],
      "similarProducts": []
    },
    {
      "id": "w-80533-9315596007564",
      "name": "Schweppes Infused Natural Mineral Water With Blood Orange & Mango",
      "brand": "Schweppes",
      "imageUrls": "https://cdn0.woolworths.media/content/wowproductimages/large/080533.jpg",
      "storeId": "woolworths",
      "packageSize": "1.1l",
      "cupPrice": "$0.91 / 1L",
      "locations": {
        "ALL": { "price": 1, "discountRate": 50, "promo": "", "orgPrice": 2 }
      },
      "categoryIds": ["w-drinks"],
      "similarProducts": []
    },
    {
      "id": "w-80544-9315596006482",
      "name": "Schweppes Infused Natural Mineral Water With Grapefruit",
      "brand": "Schweppes",
      "imageUrls": "https://cdn0.woolworths.media/content/wowproductimages/large/080544.jpg",
      "storeId": "woolworths",
      "packageSize": "1.1l",
      "cupPrice": "$0.91 / 1L",
      "locations": {
        "ALL": { "price": 1, "discountRate": 50, "promo": "", "orgPrice": 2 }
      },
      "categoryIds": ["w-drinks"],
      "similarProducts": []
    },
    {
      "id": "w-634299-9315596006468",
      "name": "Schweppes Infused Natural Mineral Water With Lime",
      "brand": "Schweppes",
      "imageUrls": "https://cdn0.woolworths.media/content/wowproductimages/large/634299.jpg",
      "storeId": "woolworths",
      "packageSize": "1.1l",
      "cupPrice": "$0.91 / 1L",
      "locations": {
        "ALL": { "price": 1, "discountRate": 50, "promo": "", "orgPrice": 2 }
      },
      "categoryIds": ["w-drinks"],
      "similarProducts": []
    },
    {
      "id": "w-634298-9315596006475",
      "name": "Schweppes Infused Natural Mineral Water With Raspberry",
      "brand": "Schweppes",
      "imageUrls": "https://cdn0.woolworths.media/content/wowproductimages/large/634298.jpg",
      "storeId": "woolworths",
      "packageSize": "1.1l",
      "cupPrice": "$0.91 / 1L",
      "locations": {
        "ALL": { "price": 1, "discountRate": 50, "promo": "", "orgPrice": 2 }
      },
      "categoryIds": ["w-drinks"],
      "similarProducts": []
    },
    {
      "id": "w-634290-9315596006406",
      "name": "Schweppes Lemon Lime & Bitters",
      "brand": "Schweppes",
      "imageUrls": "https://cdn0.woolworths.media/content/wowproductimages/large/634290.jpg",
      "storeId": "woolworths",
      "packageSize": "1.1l",
      "cupPrice": "$0.91 / 1L",
      "locations": {
        "ALL": { "price": 1, "discountRate": 50, "promo": "", "orgPrice": 2 }
      },
      "categoryIds": ["w-drinks"],
      "similarProducts": []
    },
    {
      "id": "w-89801-9315596007656",
      "name": "Schweppes Lemon Lime & Bitters Flavour Zero Sugar",
      "brand": "Schweppes",
      "imageUrls": "https://cdn0.woolworths.media/content/wowproductimages/large/089801.jpg",
      "storeId": "woolworths",
      "packageSize": "1.1l",
      "cupPrice": "$0.91 / 1L",
      "locations": {
        "ALL": { "price": 1, "discountRate": 50, "promo": "", "orgPrice": 2 }
      },
      "categoryIds": ["w-drinks"],
      "similarProducts": []
    },
    {
      "id": "w-162789-9315596101002",
      "name": "Schweppes Lemonade Can",
      "brand": "Schweppes",
      "imageUrls": "https://cdn0.woolworths.media/content/wowproductimages/large/162789.jpg",
      "storeId": "woolworths",
      "packageSize": "375ml x24 pack",
      "cupPrice": "$1.67 / 1L",
      "locations": {
        "ALL": {
          "price": 15,
          "discountRate": 29,
          "promo": "",
          "orgPrice": 21
        }
      },
      "categoryIds": ["w-drinks"],
      "similarProducts": []
    },
    {
      "id": "w-782307-9315596005119",
      "name": "Schweppes Lemonade Cans",
      "brand": "Schweppes",
      "imageUrls": "https://cdn0.woolworths.media/content/wowproductimages/large/782307.jpg",
      "storeId": "woolworths",
      "packageSize": "6 x200ml",
      "cupPrice": "$3.75 / 1L",
      "locations": {
        "ALL": {
          "price": 4.5,
          "discountRate": 15,
          "promo": "",
          "orgPrice": 5.3
        }
      },
      "categoryIds": ["w-drinks"],
      "similarProducts": []
    },
    {
      "id": "w-703393-9315596006840",
      "name": "Schweppes Lemonade",
      "brand": "Schweppes",
      "imageUrls": "https://cdn0.woolworths.media/content/wowproductimages/large/703393.jpg",
      "storeId": "woolworths",
      "packageSize": "1.1l",
      "cupPrice": "$0.91 / 1L",
      "locations": {
        "ALL": { "price": 1, "discountRate": 50, "promo": "", "orgPrice": 2 }
      },
      "categoryIds": ["w-drinks"],
      "similarProducts": []
    },
    {
      "id": "w-708254-9315596006925",
      "name": "Schweppes Lemonade Zero Sugar",
      "brand": "Schweppes",
      "imageUrls": "https://cdn0.woolworths.media/content/wowproductimages/large/708254.jpg",
      "storeId": "woolworths",
      "packageSize": "1.1l",
      "cupPrice": "$0.91 / 1L",
      "locations": {
        "ALL": { "price": 1, "discountRate": 50, "promo": "", "orgPrice": 2 }
      },
      "categoryIds": ["w-drinks"],
      "similarProducts": []
    },
    {
      "id": "w-81784-9315596006895",
      "name": "Schweppes Lime",
      "brand": "Schweppes",
      "imageUrls": "https://cdn0.woolworths.media/content/wowproductimages/large/081784.jpg",
      "storeId": "woolworths",
      "packageSize": "1.1l",
      "cupPrice": "$0.91 / 1L",
      "locations": {
        "ALL": { "price": 1, "discountRate": 50, "promo": "", "orgPrice": 2 }
      },
      "categoryIds": ["w-drinks"],
      "similarProducts": []
    },
    {
      "id": "w-634281-9315596006352",
      "name": "Schweppes Lime Soda Water Lime",
      "brand": "Schweppes",
      "imageUrls": "https://cdn0.woolworths.media/content/wowproductimages/large/634281.jpg",
      "storeId": "woolworths",
      "packageSize": "1.1l",
      "cupPrice": "$0.91 / 1L",
      "locations": {
        "ALL": { "price": 1, "discountRate": 50, "promo": "", "orgPrice": 2 }
      },
      "categoryIds": ["w-drinks"],
      "similarProducts": []
    },
    {
      "id": "w-634292-9315596006376",
      "name": "Schweppes Natural Mineral Water Natural",
      "brand": "Schweppes",
      "imageUrls": "https://cdn0.woolworths.media/content/wowproductimages/large/634292.jpg",
      "storeId": "woolworths",
      "packageSize": "1.1l",
      "cupPrice": "$0.91 / 1L",
      "locations": {
        "ALL": { "price": 1, "discountRate": 50, "promo": "", "orgPrice": 2 }
      },
      "categoryIds": ["w-drinks"],
      "similarProducts": []
    },
    {
      "id": "w-634297-9315596006512",
      "name": "Schweppes Natural Mineral Water Pineapple & Lemon",
      "brand": "Schweppes",
      "imageUrls": "https://cdn0.woolworths.media/content/wowproductimages/large/634297.jpg",
      "storeId": "woolworths",
      "packageSize": "1.1l",
      "cupPrice": "$0.91 / 1L",
      "locations": {
        "ALL": { "price": 1, "discountRate": 50, "promo": "", "orgPrice": 2 }
      },
      "categoryIds": ["w-drinks"],
      "similarProducts": []
    },
    {
      "id": "w-634286-9315596006529",
      "name": "Schweppes Natural Mineral Water Apple & Cranberry",
      "brand": "Schweppes",
      "imageUrls": "https://cdn0.woolworths.media/content/wowproductimages/large/634286.jpg",
      "storeId": "woolworths",
      "packageSize": "1.1l",
      "cupPrice": "$0.91 / 1L",
      "locations": {
        "ALL": { "price": 1, "discountRate": 50, "promo": "", "orgPrice": 2 }
      },
      "categoryIds": ["w-drinks"],
      "similarProducts": []
    },
    {
      "id": "w-634285-9315596006505",
      "name": "Schweppes Natural Mineral Water Blood Orange & Passionfruit",
      "brand": "Schweppes",
      "imageUrls": "https://cdn0.woolworths.media/content/wowproductimages/large/634285.jpg",
      "storeId": "woolworths",
      "packageSize": "1.1l",
      "cupPrice": "$0.91 / 1L",
      "locations": {
        "ALL": { "price": 1, "discountRate": 50, "promo": "", "orgPrice": 2 }
      },
      "categoryIds": ["w-drinks"],
      "similarProducts": []
    },
    {
      "id": "w-634293-9315596006383",
      "name": "Schweppes Natural Mineral Water Lemon & Lime",
      "brand": "Schweppes",
      "imageUrls": "https://cdn0.woolworths.media/content/wowproductimages/large/634293.jpg",
      "storeId": "woolworths",
      "packageSize": "1.1l",
      "cupPrice": "$0.91 / 1L",
      "locations": {
        "ALL": { "price": 1, "discountRate": 50, "promo": "", "orgPrice": 2 }
      },
      "categoryIds": ["w-drinks"],
      "similarProducts": []
    },
    {
      "id": "w-782308-9315596005140",
      "name": "Schweppes Natural Mineral Water Lemon & Lime",
      "brand": "Schweppes",
      "imageUrls": "https://cdn0.woolworths.media/content/wowproductimages/large/782308.jpg",
      "storeId": "woolworths",
      "packageSize": "6 x200ml",
      "cupPrice": "$2.50 / 1L",
      "locations": {
        "ALL": {
          "price": 3,
          "discountRate": 43,
          "promo": "",
          "orgPrice": 5.3
        }
      },
      "categoryIds": ["w-drinks"],
      "similarProducts": []
    },
    {
      "id": "w-634284-9315596006390",
      "name": "Schweppes Natural Mineral Water Orange & Mango",
      "brand": "Schweppes",
      "imageUrls": "https://cdn0.woolworths.media/content/wowproductimages/large/634284.jpg",
      "storeId": "woolworths",
      "packageSize": "1.1l",
      "cupPrice": "$0.91 / 1L",
      "locations": {
        "ALL": { "price": 1, "discountRate": 50, "promo": "", "orgPrice": 2 }
      },
      "categoryIds": ["w-drinks"],
      "similarProducts": []
    },
    {
      "id": "w-703402-9315596006888",
      "name": "Schweppes Raspberry",
      "brand": "Schweppes",
      "imageUrls": "https://cdn0.woolworths.media/content/wowproductimages/large/703402.jpg",
      "storeId": "woolworths",
      "packageSize": "1.1l",
      "cupPrice": "$0.91 / 1L",
      "locations": {
        "ALL": { "price": 1, "discountRate": 50, "promo": "", "orgPrice": 2 }
      },
      "categoryIds": ["w-drinks"],
      "similarProducts": []
    },
    {
      "id": "w-61963-9315596006901",
      "name": "Schweppes Raspberry Zero Sugar",
      "brand": "Schweppes",
      "imageUrls": "https://cdn0.woolworths.media/content/wowproductimages/large/061963.jpg",
      "storeId": "woolworths",
      "packageSize": "1.1l",
      "cupPrice": "$0.91 / 1L",
      "locations": {
        "ALL": { "price": 1, "discountRate": 50, "promo": "", "orgPrice": 2 }
      },
      "categoryIds": ["w-drinks"],
      "similarProducts": []
    },
    {
      "id": "w-703411-9315596006871",
      "name": "Schweppes Sarsparilla",
      "brand": "Schweppes",
      "imageUrls": "https://cdn0.woolworths.media/content/wowproductimages/large/703411.jpg",
      "storeId": "woolworths",
      "packageSize": "1.1l",
      "cupPrice": "$0.91 / 1L",
      "locations": {
        "ALL": { "price": 1, "discountRate": 50, "promo": "", "orgPrice": 2 }
      },
      "categoryIds": ["w-drinks"],
      "similarProducts": []
    },
    {
      "id": "w-3405-9315596007267",
      "name": "Schweppes Signature Series Bright Tonic With Javanese Cinchona Bark",
      "brand": "Schweppes",
      "imageUrls": "https://cdn0.woolworths.media/content/wowproductimages/large/003405.jpg",
      "storeId": "woolworths",
      "packageSize": "4 x300ml",
      "cupPrice": "$3.75 / 1L",
      "locations": {
        "ALL": {
          "price": 4.5,
          "discountRate": 25,
          "promo": "",
          "orgPrice": 6
        }
      },
      "categoryIds": ["w-drinks"],
      "similarProducts": []
    },
    {
      "id": "w-23702-9315596007328",
      "name": "Schweppes Signature Series Ginger Beer With Mexican Lime",
      "brand": "Schweppes",
      "imageUrls": "https://cdn0.woolworths.media/content/wowproductimages/large/023702.jpg",
      "storeId": "woolworths",
      "packageSize": "4 x300ml",
      "cupPrice": "$3.75 / 1L",
      "locations": {
        "ALL": {
          "price": 4.5,
          "discountRate": 25,
          "promo": "",
          "orgPrice": 6
        }
      },
      "categoryIds": ["w-drinks"],
      "similarProducts": []
    },
    {
      "id": "w-3422-9315596007274",
      "name": "Schweppes Signature Series Ginger With Indian Chilli",
      "brand": "Schweppes",
      "imageUrls": "https://cdn0.woolworths.media/content/wowproductimages/large/003422.jpg",
      "storeId": "woolworths",
      "packageSize": "4 x300ml",
      "cupPrice": "$3.75 / 1L",
      "locations": {
        "ALL": {
          "price": 4.5,
          "discountRate": 25,
          "promo": "",
          "orgPrice": 6
        }
      },
      "categoryIds": ["w-drinks"],
      "similarProducts": []
    },
    {
      "id": "w-23258-9315596007298",
      "name": "Schweppes Signature Series Raspberry With Brazilian Orange Essence",
      "brand": "Schweppes",
      "imageUrls": "https://cdn0.woolworths.media/content/wowproductimages/large/023258.jpg",
      "storeId": "woolworths",
      "packageSize": "4 x300ml",
      "cupPrice": "$3.75 / 1L",
      "locations": {
        "ALL": {
          "price": 4.5,
          "discountRate": 25,
          "promo": "",
          "orgPrice": 6
        }
      },
      "categoryIds": ["w-drinks"],
      "similarProducts": []
    },
    {
      "id": "w-3436-9315596007250",
      "name": "Schweppes Signature Series Soda Water With Colarado Mountain Salt",
      "brand": "Schweppes",
      "imageUrls": "https://cdn0.woolworths.media/content/wowproductimages/large/003436.jpg",
      "storeId": "woolworths",
      "packageSize": "4 x300ml",
      "cupPrice": "$4.50 / 1L",
      "locations": {
        "ALL": {
          "price": 4.5,
          "discountRate": 25,
          "promo": "",
          "orgPrice": 6
        }
      },
      "categoryIds": ["w-drinks"],
      "similarProducts": []
    },
    {
      "id": "w-635960-9315596006260",
      "name": "Schweppes Soda Water",
      "brand": "Schweppes",
      "imageUrls": "https://cdn0.woolworths.media/content/wowproductimages/large/635960.jpg",
      "storeId": "woolworths",
      "packageSize": "1.1l",
      "cupPrice": "$0.91 / 1L",
      "locations": {
        "ALL": { "price": 1, "discountRate": 50, "promo": "", "orgPrice": 2 }
      },
      "categoryIds": ["w-drinks"],
      "similarProducts": []
    },
    {
      "id": "w-162763-9315596101019",
      "name": "Schweppes Solo Lemon Cans",
      "brand": "Schweppes",
      "imageUrls": "https://cdn0.woolworths.media/content/wowproductimages/large/162763.jpg",
      "storeId": "woolworths",
      "packageSize": "24x375ml pack",
      "cupPrice": "$1.67 / 1L",
      "locations": {
        "ALL": {
          "price": 15,
          "discountRate": 29,
          "promo": "",
          "orgPrice": 21
        }
      },
      "categoryIds": ["w-drinks"],
      "similarProducts": []
    },
    {
      "id": "w-842037-9315596000893",
      "name": "Solo Lemon Cans",
      "brand": "Solo",
      "imageUrls": "https://cdn0.woolworths.media/content/wowproductimages/large/842037.jpg",
      "storeId": "woolworths",
      "packageSize": "6x200ml pack",
      "cupPrice": "$3.75 / 1L",
      "locations": {
        "ALL": {
          "price": 4.5,
          "discountRate": 15,
          "promo": "",
          "orgPrice": 5.3
        }
      },
      "categoryIds": ["w-drinks"],
      "similarProducts": []
    },
    {
      "id": "w-93187-9300675009867",
      "name": "Sprite Bottle",
      "brand": "Sprite",
      "imageUrls": "https://cdn0.woolworths.media/content/wowproductimages/large/093187.jpg",
      "storeId": "woolworths",
      "packageSize": "600ml",
      "cupPrice": "$5.00 / 1L",
      "locations": {
        "ALL": {
          "price": 3,
          "discountRate": 17,
          "promo": "",
          "orgPrice": 3.6
        }
      },
      "categoryIds": ["w-drinks"],
      "similarProducts": []
    },
    {
      "id": "w-95325-9300675008013",
      "name": "Sprite Lemonade Bottle",
      "brand": "Sprite",
      "imageUrls": "https://cdn0.woolworths.media/content/wowproductimages/large/095325.jpg",
      "storeId": "woolworths",
      "packageSize": "1.25l",
      "cupPrice": "$1.20 / 1L",
      "locations": {
        "ALL": {
          "price": 1.5,
          "discountRate": 40,
          "promo": "",
          "orgPrice": 2.5
        }
      },
      "categoryIds": ["w-drinks"],
      "similarProducts": []
    },
    {
      "id": "w-793285-9300675014816",
      "name": "Sprite Lemonade Cans",
      "brand": "Sprite",
      "imageUrls": "https://cdn0.woolworths.media/content/wowproductimages/large/793285.jpg",
      "storeId": "woolworths",
      "packageSize": "10x375ml pack",
      "cupPrice": "$1.73 / 1L",
      "locations": {
        "ALL": {
          "price": 6.5,
          "discountRate": 47,
          "promo": "",
          "orgPrice": 12.3
        }
      },
      "categoryIds": ["w-drinks"],
      "similarProducts": []
    },
    {
      "id": "w-62170-9300675087063",
      "name": "Sprite No Sugar Bottle",
      "brand": "Sprite",
      "imageUrls": "https://cdn0.woolworths.media/content/wowproductimages/large/062170.jpg",
      "storeId": "woolworths",
      "packageSize": "1.25l",
      "cupPrice": "$1.20 / 1L",
      "locations": {
        "ALL": {
          "price": 1.5,
          "discountRate": 40,
          "promo": "",
          "orgPrice": 2.5
        }
      },
      "categoryIds": ["w-drinks"],
      "similarProducts": []
    },
    {
      "id": "w-793280-9300675057677",
      "name": "Sprite No Sugar Cans",
      "brand": "Sprite",
      "imageUrls": "https://cdn0.woolworths.media/content/wowproductimages/large/793280.jpg",
      "storeId": "woolworths",
      "packageSize": "10x375ml pack",
      "cupPrice": "$1.73 / 1L",
      "locations": {
        "ALL": {
          "price": 6.5,
          "discountRate": 47,
          "promo": "",
          "orgPrice": 12.3
        }
      },
      "categoryIds": ["w-drinks"],
      "similarProducts": []
    },
    {
      "id": "w-341051-9310347506907",
      "name": "Staminade Lemon & Lime Powder",
      "brand": "Staminade",
      "imageUrls": "https://cdn0.woolworths.media/content/wowproductimages/large/341051.jpg",
      "storeId": "woolworths",
      "packageSize": "585g",
      "cupPrice": "$1.61 / 100G",
      "locations": {
        "ALL": {
          "price": 9.4,
          "discountRate": 10,
          "promo": "",
          "orgPrice": 10.5
        }
      },
      "categoryIds": ["w-drinks"],
      "similarProducts": []
    },
    {
      "id": "w-770082-9310347506938",
      "name": "Staminade Wild Berry Rush",
      "brand": "Staminade",
      "imageUrls": "https://cdn0.woolworths.media/content/wowproductimages/large/770082.jpg",
      "storeId": "woolworths",
      "packageSize": "585g",
      "cupPrice": "$1.61 / 100G",
      "locations": {
        "ALL": {
          "price": 9.4,
          "discountRate": 10,
          "promo": "",
          "orgPrice": 10.5
        }
      },
      "categoryIds": ["w-drinks"],
      "similarProducts": []
    },
    {
      "id": "w-162788-9315596101026",
      "name": "Sunkist Cans",
      "brand": "Sunkist",
      "imageUrls": "https://cdn0.woolworths.media/content/wowproductimages/large/162788.jpg",
      "storeId": "woolworths",
      "packageSize": "24x375ml pack",
      "cupPrice": "$1.67 / 1L",
      "locations": {
        "ALL": {
          "price": 15,
          "discountRate": 29,
          "promo": "",
          "orgPrice": 21
        }
      },
      "categoryIds": ["w-drinks"],
      "similarProducts": []
    },
    {
      "id": "w-75396-83700000020",
      "name": "Sunraysia Natural Prune Juice",
      "brand": "Sunraysia",
      "imageUrls": "https://cdn0.woolworths.media/content/wowproductimages/large/075396.jpg",
      "storeId": "woolworths",
      "packageSize": "250ml",
      "cupPrice": "$9.60 / 1L",
      "locations": {
        "ALL": {
          "price": 2.4,
          "discountRate": 17,
          "promo": "",
          "orgPrice": 2.9
        }
      },
      "categoryIds": ["w-drinks"],
      "similarProducts": []
    },
    {
      "id": "w-769629-9344960000016",
      "name": "Thankyou. Still Water",
      "brand": "Thankyou.",
      "imageUrls": "https://cdn0.woolworths.media/content/wowproductimages/large/769629.jpg",
      "storeId": "woolworths",
      "packageSize": "1.5l",
      "cupPrice": "$0.43 / 1L",
      "locations": {
        "ALL": {
          "price": 0.65,
          "discountRate": 68,
          "promo": "",
          "orgPrice": 2
        }
      },
      "categoryIds": ["w-drinks"],
      "similarProducts": []
    },
    {
      "id": "w-99959-9310113904005",
      "name": "The Juice Brothers Apple & Raspberry",
      "brand": "The Juice Brothers",
      "imageUrls": "https://cdn0.woolworths.media/content/wowproductimages/large/099959.jpg",
      "storeId": "woolworths",
      "packageSize": "500ml",
      "cupPrice": "$6.00 / 1L",
      "locations": {
        "ALL": {
          "price": 3,
          "discountRate": 14,
          "promo": "",
          "orgPrice": 3.5
        }
      },
      "categoryIds": ["w-drinks"],
      "similarProducts": []
    },
    {
      "id": "w-101613-9310113903978",
      "name": "The Juice Brothers Orange",
      "brand": "The Juice Brothers",
      "imageUrls": "https://cdn0.woolworths.media/content/wowproductimages/large/101613.jpg",
      "storeId": "woolworths",
      "packageSize": "500ml",
      "cupPrice": "$6.00 / 1L",
      "locations": {
        "ALL": {
          "price": 3,
          "discountRate": 14,
          "promo": "",
          "orgPrice": 3.5
        }
      },
      "categoryIds": ["w-drinks"],
      "similarProducts": []
    },
    {
      "id": "w-707983-9415767014473",
      "name": "V Energy Drink",
      "brand": "V Energy",
      "imageUrls": "https://cdn0.woolworths.media/content/wowproductimages/large/707983.jpg",
      "storeId": "woolworths",
      "packageSize": "6x275ml",
      "cupPrice": "$5.45 / 1L",
      "locations": {
        "ALL": { "price": 9, "discountRate": 25, "promo": "", "orgPrice": 12 }
      },
      "categoryIds": ["w-drinks"],
      "similarProducts": []
    },
    {
      "id": "w-738591-94140088",
      "name": "V Energy Pure Bottle",
      "brand": "V Energy",
      "imageUrls": "https://cdn0.woolworths.media/content/wowproductimages/large/738591.jpg",
      "storeId": "woolworths",
      "packageSize": "330ml",
      "cupPrice": "$9.09 / 1L",
      "locations": {
        "ALL": { "price": 3, "discountRate": 25, "promo": "", "orgPrice": 4 }
      },
      "categoryIds": ["w-drinks"],
      "similarProducts": []
    },
    {
      "id": "w-162536-94128901",
      "name": "V Energy With Guarana Bottle",
      "brand": "V Energy",
      "imageUrls": "https://cdn0.woolworths.media/content/wowproductimages/large/162536.jpg",
      "storeId": "woolworths",
      "packageSize": "350ml",
      "cupPrice": "$8.57 / 1L",
      "locations": {
        "ALL": {
          "price": 3,
          "discountRate": 14,
          "promo": "",
          "orgPrice": 3.5
        }
      },
      "categoryIds": ["w-drinks"],
      "similarProducts": []
    },
    {
      "id": "w-749778-9300644702904",
      "name": "V8 Breakfast Fusion Vegetable Juice",
      "brand": "V8",
      "imageUrls": "https://cdn0.woolworths.media/content/wowproductimages/large/749778.jpg",
      "storeId": "woolworths",
      "packageSize": "1.25l",
      "cupPrice": "$2.80 / 1L",
      "locations": {
        "ALL": {
          "price": 3.5,
          "discountRate": 24,
          "promo": "",
          "orgPrice": 4.6
        }
      },
      "categoryIds": ["w-drinks"],
      "similarProducts": []
    },
    {
      "id": "w-78069-9300644705233",
      "name": "V8 Fruit & Veg Healthy Apple",
      "brand": "V8",
      "imageUrls": "https://cdn0.woolworths.media/content/wowproductimages/large/078069.jpg",
      "storeId": "woolworths",
      "packageSize": "1.25l",
      "cupPrice": "$2.80 / 1L",
      "locations": {
        "ALL": {
          "price": 3.5,
          "discountRate": 24,
          "promo": "",
          "orgPrice": 4.6
        }
      },
      "categoryIds": ["w-drinks"],
      "similarProducts": []
    },
    {
      "id": "w-78050-9300644705240",
      "name": "V8 Fruit & Veg Super Orange",
      "brand": "V8",
      "imageUrls": "https://cdn0.woolworths.media/content/wowproductimages/large/078050.jpg",
      "storeId": "woolworths",
      "packageSize": "1.25l",
      "cupPrice": "$2.80 / 1L",
      "locations": {
        "ALL": {
          "price": 3.5,
          "discountRate": 24,
          "promo": "",
          "orgPrice": 4.6
        }
      },
      "categoryIds": ["w-drinks"],
      "similarProducts": []
    },
    {
      "id": "w-749821-9300644702898",
      "name": "V8 Hot & Spicy Vegetable Juice",
      "brand": "V8",
      "imageUrls": "https://cdn0.woolworths.media/content/wowproductimages/large/749821.jpg",
      "storeId": "woolworths",
      "packageSize": "1.25l",
      "cupPrice": "$2.80 / 1L",
      "locations": {
        "ALL": {
          "price": 3.5,
          "discountRate": 24,
          "promo": "",
          "orgPrice": 4.6
        }
      },
      "categoryIds": ["w-drinks"],
      "similarProducts": []
    },
    {
      "id": "w-749834-9300644702942",
      "name": "V8 Low Sodium Vegetable Juice",
      "brand": "V8",
      "imageUrls": "https://cdn0.woolworths.media/content/wowproductimages/large/749834.jpg",
      "storeId": "woolworths",
      "packageSize": "1.25l",
      "cupPrice": "$2.80 / 1L",
      "locations": {
        "ALL": {
          "price": 3.5,
          "discountRate": 24,
          "promo": "",
          "orgPrice": 4.6
        }
      },
      "categoryIds": ["w-drinks"],
      "similarProducts": []
    },
    {
      "id": "w-749813-9300644702973",
      "name": "V8 Original Vegetable Juice",
      "brand": "V8",
      "imageUrls": "https://cdn0.woolworths.media/content/wowproductimages/large/749813.jpg",
      "storeId": "woolworths",
      "packageSize": "1.25l",
      "cupPrice": "$2.80 / 1L",
      "locations": {
        "ALL": {
          "price": 3.5,
          "discountRate": 24,
          "promo": "",
          "orgPrice": 4.6
        }
      },
      "categoryIds": ["w-drinks"],
      "similarProducts": []
    },
    {
      "id": "w-819565-9300644704793",
      "name": "V8 Power Blend Rainbow Burst",
      "brand": "V8",
      "imageUrls": "https://cdn0.woolworths.media/content/wowproductimages/large/819565.jpg",
      "storeId": "woolworths",
      "packageSize": "1.25l",
      "cupPrice": "$2.80 / 1L",
      "locations": {
        "ALL": {
          "price": 3.5,
          "discountRate": 30,
          "promo": "",
          "orgPrice": 5
        }
      },
      "categoryIds": ["w-drinks"],
      "similarProducts": []
    },
    {
      "id": "w-887085-9300644704090",
      "name": "V8 Purple Power Vegetable And Fruit Juice",
      "brand": "V8",
      "imageUrls": "https://cdn0.woolworths.media/content/wowproductimages/large/887085.jpg",
      "storeId": "woolworths",
      "packageSize": "1.25l",
      "cupPrice": "$2.80 / 1L",
      "locations": {
        "ALL": {
          "price": 3.5,
          "discountRate": 30,
          "promo": "",
          "orgPrice": 5
        }
      },
      "categoryIds": ["w-drinks"],
      "similarProducts": []
    },
    {
      "id": "w-749812-9300644702959",
      "name": "V8 Tropical Fusion Juice",
      "brand": "V8",
      "imageUrls": "https://cdn0.woolworths.media/content/wowproductimages/large/749812.jpg",
      "storeId": "woolworths",
      "packageSize": "1.25l",
      "cupPrice": "$2.80 / 1L",
      "locations": {
        "ALL": {
          "price": 3.5,
          "discountRate": 24,
          "promo": "",
          "orgPrice": 4.6
        }
      },
      "categoryIds": ["w-drinks"],
      "similarProducts": []
    },
    {
      "id": "w-485231-9300644704076",
      "name": "V8 Vegetable Juice Healthy Greens",
      "brand": "V8",
      "imageUrls": "https://cdn0.woolworths.media/content/wowproductimages/large/485231.jpg",
      "storeId": "woolworths",
      "packageSize": "1.25l",
      "cupPrice": "$2.80 / 1L",
      "locations": {
        "ALL": {
          "price": 3.5,
          "discountRate": 30,
          "promo": "",
          "orgPrice": 5
        }
      },
      "categoryIds": ["w-drinks"],
      "similarProducts": []
    },
    {
      "id": "w-406087-9300644703949",
      "name": "V8 Vegetable Juice Pineapple Passion",
      "brand": "V8",
      "imageUrls": "https://cdn0.woolworths.media/content/wowproductimages/large/406087.jpg",
      "storeId": "woolworths",
      "packageSize": "1.25l",
      "cupPrice": "$2.80 / 1L",
      "locations": {
        "ALL": {
          "price": 3.5,
          "discountRate": 24,
          "promo": "",
          "orgPrice": 4.6
        }
      },
      "categoryIds": ["w-drinks"],
      "similarProducts": []
    },
    {
      "id": "w-24570-9310631001941",
      "name": "Vittoria Chocochino Drinking Chocolate",
      "brand": "Vittoria",
      "imageUrls": "https://cdn0.woolworths.media/content/wowproductimages/large/024570.jpg",
      "storeId": "woolworths",
      "packageSize": "375g",
      "cupPrice": "$0.65 / 100G",
      "locations": {
        "ALL": {
          "price": 2.45,
          "discountRate": 50,
          "promo": "",
          "orgPrice": 4.9
        }
      },
      "categoryIds": ["w-drinks"],
      "similarProducts": []
    },
    {
      "id": "w-305908-9310631620814",
      "name": "Vittoria Chocochino Dark Drinking Chocolate",
      "brand": "Vittoria",
      "imageUrls": "https://cdn0.woolworths.media/content/wowproductimages/large/305908.jpg",
      "storeId": "woolworths",
      "packageSize": "375g",
      "cupPrice": "$0.65 / 100G",
      "locations": {
        "ALL": {
          "price": 2.45,
          "discountRate": 50,
          "promo": "",
          "orgPrice": 4.9
        }
      },
      "categoryIds": ["w-drinks"],
      "similarProducts": []
    },
    {
      "id": "w-55073-682430179305",
      "name": "Voss Sparkling Lime & Mint Water",
      "brand": "Voss",
      "imageUrls": "https://cdn0.woolworths.media/content/wowproductimages/large/055073.jpg",
      "storeId": "woolworths",
      "packageSize": "375ml",
      "cupPrice": "$6.40 / 1L",
      "locations": {
        "ALL": {
          "price": 2.4,
          "discountRate": 20,
          "promo": "",
          "orgPrice": 3
        }
      },
      "categoryIds": ["w-drinks"],
      "similarProducts": []
    },
    {
      "id": "w-382413-682430611751",
      "name": "Voss Sparkling Water",
      "brand": "Voss",
      "imageUrls": "https://cdn0.woolworths.media/content/wowproductimages/large/382413.jpg",
      "storeId": "woolworths",
      "packageSize": "375ml",
      "cupPrice": "$6.40 / 1L",
      "locations": {
        "ALL": {
          "price": 2.4,
          "discountRate": 20,
          "promo": "",
          "orgPrice": 3
        }
      },
      "categoryIds": ["w-drinks"],
      "similarProducts": []
    },
    {
      "id": "w-382414-682430611737",
      "name": "Voss Still Water",
      "brand": "Voss",
      "imageUrls": "https://cdn0.woolworths.media/content/wowproductimages/large/382414.jpg",
      "storeId": "woolworths",
      "packageSize": "375ml",
      "cupPrice": "$6.40 / 1L",
      "locations": {
        "ALL": {
          "price": 2.4,
          "discountRate": 20,
          "promo": "",
          "orgPrice": 3
        }
      },
      "categoryIds": ["w-drinks", "w-lunch-box"],
      "similarProducts": []
    },
    {
      "id": "w-821460-9345905007022",
      "name": "Waterfords Lite & Fruity Tahitian Lime",
      "brand": "Waterfords",
      "imageUrls": "https://cdn0.woolworths.media/content/wowproductimages/large/821460.jpg",
      "storeId": "woolworths",
      "packageSize": "250ml x4 pack",
      "cupPrice": "$2.50 / 1L",
      "locations": {
        "ALL": {
          "price": 2.5,
          "discountRate": 38,
          "promo": "",
          "orgPrice": 4
        }
      },
      "categoryIds": ["w-drinks"],
      "similarProducts": []
    },
    {
      "id": "w-76935-9345905007572",
      "name": "Waterfords Lite & Fruity Blackcurrent Sparkling Fruit Drink",
      "brand": "Waterfords",
      "imageUrls": "https://cdn0.woolworths.media/content/wowproductimages/large/076935.jpg",
      "storeId": "woolworths",
      "packageSize": "6 x300ml",
      "cupPrice": "$2.22 / 1L",
      "locations": {
        "ALL": { "price": 4, "discountRate": 20, "promo": "", "orgPrice": 5 }
      },
      "categoryIds": ["w-drinks"],
      "similarProducts": []
    },
    {
      "id": "w-76873-9345905007596",
      "name": "Waterfords Lite & Fruity Kids Raspberry",
      "brand": "Waterfords",
      "imageUrls": "https://cdn0.woolworths.media/content/wowproductimages/large/076873.jpg",
      "storeId": "woolworths",
      "packageSize": "6x300ml",
      "cupPrice": "$2.22 / 1L",
      "locations": {
        "ALL": { "price": 4, "discountRate": 20, "promo": "", "orgPrice": 5 }
      },
      "categoryIds": ["w-drinks"],
      "similarProducts": []
    },
    {
      "id": "w-324407-9316712000650",
      "name": "4 Legs Adult Dog Food Chicken Pasta & Vegetable Roll",
      "brand": "4 Legs",
      "imageUrls": "https://cdn0.woolworths.media/content/wowproductimages/large/324407.jpg",
      "storeId": "woolworths",
      "packageSize": "1.7kg",
      "cupPrice": "$0.24 / 100G",
      "locations": {
        "ALL": {
          "price": 4,
          "discountRate": 24,
          "promo": "",
          "orgPrice": 5.25
        }
      },
      "categoryIds": ["w-pet"],
      "similarProducts": []
    },
    {
      "id": "w-798791-5060122498548",
      "name": "Applaws Cat Pot Chicken & Duck",
      "brand": "Applaws",
      "imageUrls": "https://cdn0.woolworths.media/content/wowproductimages/large/798791.jpg",
      "storeId": "woolworths",
      "packageSize": "60g",
      "cupPrice": "$2.50 / 100G",
      "locations": {
        "ALL": {
          "price": 1.5,
          "discountRate": 25,
          "promo": "",
          "orgPrice": 2
        }
      },
      "categoryIds": ["w-pet"],
      "similarProducts": []
    },
    {
      "id": "w-808755-5060333438685",
      "name": "Applaws Cat Pot Tuna & Calamari",
      "brand": "Applaws",
      "imageUrls": "https://cdn0.woolworths.media/content/wowproductimages/large/808755.jpg",
      "storeId": "woolworths",
      "packageSize": "60g",
      "cupPrice": "$2.50 / 100G",
      "locations": {
        "ALL": {
          "price": 1.5,
          "discountRate": 25,
          "promo": "",
          "orgPrice": 2
        }
      },
      "categoryIds": ["w-pet"],
      "similarProducts": []
    },
    {
      "id": "w-798919-5060122499095",
      "name": "Applaws Cat Pot Tuna & Crab",
      "brand": "Applaws",
      "imageUrls": "https://cdn0.woolworths.media/content/wowproductimages/large/798919.jpg",
      "storeId": "woolworths",
      "packageSize": "60g",
      "cupPrice": "$2.50 / 100G",
      "locations": {
        "ALL": {
          "price": 1.5,
          "discountRate": 25,
          "promo": "",
          "orgPrice": 2
        }
      },
      "categoryIds": ["w-pet"],
      "similarProducts": []
    },
    {
      "id": "w-481180-9300633554231",
      "name": "Baxter's Dental Sticks Medium-large Breed",
      "brand": "Baxter's",
      "imageUrls": "https://cdn0.woolworths.media/content/wowproductimages/large/481180.jpg",
      "storeId": "woolworths",
      "packageSize": "7pk",
      "cupPrice": "$0.24 / 1EA",
      "locations": {
        "ALL": {
          "price": 1.7,
          "discountRate": 43,
          "promo": "",
          "orgPrice": 3
        }
      },
      "categoryIds": ["w-pet"],
      "similarProducts": []
    },
    {
      "id": "w-323774-9321855002072",
      "name": "Bow Wow Pigs Ears",
      "brand": "Bow Wow",
      "imageUrls": "https://cdn0.woolworths.media/content/wowproductimages/large/323774.jpg",
      "storeId": "woolworths",
      "packageSize": "5 pack",
      "cupPrice": "$2.20 / 1EA",
      "locations": {
        "ALL": {
          "price": 11,
          "discountRate": 12,
          "promo": "",
          "orgPrice": 12.5
        }
      },
      "categoryIds": ["w-pet"],
      "similarProducts": []
    },
    {
      "id": "w-334048-9321855002232",
      "name": "Bow Wow Treat Beef Roo Roll",
      "brand": "Bow Wow",
      "imageUrls": "https://cdn0.woolworths.media/content/wowproductimages/large/334048.jpg",
      "storeId": "woolworths",
      "packageSize": "1pk",
      "cupPrice": "$0.00 / 0",
      "locations": {
        "ALL": {
          "price": 2.7,
          "discountRate": 10,
          "promo": "",
          "orgPrice": 2.99
        }
      },
      "categoryIds": ["w-pet"],
      "similarProducts": []
    },
    {
      "id": "w-53329-9315087192052",
      "name": "Breeders Choice Paper Cat Litter",
      "brand": "Breeders Choice",
      "imageUrls": "https://cdn0.woolworths.media/content/wowproductimages/large/053329.jpg",
      "storeId": "woolworths",
      "packageSize": "15l",
      "cupPrice": "$0.83 / 1L",
      "locations": {
        "ALL": {
          "price": 12.5,
          "discountRate": 24,
          "promo": "",
          "orgPrice": 16.5
        }
      },
      "categoryIds": ["w-pet"],
      "similarProducts": []
    },
    {
      "id": "w-117763-9310022247255",
      "name": "Catsan Cat Litter Ultra",
      "brand": "Catsan",
      "imageUrls": "https://cdn0.woolworths.media/content/wowproductimages/large/117763.jpg",
      "storeId": "woolworths",
      "packageSize": "7kg",
      "cupPrice": "$1.71 / 1KG",
      "locations": {
        "ALL": {
          "price": 12,
          "discountRate": 12,
          "promo": "",
          "orgPrice": 13.7
        }
      },
      "categoryIds": ["w-pet"],
      "similarProducts": []
    },
    {
      "id": "w-59507-17800182713",
      "name": "Dentalife Activfresh Small/medium",
      "brand": "Dentalife",
      "imageUrls": "https://cdn0.woolworths.media/content/wowproductimages/large/059507.jpg",
      "storeId": "woolworths",
      "packageSize": "173g",
      "cupPrice": "$3.01 / 100G",
      "locations": {
        "ALL": {
          "price": 5.2,
          "discountRate": 20,
          "promo": "",
          "orgPrice": 6.5
        }
      },
      "categoryIds": ["w-pet"],
      "similarProducts": []
    },
    {
      "id": "w-59512-17800182829",
      "name": "Dentalife Activfresh Large",
      "brand": "Dentalife",
      "imageUrls": "https://cdn0.woolworths.media/content/wowproductimages/large/059512.jpg",
      "storeId": "woolworths",
      "packageSize": "204g",
      "cupPrice": "$2.55 / 100G",
      "locations": {
        "ALL": {
          "price": 5.2,
          "discountRate": 20,
          "promo": "",
          "orgPrice": 6.5
        }
      },
      "categoryIds": ["w-pet"],
      "similarProducts": []
    },
    {
      "id": "w-348996-9334214018447",
      "name": "Dine Saucy Morsels Wet Cat Food Ocean Fish Tray",
      "brand": "Dine",
      "imageUrls": "https://cdn0.woolworths.media/content/wowproductimages/large/348996.jpg",
      "storeId": "woolworths",
      "packageSize": "7 pack",
      "cupPrice": "$1.01 / 100G",
      "locations": {
        "ALL": {
          "price": 6,
          "discountRate": 20,
          "promo": "",
          "orgPrice": 7.5
        }
      },
      "categoryIds": ["w-pet"],
      "similarProducts": []
    },
    {
      "id": "w-349075-9334214018430",
      "name": "Dine Saucy Morsels Wet Cat Food Salmon Tray",
      "brand": "Dine",
      "imageUrls": "https://cdn0.woolworths.media/content/wowproductimages/large/349075.jpg",
      "storeId": "woolworths",
      "packageSize": "7 pack",
      "cupPrice": "$1.01 / 100G",
      "locations": {
        "ALL": {
          "price": 6,
          "discountRate": 20,
          "promo": "",
          "orgPrice": 7.5
        }
      },
      "categoryIds": ["w-pet"],
      "similarProducts": []
    },
    {
      "id": "w-477637-9334214038285",
      "name": "Dine Saucy Morsels With Tuna Mornay & Cheese Wet Cat Food Tray",
      "brand": "Dine",
      "imageUrls": "https://cdn0.woolworths.media/content/wowproductimages/large/477637.jpg",
      "storeId": "woolworths",
      "packageSize": "7 pack",
      "cupPrice": "$1.01 / 100G",
      "locations": {
        "ALL": {
          "price": 6,
          "discountRate": 20,
          "promo": "",
          "orgPrice": 7.5
        }
      },
      "categoryIds": ["w-pet"],
      "similarProducts": [
        {
          "productId": "dine-cat-food-tuna-mornay-with-cheese",
          "storeId": "coles"
        }
      ]
    },
    {
      "id": "w-349002-9334214018461",
      "name": "Dine Wet Cat Food Classic Terrine With Chicken Tray",
      "brand": "Dine",
      "imageUrls": "https://cdn0.woolworths.media/content/wowproductimages/large/349002.jpg",
      "storeId": "woolworths",
      "packageSize": "7 pack",
      "cupPrice": "$1.01 / 100G",
      "locations": {
        "ALL": {
          "price": 6,
          "discountRate": 20,
          "promo": "",
          "orgPrice": 7.5
        }
      },
      "categoryIds": ["w-pet"],
      "similarProducts": []
    },
    {
      "id": "w-349072-9334214018409",
      "name": "Dine Wet Cat Food Cuts In Gravy With Beef & Liver Tray",
      "brand": "Dine",
      "imageUrls": "https://cdn0.woolworths.media/content/wowproductimages/large/349072.jpg",
      "storeId": "woolworths",
      "packageSize": "7 pack",
      "cupPrice": "$1.01 / 100G",
      "locations": {
        "ALL": {
          "price": 6,
          "discountRate": 20,
          "promo": "",
          "orgPrice": 7.5
        }
      },
      "categoryIds": ["w-pet"],
      "similarProducts": []
    },
    {
      "id": "w-477608-9334214038308",
      "name": "Dine Wet Cat Food Slices With Succulent Chicken Tray",
      "brand": "Dine",
      "imageUrls": "https://cdn0.woolworths.media/content/wowproductimages/large/477608.jpg",
      "storeId": "woolworths",
      "packageSize": "7 pack",
      "cupPrice": "$1.01 / 100G",
      "locations": {
        "ALL": {
          "price": 6,
          "discountRate": 20,
          "promo": "",
          "orgPrice": 7.5
        }
      },
      "categoryIds": ["w-pet"],
      "similarProducts": []
    },
    {
      "id": "w-63725-7613036900607",
      "name": "Fancy Feast Petit Cuisine With Chicken & Grilled Turkey",
      "brand": "Fancy Feast",
      "imageUrls": "https://cdn0.woolworths.media/content/wowproductimages/large/063725.jpg",
      "storeId": "woolworths",
      "packageSize": "50g x6 pack",
      "cupPrice": "$1.17 / 100G",
      "locations": {
        "ALL": {
          "price": 3.5,
          "discountRate": 30,
          "promo": "",
          "orgPrice": 5
        }
      },
      "categoryIds": ["w-pet"],
      "similarProducts": []
    },
    {
      "id": "w-63691-7613036900713",
      "name": "Fancy Feast Petit Cuisine With Grilled Cod & Grilled Salmon",
      "brand": "Fancy Feast",
      "imageUrls": "https://cdn0.woolworths.media/content/wowproductimages/large/063691.jpg",
      "storeId": "woolworths",
      "packageSize": "50g x6 pack",
      "cupPrice": "$1.17 / 100G",
      "locations": {
        "ALL": {
          "price": 3.5,
          "discountRate": 30,
          "promo": "",
          "orgPrice": 5
        }
      },
      "categoryIds": ["w-pet"],
      "similarProducts": []
    },
    {
      "id": "w-63726-7613036900584",
      "name": "Fancy Feast Petit Cuisine With Grilled Tuna Salmon & Cod",
      "brand": "Fancy Feast",
      "imageUrls": "https://cdn0.woolworths.media/content/wowproductimages/large/063726.jpg",
      "storeId": "woolworths",
      "packageSize": "50g x6 pack",
      "cupPrice": "$1.17 / 100G",
      "locations": {
        "ALL": {
          "price": 3.5,
          "discountRate": 30,
          "promo": "",
          "orgPrice": 5
        }
      },
      "categoryIds": ["w-pet"],
      "similarProducts": []
    },
    {
      "id": "w-63732-7613036900638",
      "name": "Fancy Feast Petit Cuisine With Grilled Turkey Chicken & Tuna",
      "brand": "Fancy Feast",
      "imageUrls": "https://cdn0.woolworths.media/content/wowproductimages/large/063732.jpg",
      "storeId": "woolworths",
      "packageSize": "50g x6 pack",
      "cupPrice": "$1.17 / 100G",
      "locations": {
        "ALL": {
          "price": 3.5,
          "discountRate": 30,
          "promo": "",
          "orgPrice": 5
        }
      },
      "categoryIds": ["w-pet"],
      "similarProducts": []
    },
    {
      "id": "w-661515-9400556016493",
      "name": "Fancy Feast Puree Kiss Tuna Flakes",
      "brand": "Fancy Feast",
      "imageUrls": "https://cdn0.woolworths.media/content/wowproductimages/large/661515.jpg",
      "storeId": "woolworths",
      "packageSize": "40g",
      "cupPrice": "$6.25 / 100G",
      "locations": {
        "ALL": {
          "price": 2.5,
          "discountRate": 22,
          "promo": "",
          "orgPrice": 3.2
        }
      },
      "categoryIds": ["w-pet"],
      "similarProducts": []
    },
    {
      "id": "w-661514-9400556016486",
      "name": "Fancy Feast Puree Kiss Tuna With Chicken Flake",
      "brand": "Fancy Feast",
      "imageUrls": "https://cdn0.woolworths.media/content/wowproductimages/large/661514.jpg",
      "storeId": "woolworths",
      "packageSize": "40g",
      "cupPrice": "$6.25 / 100G",
      "locations": {
        "ALL": {
          "price": 2.5,
          "discountRate": 22,
          "promo": "",
          "orgPrice": 3.2
        }
      },
      "categoryIds": ["w-pet"],
      "similarProducts": []
    },
    {
      "id": "w-63723-50000172733",
      "name": "Fancy Feast Savory Centers Pate With Chicken",
      "brand": "Fancy Feast",
      "imageUrls": "https://cdn0.woolworths.media/content/wowproductimages/large/063723.jpg",
      "storeId": "woolworths",
      "packageSize": "85g",
      "cupPrice": "$1.65 / 100G",
      "locations": {
        "ALL": {
          "price": 1.4,
          "discountRate": 30,
          "promo": "",
          "orgPrice": 2
        }
      },
      "categoryIds": ["w-pet"],
      "similarProducts": []
    },
    {
      "id": "w-63690-50000172757",
      "name": "Fancy Feast Savory Centers Pate With Salmon",
      "brand": "Fancy Feast",
      "imageUrls": "https://cdn0.woolworths.media/content/wowproductimages/large/063690.jpg",
      "storeId": "woolworths",
      "packageSize": "85g",
      "cupPrice": "$1.65 / 100G",
      "locations": {
        "ALL": {
          "price": 1.4,
          "discountRate": 30,
          "promo": "",
          "orgPrice": 2
        }
      },
      "categoryIds": ["w-pet"],
      "similarProducts": []
    },
    {
      "id": "w-63724-50000172771",
      "name": "Fancy Feast Savory Centers Pate With Tuna",
      "brand": "Fancy Feast",
      "imageUrls": "https://cdn0.woolworths.media/content/wowproductimages/large/063724.jpg",
      "storeId": "woolworths",
      "packageSize": "85g",
      "cupPrice": "$1.65 / 100G",
      "locations": {
        "ALL": {
          "price": 1.4,
          "discountRate": 30,
          "promo": "",
          "orgPrice": 2
        }
      },
      "categoryIds": ["w-pet"],
      "similarProducts": []
    },
    {
      "id": "w-519072-9319185002237",
      "name": "Farmers Market Beef & Farm Vegetables Dry Dog Food",
      "brand": "Farmers Market",
      "imageUrls": "https://cdn0.woolworths.media/content/wowproductimages/large/519072.jpg",
      "storeId": "woolworths",
      "packageSize": "2.7kg",
      "cupPrice": "$0.44 / 100G",
      "locations": {
        "ALL": {
          "price": 12,
          "discountRate": 37,
          "promo": "",
          "orgPrice": 19
        }
      },
      "categoryIds": ["w-pet"],
      "similarProducts": []
    },
    {
      "id": "w-519076-9319185002190",
      "name": "Farmers Market Chicken & Beef Liver With Farm Veg Dry Puppy Food",
      "brand": "Farmers Market",
      "imageUrls": "https://cdn0.woolworths.media/content/wowproductimages/large/519076.jpg",
      "storeId": "woolworths",
      "packageSize": "2.7kg",
      "cupPrice": "$0.44 / 100G",
      "locations": {
        "ALL": {
          "price": 12,
          "discountRate": 37,
          "promo": "",
          "orgPrice": 19
        }
      },
      "categoryIds": ["w-pet"],
      "similarProducts": []
    },
    {
      "id": "w-518742-9319185002220",
      "name": "Farmers Market Chicken & Farm Vegetables Dry Dog Food",
      "brand": "Farmers Market",
      "imageUrls": "https://cdn0.woolworths.media/content/wowproductimages/large/518742.jpg",
      "storeId": "woolworths",
      "packageSize": "2.7kg",
      "cupPrice": "$0.44 / 100G",
      "locations": {
        "ALL": {
          "price": 12,
          "discountRate": 37,
          "promo": "",
          "orgPrice": 19
        }
      },
      "categoryIds": ["w-pet"],
      "similarProducts": []
    },
    {
      "id": "w-677239-9319185002060",
      "name": "Farmers Market Hickory Beef In Gravy Wet Dog Food",
      "brand": "Farmers Market",
      "imageUrls": "https://cdn0.woolworths.media/content/wowproductimages/large/677239.jpg",
      "storeId": "woolworths",
      "packageSize": "100g",
      "cupPrice": "$1.00 / 100G",
      "locations": {
        "ALL": {
          "price": 1,
          "discountRate": 33,
          "promo": "",
          "orgPrice": 1.5
        }
      },
      "categoryIds": ["w-pet"],
      "similarProducts": []
    },
    {
      "id": "w-519374-9319185002077",
      "name": "Farmers Market Roast Beef With Carrots Peas & Chia Wet Dog Food",
      "brand": "Farmers Market",
      "imageUrls": "https://cdn0.woolworths.media/content/wowproductimages/large/519374.jpg",
      "storeId": "woolworths",
      "packageSize": "100g",
      "cupPrice": "$1.00 / 100G",
      "locations": {
        "ALL": {
          "price": 1,
          "discountRate": 33,
          "promo": "",
          "orgPrice": 1.5
        }
      },
      "categoryIds": ["w-pet"],
      "similarProducts": []
    },
    {
      "id": "w-520578-9319185002107",
      "name": "Farmers Market Roast Chicken With Lentils Wet Dog Food",
      "brand": "Farmers Market",
      "imageUrls": "https://cdn0.woolworths.media/content/wowproductimages/large/520578.jpg",
      "storeId": "woolworths",
      "packageSize": "100g",
      "cupPrice": "$1.00 / 100G",
      "locations": {
        "ALL": {
          "price": 1,
          "discountRate": 33,
          "promo": "",
          "orgPrice": 1.5
        }
      },
      "categoryIds": ["w-pet"],
      "similarProducts": []
    },
    {
      "id": "w-519551-9319185002091",
      "name": "Farmers Market Tender Lamb With Julienne Carrots & Beans Wet Dog Food",
      "brand": "Farmers Market",
      "imageUrls": "https://cdn0.woolworths.media/content/wowproductimages/large/519551.jpg",
      "storeId": "woolworths",
      "packageSize": "100g",
      "cupPrice": "$1.00 / 100G",
      "locations": {
        "ALL": {
          "price": 1,
          "discountRate": 33,
          "promo": "",
          "orgPrice": 1.5
        }
      },
      "categoryIds": ["w-pet"],
      "similarProducts": []
    },
    {
      "id": "w-20725-9300605129061",
      "name": "Felix Meat Menus In Jelly",
      "brand": "Felix",
      "imageUrls": "https://cdn0.woolworths.media/content/wowproductimages/large/020725.jpg",
      "storeId": "woolworths",
      "packageSize": "85g x27 pack",
      "cupPrice": "$0.96 / 100G",
      "locations": {
        "ALL": {
          "price": 22,
          "discountRate": 12,
          "promo": "",
          "orgPrice": 25
        }
      },
      "categoryIds": ["w-pet"],
      "similarProducts": []
    },
    {
      "id": "w-20716-9300605128477",
      "name": "Felix Ocean Menu In Jelly",
      "brand": "Felix",
      "imageUrls": "https://cdn0.woolworths.media/content/wowproductimages/large/020716.jpg",
      "storeId": "woolworths",
      "packageSize": "2295g",
      "cupPrice": "$0.96 / 100G",
      "locations": {
        "ALL": {
          "price": 22,
          "discountRate": 12,
          "promo": "",
          "orgPrice": 25
        }
      },
      "categoryIds": ["w-pet"],
      "similarProducts": []
    },
    {
      "id": "w-95180-9319185003111",
      "name": "Fussy Cat Dental Care Treats Chicken Grain Free",
      "brand": "Fussy Cat",
      "imageUrls": "https://cdn0.woolworths.media/content/wowproductimages/large/095180.jpg",
      "storeId": "woolworths",
      "packageSize": "50g",
      "cupPrice": "$7.00 / 100G",
      "locations": {
        "ALL": {
          "price": 3.5,
          "discountRate": 22,
          "promo": "",
          "orgPrice": 4.5
        }
      },
      "categoryIds": ["w-pet"],
      "similarProducts": []
    },
    {
      "id": "w-94307-9319185003128",
      "name": "Fussy Cat Dental Care Treats Kangaroo Grain Free",
      "brand": "Fussy Cat",
      "imageUrls": "https://cdn0.woolworths.media/content/wowproductimages/large/094307.jpg",
      "storeId": "woolworths",
      "packageSize": "50g",
      "cupPrice": "$7.00 / 100G",
      "locations": {
        "ALL": {
          "price": 3.5,
          "discountRate": 22,
          "promo": "",
          "orgPrice": 4.5
        }
      },
      "categoryIds": ["w-pet"],
      "similarProducts": []
    },
    {
      "id": "w-726144-9319185057541",
      "name": "Fussy Cat Grain Free Beef And Kangaroo With Sweet Potato Dry Cat Food",
      "brand": "Fussy Cat",
      "imageUrls": "https://cdn0.woolworths.media/content/wowproductimages/large/726144.jpg",
      "storeId": "woolworths",
      "packageSize": "500g",
      "cupPrice": "$0.70 / 100G",
      "locations": {
        "ALL": {
          "price": 3.5,
          "discountRate": 30,
          "promo": "",
          "orgPrice": 5
        }
      },
      "categoryIds": ["w-pet"],
      "similarProducts": []
    },
    {
      "id": "w-66085-9319185002923",
      "name": "Fussy Cat Grain Free Chicken With Vegetables Dry Kitten Food",
      "brand": "Fussy Cat",
      "imageUrls": "https://cdn0.woolworths.media/content/wowproductimages/large/066085.jpg",
      "storeId": "woolworths",
      "packageSize": "450g",
      "cupPrice": "$0.78 / 100G",
      "locations": {
        "ALL": {
          "price": 3.5,
          "discountRate": 30,
          "promo": "",
          "orgPrice": 5
        }
      },
      "categoryIds": ["w-pet"],
      "similarProducts": []
    },
    {
      "id": "w-716787-9334214024615",
      "name": "Good-o Adult Dog Food Minis Chicken & Veal",
      "brand": "Good-o",
      "imageUrls": "https://cdn0.woolworths.media/content/wowproductimages/large/716787.jpg",
      "storeId": "woolworths",
      "packageSize": "3kg",
      "cupPrice": "$0.40 / 100G",
      "locations": {
        "ALL": {
          "price": 12,
          "discountRate": 10,
          "promo": "",
          "orgPrice": 13.3
        }
      },
      "categoryIds": ["w-pet"],
      "similarProducts": []
    },
    {
      "id": "w-65444-9310768112848",
      "name": "Gourmet Delight Chicken Mince In Gravy",
      "brand": "Gourmet Delight",
      "imageUrls": "https://cdn0.woolworths.media/content/wowproductimages/large/065444.jpg",
      "storeId": "woolworths",
      "packageSize": "80g",
      "cupPrice": "$1.13 / 100G",
      "locations": {
        "ALL": {
          "price": 0.9,
          "discountRate": 25,
          "promo": "",
          "orgPrice": 1.2
        }
      },
      "categoryIds": ["w-pet"],
      "similarProducts": []
    },
    {
      "id": "w-68537-9310768112862",
      "name": "Gourmet Delight Tuna & Crab",
      "brand": "Gourmet Delight",
      "imageUrls": "https://cdn0.woolworths.media/content/wowproductimages/large/068537.jpg",
      "storeId": "woolworths",
      "packageSize": "80g",
      "cupPrice": "$1.13 / 100G",
      "locations": {
        "ALL": {
          "price": 0.9,
          "discountRate": 25,
          "promo": "",
          "orgPrice": 1.2
        }
      },
      "categoryIds": ["w-pet"],
      "similarProducts": []
    },
    {
      "id": "w-65443-9310768112831",
      "name": "Gourmet Delight With Beef Mince In Gravy",
      "brand": "Gourmet Delight",
      "imageUrls": "https://cdn0.woolworths.media/content/wowproductimages/large/065443.jpg",
      "storeId": "woolworths",
      "packageSize": "80g",
      "cupPrice": "$1.13 / 100G",
      "locations": {
        "ALL": {
          "price": 0.9,
          "discountRate": 25,
          "promo": "",
          "orgPrice": 1.2
        }
      },
      "categoryIds": ["w-pet"],
      "similarProducts": []
    },
    {
      "id": "w-65428-9310768112886",
      "name": "Gourmet Delight With Mackerel & Salmon",
      "brand": "Gourmet Delight",
      "imageUrls": "https://cdn0.woolworths.media/content/wowproductimages/large/065428.jpg",
      "storeId": "woolworths",
      "packageSize": "80g",
      "cupPrice": "$1.13 / 100G",
      "locations": {
        "ALL": {
          "price": 0.9,
          "discountRate": 25,
          "promo": "",
          "orgPrice": 1.2
        }
      },
      "categoryIds": ["w-pet"],
      "similarProducts": []
    },
    {
      "id": "w-65445-9310768112893",
      "name": "Gourmet Delight With Snapper & Tuna In Gravy",
      "brand": "Gourmet Delight",
      "imageUrls": "https://cdn0.woolworths.media/content/wowproductimages/large/065445.jpg",
      "storeId": "woolworths",
      "packageSize": "80g",
      "cupPrice": "$1.13 / 100G",
      "locations": {
        "ALL": {
          "price": 0.9,
          "discountRate": 25,
          "promo": "",
          "orgPrice": 1.2
        }
      },
      "categoryIds": ["w-pet"],
      "similarProducts": []
    },
    {
      "id": "w-65429-9310768112909",
      "name": "Gourmet Delight With Tuna Fillets Whitebait",
      "brand": "Gourmet Delight",
      "imageUrls": "https://cdn0.woolworths.media/content/wowproductimages/large/065429.jpg",
      "storeId": "woolworths",
      "packageSize": "80g",
      "cupPrice": "$1.13 / 100G",
      "locations": {
        "ALL": {
          "price": 0.9,
          "discountRate": 25,
          "promo": "",
          "orgPrice": 1.2
        }
      },
      "categoryIds": ["w-pet"],
      "similarProducts": []
    },
    {
      "id": "w-685175-9334214030197",
      "name": "Harmony No Waste Seed Mix",
      "brand": "Harmony",
      "imageUrls": "https://cdn0.woolworths.media/content/wowproductimages/large/685175.jpg",
      "storeId": "woolworths",
      "packageSize": "1kg",
      "cupPrice": "$0.00 / 0",
      "locations": {
        "ALL": {
          "price": 5.59,
          "discountRate": 20,
          "promo": "",
          "orgPrice": 6.99
        }
      },
      "categoryIds": ["w-pet"],
      "similarProducts": []
    },
    {
      "id": "w-69912-9325242000016",
      "name": "Love'em Beef Liver Dog Treats",
      "brand": "Love'em",
      "imageUrls": "https://cdn0.woolworths.media/content/wowproductimages/large/069912.jpg",
      "storeId": "woolworths",
      "packageSize": "100g",
      "cupPrice": "$4.00 / 100G",
      "locations": {
        "ALL": {
          "price": 4,
          "discountRate": 33,
          "promo": "",
          "orgPrice": 5.97
        }
      },
      "categoryIds": ["w-pet"],
      "similarProducts": []
    },
    {
      "id": "w-332931-9334214009599",
      "name": "My Dog Adult 7+ Turkey And Rice Topped With Vegetables",
      "brand": "My Dog",
      "imageUrls": "https://cdn0.woolworths.media/content/wowproductimages/large/332931.jpg",
      "storeId": "woolworths",
      "packageSize": "100g",
      "cupPrice": "$1.00 / 100G",
      "locations": {
        "ALL": {
          "price": 1,
          "discountRate": 33,
          "promo": "",
          "orgPrice": 1.5
        }
      },
      "categoryIds": ["w-pet"],
      "similarProducts": []
    },
    {
      "id": "w-75983-9310022062506",
      "name": "My Dog Beef And Liver Loaf Classics Wet Dog Food Tray",
      "brand": "My Dog",
      "imageUrls": "https://cdn0.woolworths.media/content/wowproductimages/large/075983.jpg",
      "storeId": "woolworths",
      "packageSize": "100g",
      "cupPrice": "$1.00 / 100G",
      "locations": {
        "ALL": {
          "price": 1,
          "discountRate": 33,
          "promo": "",
          "orgPrice": 1.5
        }
      },
      "categoryIds": ["w-pet"],
      "similarProducts": []
    },
    {
      "id": "w-75953-9310022062407",
      "name": "My Dog Chicken Supreme Loaf Classics Wet Dog Food Tray",
      "brand": "My Dog",
      "imageUrls": "https://cdn0.woolworths.media/content/wowproductimages/large/075953.jpg",
      "storeId": "woolworths",
      "packageSize": "100g",
      "cupPrice": "$1.00 / 100G",
      "locations": {
        "ALL": {
          "price": 1,
          "discountRate": 33,
          "promo": "",
          "orgPrice": 1.5
        }
      },
      "categoryIds": ["w-pet"],
      "similarProducts": [
        {
          "productId": "my-dog-dog-food-chicken-supreme-5234541p",
          "storeId": "coles"
        }
      ]
    },
    {
      "id": "w-169465-9310022077203",
      "name": "My Dog Chicken Supreme With Cheese & Toppings Wet Dog Food Tray",
      "brand": "My Dog",
      "imageUrls": "https://cdn0.woolworths.media/content/wowproductimages/large/169465.jpg",
      "storeId": "woolworths",
      "packageSize": "100g",
      "cupPrice": "$1.00 / 100G",
      "locations": {
        "ALL": {
          "price": 1,
          "discountRate": 33,
          "promo": "",
          "orgPrice": 1.5
        }
      },
      "categoryIds": ["w-pet"],
      "similarProducts": []
    },
    {
      "id": "w-923921-9334214035789",
      "name": "My Dog Fillets In Gravy With Succulent Beef Wet Dog Food",
      "brand": "My Dog",
      "imageUrls": "https://cdn0.woolworths.media/content/wowproductimages/large/923921.jpg",
      "storeId": "woolworths",
      "packageSize": "100g",
      "cupPrice": "$1.00 / 100G",
      "locations": {
        "ALL": {
          "price": 1,
          "discountRate": 33,
          "promo": "",
          "orgPrice": 1.5
        }
      },
      "categoryIds": ["w-pet"],
      "similarProducts": []
    },
    {
      "id": "w-923925-9334214035765",
      "name": "My Dog Fillets In Gravy With Tender Chicken Wet Dog Food Tray",
      "brand": "My Dog",
      "imageUrls": "https://cdn0.woolworths.media/content/wowproductimages/large/923925.jpg",
      "storeId": "woolworths",
      "packageSize": "100g",
      "cupPrice": "$1.00 / 100G",
      "locations": {
        "ALL": {
          "price": 1,
          "discountRate": 33,
          "promo": "",
          "orgPrice": 1.5
        }
      },
      "categoryIds": ["w-pet"],
      "similarProducts": []
    },
    {
      "id": "w-76079-9310022062308",
      "name": "My Dog Gourmet Beef Loaf Classics Wet Dog Food Tray",
      "brand": "My Dog",
      "imageUrls": "https://cdn0.woolworths.media/content/wowproductimages/large/076079.jpg",
      "storeId": "woolworths",
      "packageSize": "100g",
      "cupPrice": "$1.00 / 100G",
      "locations": {
        "ALL": {
          "price": 1,
          "discountRate": 33,
          "promo": "",
          "orgPrice": 1.5
        }
      },
      "categoryIds": ["w-pet"],
      "similarProducts": [
        {
          "productId": "my-dog-dog-food-gourmet-beef-8918929p",
          "storeId": "coles"
        }
      ]
    },
    {
      "id": "w-66662-9310022061103",
      "name": "My Dog Lamb Loaf Classics Wet Dog Food Tray",
      "brand": "My Dog",
      "imageUrls": "https://cdn0.woolworths.media/content/wowproductimages/large/066662.jpg",
      "storeId": "woolworths",
      "packageSize": "100g",
      "cupPrice": "$1.00 / 100G",
      "locations": {
        "ALL": {
          "price": 1,
          "discountRate": 33,
          "promo": "",
          "orgPrice": 1.5
        }
      },
      "categoryIds": ["w-pet"],
      "similarProducts": []
    },
    {
      "id": "w-302555-9334214007380",
      "name": "My Dog Lamb With Vegetables & Toppings Wet Dog Food Tray",
      "brand": "My Dog",
      "imageUrls": "https://cdn0.woolworths.media/content/wowproductimages/large/302555.jpg",
      "storeId": "woolworths",
      "packageSize": "100g",
      "cupPrice": "$1.00 / 100G",
      "locations": {
        "ALL": {
          "price": 1,
          "discountRate": 33,
          "promo": "",
          "orgPrice": 1.5
        }
      },
      "categoryIds": ["w-pet"],
      "similarProducts": []
    },
    {
      "id": "w-359587-9334214019086",
      "name": "My Dog Puppy Chicken Mince With Rice Carrot & Spinach Dog Food Tray",
      "brand": "My Dog",
      "imageUrls": "https://cdn0.woolworths.media/content/wowproductimages/large/359587.jpg",
      "storeId": "woolworths",
      "packageSize": "100g",
      "cupPrice": "$1.00 / 100G",
      "locations": {
        "ALL": {
          "price": 1,
          "discountRate": 33,
          "promo": "",
          "orgPrice": 1.5
        }
      },
      "categoryIds": ["w-pet"],
      "similarProducts": []
    },
    {
      "id": "w-657672-9334214040837",
      "name": "My Dog Tasty Kangaroo Loaf Classics Wet Dog Food Tray",
      "brand": "My Dog",
      "imageUrls": "https://cdn0.woolworths.media/content/wowproductimages/large/657672.jpg",
      "storeId": "woolworths",
      "packageSize": "100g",
      "cupPrice": "$1.00 / 100G",
      "locations": {
        "ALL": {
          "price": 1,
          "discountRate": 33,
          "promo": "",
          "orgPrice": 1.5
        }
      },
      "categoryIds": ["w-pet"],
      "similarProducts": []
    },
    {
      "id": "w-513258-9314364335748",
      "name": "Nature's Gift Beef Potato Carros & Peas Chilled Roll Dog Food",
      "brand": "Nature's Gift",
      "imageUrls": "https://cdn0.woolworths.media/content/wowproductimages/large/513258.jpg",
      "storeId": "woolworths",
      "packageSize": "200g",
      "cupPrice": "$0.65 / 100G",
      "locations": {
        "ALL": {
          "price": 1.3,
          "discountRate": 13,
          "promo": "",
          "orgPrice": 1.5
        }
      },
      "categoryIds": ["w-pet"],
      "similarProducts": []
    },
    {
      "id": "w-58687-9314364336837",
      "name": "Nature's Gift Casserole Beef Vegetables & Barley",
      "brand": "Nature's Gift",
      "imageUrls": "https://cdn0.woolworths.media/content/wowproductimages/large/058687.jpg",
      "storeId": "woolworths",
      "packageSize": "1.2kg",
      "cupPrice": "$0.32 / 100G",
      "locations": {
        "ALL": {
          "price": 3.8,
          "discountRate": 21,
          "promo": "",
          "orgPrice": 4.8
        }
      },
      "categoryIds": ["w-pet"],
      "similarProducts": []
    },
    {
      "id": "w-59206-9314364336820",
      "name": "Nature's Gift Casserole Gravy Style With Kangaroo & Veg Wet Dog Food",
      "brand": "Nature's Gift",
      "imageUrls": "https://cdn0.woolworths.media/content/wowproductimages/large/059206.jpg",
      "storeId": "woolworths",
      "packageSize": "1.2kg",
      "cupPrice": "$0.32 / 100G",
      "locations": {
        "ALL": {
          "price": 3.8,
          "discountRate": 21,
          "promo": "",
          "orgPrice": 4.8
        }
      },
      "categoryIds": ["w-pet"],
      "similarProducts": []
    },
    {
      "id": "w-59841-9314364336844",
      "name": "Nature's Gift Casserole Lamb Vegetables & Barley",
      "brand": "Nature's Gift",
      "imageUrls": "https://cdn0.woolworths.media/content/wowproductimages/large/059841.jpg",
      "storeId": "woolworths",
      "packageSize": "1.2kg",
      "cupPrice": "$0.32 / 100G",
      "locations": {
        "ALL": {
          "price": 3.8,
          "discountRate": 21,
          "promo": "",
          "orgPrice": 4.8
        }
      },
      "categoryIds": ["w-pet"],
      "similarProducts": []
    },
    {
      "id": "w-569474-9314364335724",
      "name": "Nature's Gift Chicken Brown Rice & Vege Chilled Roll Dog Food",
      "brand": "Nature's Gift",
      "imageUrls": "https://cdn0.woolworths.media/content/wowproductimages/large/569474.jpg",
      "storeId": "woolworths",
      "packageSize": "200g",
      "cupPrice": "$0.65 / 100G",
      "locations": {
        "ALL": {
          "price": 1.3,
          "discountRate": 13,
          "promo": "",
          "orgPrice": 1.5
        }
      },
      "categoryIds": ["w-pet"],
      "similarProducts": []
    },
    {
      "id": "w-513371-9314364335755",
      "name": "Nature's Gift Lamb Carrots & Peas Roll Chilled Roll Puppy Food",
      "brand": "Nature's Gift",
      "imageUrls": "https://cdn0.woolworths.media/content/wowproductimages/large/513371.jpg",
      "storeId": "woolworths",
      "packageSize": "200g",
      "cupPrice": "$0.65 / 100G",
      "locations": {
        "ALL": {
          "price": 1.3,
          "discountRate": 13,
          "promo": "",
          "orgPrice": 1.5
        }
      },
      "categoryIds": ["w-pet"],
      "similarProducts": []
    },
    {
      "id": "w-59233-9314364336813",
      "name": "Nature's Gift Meal Time Beef Barley & Vegetables",
      "brand": "Nature's Gift",
      "imageUrls": "https://cdn0.woolworths.media/content/wowproductimages/large/059233.jpg",
      "storeId": "woolworths",
      "packageSize": "1.2kg",
      "cupPrice": "$0.32 / 100G",
      "locations": {
        "ALL": {
          "price": 3.8,
          "discountRate": 21,
          "promo": "",
          "orgPrice": 4.8
        }
      },
      "categoryIds": ["w-pet"],
      "similarProducts": []
    },
    {
      "id": "w-59217-9314364336790",
      "name": "Nature's Gift Meal Time Chicken Rice & Vegetables",
      "brand": "Nature's Gift",
      "imageUrls": "https://cdn0.woolworths.media/content/wowproductimages/large/059217.jpg",
      "storeId": "woolworths",
      "packageSize": "1.2kg",
      "cupPrice": "$0.32 / 100G",
      "locations": {
        "ALL": {
          "price": 3.8,
          "discountRate": 21,
          "promo": "",
          "orgPrice": 4.8
        }
      },
      "categoryIds": ["w-pet"],
      "similarProducts": []
    },
    {
      "id": "w-59215-9314364336806",
      "name": "Nature's Gift Meal Time Duck & Chicken",
      "brand": "Nature's Gift",
      "imageUrls": "https://cdn0.woolworths.media/content/wowproductimages/large/059215.jpg",
      "storeId": "woolworths",
      "packageSize": "1.2kg",
      "cupPrice": "$0.32 / 100G",
      "locations": {
        "ALL": {
          "price": 3.8,
          "discountRate": 21,
          "promo": "",
          "orgPrice": 4.8
        }
      },
      "categoryIds": ["w-pet"],
      "similarProducts": []
    },
    {
      "id": "w-77866-9314364336714",
      "name": "Nature's Gift Meatballs Chicken Rice & Garden Veg Chilled Dog Food",
      "brand": "Nature's Gift",
      "imageUrls": "https://cdn0.woolworths.media/content/wowproductimages/large/077866.jpg",
      "storeId": "woolworths",
      "packageSize": "700g",
      "cupPrice": "$0.64 / 100G",
      "locations": {
        "ALL": {
          "price": 4.5,
          "discountRate": 10,
          "promo": "",
          "orgPrice": 5
        }
      },
      "categoryIds": ["w-pet"],
      "similarProducts": []
    },
    {
      "id": "w-79406-9314364336721",
      "name": "Nature's Gift Meatballs Kangaroo Potato & Peas Chilled Dog Food",
      "brand": "Nature's Gift",
      "imageUrls": "https://cdn0.woolworths.media/content/wowproductimages/large/079406.jpg",
      "storeId": "woolworths",
      "packageSize": "700g",
      "cupPrice": "$0.64 / 100G",
      "locations": {
        "ALL": {
          "price": 4.5,
          "discountRate": 10,
          "promo": "",
          "orgPrice": 5
        }
      },
      "categoryIds": ["w-pet"],
      "similarProducts": []
    },
    {
      "id": "w-751483-9314364334871",
      "name": "Nature's Gift Mini Treats Chicken Dog Treats",
      "brand": "Nature's Gift",
      "imageUrls": "https://cdn0.woolworths.media/content/wowproductimages/large/751483.jpg",
      "storeId": "woolworths",
      "packageSize": "290g",
      "cupPrice": "$0.86 / 100G",
      "locations": {
        "ALL": {
          "price": 2.5,
          "discountRate": 22,
          "promo": "",
          "orgPrice": 3.2
        }
      },
      "categoryIds": ["w-pet"],
      "similarProducts": []
    },
    {
      "id": "w-751466-9314364334901",
      "name": "Nature's Gift Mini Treats Kangaroo Dog Treats",
      "brand": "Nature's Gift",
      "imageUrls": "https://cdn0.woolworths.media/content/wowproductimages/large/751466.jpg",
      "storeId": "woolworths",
      "packageSize": "290g",
      "cupPrice": "$0.86 / 100G",
      "locations": {
        "ALL": {
          "price": 2.5,
          "discountRate": 22,
          "promo": "",
          "orgPrice": 3.2
        }
      },
      "categoryIds": ["w-pet"],
      "similarProducts": []
    },
    {
      "id": "w-751427-9314364334895",
      "name": "Nature's Gift Mini Treats Liver Dog Treats Liver Mini",
      "brand": "Nature's Gift",
      "imageUrls": "https://cdn0.woolworths.media/content/wowproductimages/large/751427.jpg",
      "storeId": "woolworths",
      "packageSize": "290g",
      "cupPrice": "$0.86 / 100G",
      "locations": {
        "ALL": {
          "price": 2.5,
          "discountRate": 22,
          "promo": "",
          "orgPrice": 3.2
        }
      },
      "categoryIds": ["w-pet"],
      "similarProducts": []
    },
    {
      "id": "w-657022-9314364404734",
      "name": "Nature's Gift Sustain Chicken & Fish Dry Dog Food",
      "brand": "Nature's Gift",
      "imageUrls": "https://cdn0.woolworths.media/content/wowproductimages/large/657022.jpg",
      "storeId": "woolworths",
      "packageSize": "2.5kg",
      "cupPrice": "$0.36 / 100G",
      "locations": {
        "ALL": { "price": 9, "discountRate": 31, "promo": "", "orgPrice": 13 }
      },
      "categoryIds": ["w-pet"],
      "similarProducts": []
    },
    {
      "id": "w-59563-9314364336707",
      "name": "Nature's Gift Sustain Chicken Dry Puppy Food Dry Dog Food",
      "brand": "Nature's Gift",
      "imageUrls": "https://cdn0.woolworths.media/content/wowproductimages/large/059563.jpg",
      "storeId": "woolworths",
      "packageSize": "2.25kg",
      "cupPrice": "$0.40 / 100G",
      "locations": {
        "ALL": { "price": 9, "discountRate": 31, "promo": "", "orgPrice": 13 }
      },
      "categoryIds": ["w-pet"],
      "similarProducts": []
    },
    {
      "id": "w-795612-9314364336295",
      "name": "Nature's Gift Sustain Healthy Weight Chicken",
      "brand": "Nature's Gift",
      "imageUrls": "https://cdn0.woolworths.media/content/wowproductimages/large/795612.jpg",
      "storeId": "woolworths",
      "packageSize": "2.5kg",
      "cupPrice": "$0.36 / 100G",
      "locations": {
        "ALL": { "price": 9, "discountRate": 31, "promo": "", "orgPrice": 13 }
      },
      "categoryIds": ["w-pet"],
      "similarProducts": []
    },
    {
      "id": "w-657074-9314364404727",
      "name": "Nature's Gift Sustain Kangaroo Dry Dog Food",
      "brand": "Nature's Gift",
      "imageUrls": "https://cdn0.woolworths.media/content/wowproductimages/large/657074.jpg",
      "storeId": "woolworths",
      "packageSize": "2.5kg",
      "cupPrice": "$0.36 / 100G",
      "locations": {
        "ALL": { "price": 9, "discountRate": 31, "promo": "", "orgPrice": 13 }
      },
      "categoryIds": ["w-pet"],
      "similarProducts": []
    },
    {
      "id": "w-780302-9319185146832",
      "name": "Natures Goodness Adult Dog Food Beef Stew With Carrot & Potato",
      "brand": "Natures Goodness",
      "imageUrls": "https://cdn0.woolworths.media/content/wowproductimages/large/780302.jpg",
      "storeId": "woolworths",
      "packageSize": "400g",
      "cupPrice": "$0.38 / 100G",
      "locations": {
        "ALL": {
          "price": 1.5,
          "discountRate": 21,
          "promo": "",
          "orgPrice": 1.89
        }
      },
      "categoryIds": ["w-pet"],
      "similarProducts": []
    },
    {
      "id": "w-780294-9319185146818",
      "name": "Natures Goodness Adult Dog Food Chicken & Duck With Vegetables",
      "brand": "Natures Goodness",
      "imageUrls": "https://cdn0.woolworths.media/content/wowproductimages/large/780294.jpg",
      "storeId": "woolworths",
      "packageSize": "400g",
      "cupPrice": "$0.38 / 100G",
      "locations": {
        "ALL": {
          "price": 1.5,
          "discountRate": 21,
          "promo": "",
          "orgPrice": 1.89
        }
      },
      "categoryIds": ["w-pet"],
      "similarProducts": []
    },
    {
      "id": "w-741275-9319185726324",
      "name": "Natures Goodness Adult Dog Food Chicken With Duck & Veg",
      "brand": "Natures Goodness",
      "imageUrls": "https://cdn0.woolworths.media/content/wowproductimages/large/741275.jpg",
      "storeId": "woolworths",
      "packageSize": "1.08kg",
      "cupPrice": "$0.28 / 100G",
      "locations": {
        "ALL": {
          "price": 3,
          "discountRate": 12,
          "promo": "",
          "orgPrice": 3.4
        }
      },
      "categoryIds": ["w-pet"],
      "similarProducts": []
    },
    {
      "id": "w-780118-9319185146801",
      "name": "Natures Goodness Adult Dog Food Kangaroo Sweet Potato & Beans",
      "brand": "Natures Goodness",
      "imageUrls": "https://cdn0.woolworths.media/content/wowproductimages/large/780118.jpg",
      "storeId": "woolworths",
      "packageSize": "400g",
      "cupPrice": "$0.38 / 100G",
      "locations": {
        "ALL": {
          "price": 1.5,
          "discountRate": 21,
          "promo": "",
          "orgPrice": 1.89
        }
      },
      "categoryIds": ["w-pet"],
      "similarProducts": []
    },
    {
      "id": "w-780301-9319185146825",
      "name": "Natures Goodness Adult Dog Food Lamb Rosemary & Vegetables",
      "brand": "Natures Goodness",
      "imageUrls": "https://cdn0.woolworths.media/content/wowproductimages/large/780301.jpg",
      "storeId": "woolworths",
      "packageSize": "400g",
      "cupPrice": "$0.38 / 100G",
      "locations": {
        "ALL": {
          "price": 1.5,
          "discountRate": 21,
          "promo": "",
          "orgPrice": 1.89
        }
      },
      "categoryIds": ["w-pet"],
      "similarProducts": []
    },
    {
      "id": "w-766776-9334214028880",
      "name": "Optimum Adult 7+ With Chicken Vegetables & Rice Dry Dog Food",
      "brand": "Optimum",
      "imageUrls": "https://cdn0.woolworths.media/content/wowproductimages/large/766776.jpg",
      "storeId": "woolworths",
      "packageSize": "2.7kg",
      "cupPrice": "$0.48 / 100G",
      "locations": {
        "ALL": {
          "price": 13,
          "discountRate": 32,
          "promo": "",
          "orgPrice": 19
        }
      },
      "categoryIds": ["w-pet"],
      "similarProducts": []
    },
    {
      "id": "w-214646-9310022193200",
      "name": "Optimum Adult Wet Dog Food Beef & Rice Can",
      "brand": "Optimum",
      "imageUrls": "https://cdn0.woolworths.media/content/wowproductimages/large/214646.jpg",
      "storeId": "woolworths",
      "packageSize": "700g",
      "cupPrice": "$0.43 / 100G",
      "locations": {
        "ALL": {
          "price": 3,
          "discountRate": 20,
          "promo": "",
          "orgPrice": 3.75
        }
      },
      "categoryIds": ["w-pet"],
      "similarProducts": []
    },
    {
      "id": "w-214647-9310022193309",
      "name": "Optimum Adult With Lamb & Rice Wet Dog Food",
      "brand": "Optimum",
      "imageUrls": "https://cdn0.woolworths.media/content/wowproductimages/large/214647.jpg",
      "storeId": "woolworths",
      "packageSize": "700g",
      "cupPrice": "$0.43 / 100G",
      "locations": {
        "ALL": {
          "price": 3,
          "discountRate": 20,
          "promo": "",
          "orgPrice": 3.75
        }
      },
      "categoryIds": ["w-pet"],
      "similarProducts": []
    },
    {
      "id": "w-677875-9334214046990",
      "name": "Optimum Grain Free Kangaroo & Vegetables Wet Dog Food Can",
      "brand": "Optimum",
      "imageUrls": "https://cdn0.woolworths.media/content/wowproductimages/large/677875.jpg",
      "storeId": "woolworths",
      "packageSize": "700g",
      "cupPrice": "$0.43 / 100G",
      "locations": {
        "ALL": {
          "price": 3,
          "discountRate": 20,
          "promo": "",
          "orgPrice": 3.75
        }
      },
      "categoryIds": ["w-pet"],
      "similarProducts": []
    },
    {
      "id": "w-659585-9334214042169",
      "name": "Optimum Grain Free With Beef & Vegetables Dry Dog Food",
      "brand": "Optimum",
      "imageUrls": "https://cdn0.woolworths.media/content/wowproductimages/large/659585.jpg",
      "storeId": "woolworths",
      "packageSize": "2.5kg",
      "cupPrice": "$0.52 / 100G",
      "locations": {
        "ALL": {
          "price": 13,
          "discountRate": 32,
          "promo": "",
          "orgPrice": 19
        }
      },
      "categoryIds": ["w-pet"],
      "similarProducts": []
    },
    {
      "id": "w-659569-9334214042145",
      "name": "Optimum Grain Free With Chicken & Vegetables Dry Dog Food",
      "brand": "Optimum",
      "imageUrls": "https://cdn0.woolworths.media/content/wowproductimages/large/659569.jpg",
      "storeId": "woolworths",
      "packageSize": "2.5kg",
      "cupPrice": "$0.52 / 100G",
      "locations": {
        "ALL": {
          "price": 13,
          "discountRate": 32,
          "promo": "",
          "orgPrice": 19
        }
      },
      "categoryIds": ["w-pet"],
      "similarProducts": []
    },
    {
      "id": "w-224955-9310022193101",
      "name": "Optimum Light & Healthy With Chicken & Rice Wet Dog Food",
      "brand": "Optimum",
      "imageUrls": "https://cdn0.woolworths.media/content/wowproductimages/large/224955.jpg",
      "storeId": "woolworths",
      "packageSize": "680g",
      "cupPrice": "$0.44 / 100G",
      "locations": {
        "ALL": {
          "price": 3,
          "discountRate": 20,
          "promo": "",
          "orgPrice": 3.75
        }
      },
      "categoryIds": ["w-pet"],
      "similarProducts": []
    },
    {
      "id": "w-360069-9334214019499",
      "name": "Optimum Puppy With Chicken Dry Dog Food",
      "brand": "Optimum",
      "imageUrls": "https://cdn0.woolworths.media/content/wowproductimages/large/360069.jpg",
      "storeId": "woolworths",
      "packageSize": "3kg",
      "cupPrice": "$0.43 / 100G",
      "locations": {
        "ALL": {
          "price": 13,
          "discountRate": 32,
          "promo": "",
          "orgPrice": 19
        }
      },
      "categoryIds": ["w-pet"],
      "similarProducts": []
    },
    {
      "id": "w-214645-9310022193002",
      "name": "Optimum Puppy With Chicken Rice & Vegetables Wet Dog Food",
      "brand": "Optimum",
      "imageUrls": "https://cdn0.woolworths.media/content/wowproductimages/large/214645.jpg",
      "storeId": "woolworths",
      "packageSize": "700g",
      "cupPrice": "$0.43 / 100G",
      "locations": {
        "ALL": {
          "price": 3,
          "discountRate": 20,
          "promo": "",
          "orgPrice": 3.75
        }
      },
      "categoryIds": ["w-pet"],
      "similarProducts": []
    },
    {
      "id": "w-360072-9334214019482",
      "name": "Optimum Small Breed With Chicken Vegetables & Rice Dry Dog Food",
      "brand": "Optimum",
      "imageUrls": "https://cdn0.woolworths.media/content/wowproductimages/large/360072.jpg",
      "storeId": "woolworths",
      "packageSize": "3kg",
      "cupPrice": "$0.43 / 100G",
      "locations": {
        "ALL": {
          "price": 13,
          "discountRate": 32,
          "promo": "",
          "orgPrice": 19
        }
      },
      "categoryIds": ["w-pet"],
      "similarProducts": []
    },
    {
      "id": "w-659172-9340710005010",
      "name": "Prime Pantry Raw Chicken With Fruit & Vegetables",
      "brand": "Prime Pantry",
      "imageUrls": "https://cdn0.woolworths.media/content/wowproductimages/large/659172.jpg",
      "storeId": "woolworths",
      "packageSize": "3x220g",
      "cupPrice": "$0.76 / 100G",
      "locations": {
        "ALL": { "price": 5, "discountRate": 17, "promo": "", "orgPrice": 6 }
      },
      "categoryIds": ["w-pet"],
      "similarProducts": []
    },
    {
      "id": "w-21227-9300605128385",
      "name": "Purina One Adult Cat Dry Food With Salmon & Tuna",
      "brand": "Purina",
      "imageUrls": "https://cdn0.woolworths.media/content/wowproductimages/large/021227.jpg",
      "storeId": "woolworths",
      "packageSize": "3kg",
      "cupPrice": "$0.67 / 100G",
      "locations": {
        "ALL": {
          "price": 20,
          "discountRate": 27,
          "promo": "",
          "orgPrice": 27.5
        }
      },
      "categoryIds": ["w-pet"],
      "similarProducts": []
    },
    {
      "id": "w-66600-9300605131651",
      "name": "Purina One Hairball Reduction Cat Food",
      "brand": "Purina",
      "imageUrls": "https://cdn0.woolworths.media/content/wowproductimages/large/066600.jpg",
      "storeId": "woolworths",
      "packageSize": "3kg",
      "cupPrice": "$0.67 / 100G",
      "locations": {
        "ALL": {
          "price": 20,
          "discountRate": 27,
          "promo": "",
          "orgPrice": 27.5
        }
      },
      "categoryIds": ["w-pet"],
      "similarProducts": []
    },
    {
      "id": "w-66621-9300605131453",
      "name": "Purina One Indoor Cat Food",
      "brand": "Purina",
      "imageUrls": "https://cdn0.woolworths.media/content/wowproductimages/large/066621.jpg",
      "storeId": "woolworths",
      "packageSize": "3kg",
      "cupPrice": "$0.67 / 100G",
      "locations": {
        "ALL": {
          "price": 20,
          "discountRate": 27,
          "promo": "",
          "orgPrice": 27.5
        }
      },
      "categoryIds": ["w-pet"],
      "similarProducts": []
    },
    {
      "id": "w-21148-9300605128392",
      "name": "Purina One Urinary Tract Health",
      "brand": "Purina",
      "imageUrls": "https://cdn0.woolworths.media/content/wowproductimages/large/021148.jpg",
      "storeId": "woolworths",
      "packageSize": "3kg",
      "cupPrice": "$0.67 / 100G",
      "locations": {
        "ALL": {
          "price": 20,
          "discountRate": 27,
          "promo": "",
          "orgPrice": 27.5
        }
      },
      "categoryIds": ["w-pet"],
      "similarProducts": []
    },
    {
      "id": "w-67326-9340510010641",
      "name": "Rufus & Coco Reel Fish Crunchers Cat Treats",
      "brand": "Rufus & Coco",
      "imageUrls": "https://cdn0.woolworths.media/content/wowproductimages/large/067326.jpg",
      "storeId": "woolworths",
      "packageSize": "30g",
      "cupPrice": "$36.67 / 100G",
      "locations": {
        "ALL": {
          "price": 11,
          "discountRate": 15,
          "promo": "",
          "orgPrice": 13
        }
      },
      "categoryIds": ["w-pet"],
      "similarProducts": []
    },
    {
      "id": "w-371091-9334214020518",
      "name": "Schmackos Stix With Beef Dog Treats",
      "brand": "Schmackos",
      "imageUrls": "https://cdn0.woolworths.media/content/wowproductimages/large/371091.jpg",
      "storeId": "woolworths",
      "packageSize": "500g",
      "cupPrice": "$1.80 / 100G",
      "locations": {
        "ALL": {
          "price": 9,
          "discountRate": 30,
          "promo": "",
          "orgPrice": 12.9
        }
      },
      "categoryIds": ["w-pet"],
      "similarProducts": []
    },
    {
      "id": "w-657197-9334214041889",
      "name": "Schmackos Strapz Variety Pack Chicken Liver & Beef Dog Treats",
      "brand": "Schmackos",
      "imageUrls": "https://cdn0.woolworths.media/content/wowproductimages/large/657197.jpg",
      "storeId": "woolworths",
      "packageSize": "500g",
      "cupPrice": "$1.80 / 100G",
      "locations": {
        "ALL": {
          "price": 9,
          "discountRate": 30,
          "promo": "",
          "orgPrice": 12.9
        }
      },
      "categoryIds": ["w-pet"],
      "similarProducts": []
    },
    {
      "id": "w-516942-9300605111059",
      "name": "Supercoat Adult Dog Food Active",
      "brand": "Supercoat",
      "imageUrls": "https://cdn0.woolworths.media/content/wowproductimages/large/516942.jpg",
      "storeId": "woolworths",
      "packageSize": "7.5kg",
      "cupPrice": "$0.27 / 100G",
      "locations": {
        "ALL": {
          "price": 20,
          "discountRate": 31,
          "promo": "",
          "orgPrice": 29
        }
      },
      "categoryIds": ["w-pet"],
      "similarProducts": []
    },
    {
      "id": "w-516945-9300605111073",
      "name": "Supercoat Adult Dog Food Beef",
      "brand": "Supercoat",
      "imageUrls": "https://cdn0.woolworths.media/content/wowproductimages/large/516945.jpg",
      "storeId": "woolworths",
      "packageSize": "7.5kg",
      "cupPrice": "$0.27 / 100G",
      "locations": {
        "ALL": {
          "price": 20,
          "discountRate": 31,
          "promo": "",
          "orgPrice": 29
        }
      },
      "categoryIds": ["w-pet"],
      "similarProducts": []
    },
    {
      "id": "w-517306-9300605111097",
      "name": "Supercoat Adult Dog Food Chicken",
      "brand": "Supercoat",
      "imageUrls": "https://cdn0.woolworths.media/content/wowproductimages/large/517306.jpg",
      "storeId": "woolworths",
      "packageSize": "7.5kg",
      "cupPrice": "$0.27 / 100G",
      "locations": {
        "ALL": {
          "price": 20,
          "discountRate": 31,
          "promo": "",
          "orgPrice": 29
        }
      },
      "categoryIds": ["w-pet"],
      "similarProducts": []
    },
    {
      "id": "w-516951-9300605111042",
      "name": "Supercoat Adult Dog Food Healthy Weight",
      "brand": "Supercoat",
      "imageUrls": "https://cdn0.woolworths.media/content/wowproductimages/large/516951.jpg",
      "storeId": "woolworths",
      "packageSize": "7.5kg",
      "cupPrice": "$0.27 / 100G",
      "locations": {
        "ALL": {
          "price": 20,
          "discountRate": 31,
          "promo": "",
          "orgPrice": 29
        }
      },
      "categoryIds": ["w-pet"],
      "similarProducts": []
    },
    {
      "id": "w-516940-9300605111035",
      "name": "Supercoat Puppy Dog Food Chicken",
      "brand": "Supercoat",
      "imageUrls": "https://cdn0.woolworths.media/content/wowproductimages/large/516940.jpg",
      "storeId": "woolworths",
      "packageSize": "7.5kg",
      "cupPrice": "$0.27 / 100G",
      "locations": {
        "ALL": {
          "price": 20,
          "discountRate": 31,
          "promo": "",
          "orgPrice": 29
        }
      },
      "categoryIds": ["w-pet"],
      "similarProducts": []
    },
    {
      "id": "w-817339-9321855000184",
      "name": "The Natural Paw Company Tofu Cat Litter Original",
      "brand": "The Natural Paw Company",
      "imageUrls": "https://cdn0.woolworths.media/content/wowproductimages/large/817339.jpg",
      "storeId": "woolworths",
      "packageSize": "2kg",
      "cupPrice": "$3.00 / 1KG",
      "locations": {
        "ALL": { "price": 6, "discountRate": 50, "promo": "", "orgPrice": 12 }
      },
      "categoryIds": ["w-pet"],
      "similarProducts": []
    },
    {
      "id": "w-362219-9300605061002",
      "name": "Total Care Tasty Dog Chew Heart+allwormer Medium",
      "brand": "Total Care",
      "imageUrls": "https://cdn0.woolworths.media/content/wowproductimages/large/362219.jpg",
      "storeId": "woolworths",
      "packageSize": "each",
      "cupPrice": "$7.27 / 1EA",
      "locations": {
        "ALL": {
          "price": 21.8,
          "discountRate": 30,
          "promo": "",
          "orgPrice": 31.09
        }
      },
      "categoryIds": ["w-pet"],
      "similarProducts": []
    },
    {
      "id": "w-204515-9310022263316",
      "name": "Trill Bird Millet Sprays",
      "brand": "Trill",
      "imageUrls": "https://cdn0.woolworths.media/content/wowproductimages/large/204515.jpg",
      "storeId": "woolworths",
      "packageSize": "150g",
      "cupPrice": "$3.19 / 100G",
      "locations": {
        "ALL": {
          "price": 4.79,
          "discountRate": 20,
          "promo": "",
          "orgPrice": 6
        }
      },
      "categoryIds": ["w-pet"],
      "similarProducts": []
    },
    {
      "id": "w-672509-9334214043081",
      "name": "Trill Toppers Bird Treat",
      "brand": "Trill",
      "imageUrls": "https://cdn0.woolworths.media/content/wowproductimages/large/672509.jpg",
      "storeId": "woolworths",
      "packageSize": "112g",
      "cupPrice": "$3.56 / 100G",
      "locations": {
        "ALL": {
          "price": 3.99,
          "discountRate": 20,
          "promo": "",
          "orgPrice": 4.99
        }
      },
      "categoryIds": ["w-pet"],
      "similarProducts": []
    },
    {
      "id": "w-65645-9310768112800",
      "name": "Ultimates Indulge Chicken Smoothie",
      "brand": "Ultimates",
      "imageUrls": "https://cdn0.woolworths.media/content/wowproductimages/large/065645.jpg",
      "storeId": "woolworths",
      "packageSize": "90g",
      "cupPrice": "$2.78 / 100G",
      "locations": {
        "ALL": {
          "price": 2.5,
          "discountRate": 17,
          "promo": "",
          "orgPrice": 3
        }
      },
      "categoryIds": ["w-pet"],
      "similarProducts": []
    },
    {
      "id": "w-91084-9310768113340",
      "name": "Ultimates Indulge Beef & Lamb Mince Flavours",
      "brand": "Ultimates Indulge",
      "imageUrls": "https://cdn0.woolworths.media/content/wowproductimages/large/091084.jpg",
      "storeId": "woolworths",
      "packageSize": "6 pack",
      "cupPrice": "$1.37 / 100G",
      "locations": {
        "ALL": {
          "price": 7,
          "discountRate": 18,
          "promo": "",
          "orgPrice": 8.5
        }
      },
      "categoryIds": ["w-pet"],
      "similarProducts": []
    },
    {
      "id": "w-56690-9310768112602",
      "name": "Ultimates Indulge Beef Mince With Gravy",
      "brand": "Ultimates Indulge",
      "imageUrls": "https://cdn0.woolworths.media/content/wowproductimages/large/056690.jpg",
      "storeId": "woolworths",
      "packageSize": "100g",
      "cupPrice": "$1.20 / 100G",
      "locations": {
        "ALL": {
          "price": 1.2,
          "discountRate": 20,
          "promo": "",
          "orgPrice": 1.5
        }
      },
      "categoryIds": ["w-pet"],
      "similarProducts": []
    },
    {
      "id": "w-65616-9310768112794",
      "name": "Ultimates Indulge Beef Smoothie",
      "brand": "Ultimates Indulge",
      "imageUrls": "https://cdn0.woolworths.media/content/wowproductimages/large/065616.jpg",
      "storeId": "woolworths",
      "packageSize": "90g",
      "cupPrice": "$2.78 / 100G",
      "locations": {
        "ALL": {
          "price": 2.5,
          "discountRate": 17,
          "promo": "",
          "orgPrice": 3
        }
      },
      "categoryIds": ["w-pet"],
      "similarProducts": []
    },
    {
      "id": "w-90062-9310768113654",
      "name": "Ultimates Indulge Chicken & Whitemeat Flavours",
      "brand": "Ultimates Indulge",
      "imageUrls": "https://cdn0.woolworths.media/content/wowproductimages/large/090062.jpg",
      "storeId": "woolworths",
      "packageSize": "6 pack",
      "cupPrice": "$1.37 / 100G",
      "locations": {
        "ALL": {
          "price": 7,
          "discountRate": 18,
          "promo": "",
          "orgPrice": 8.5
        }
      },
      "categoryIds": ["w-pet"],
      "similarProducts": []
    },
    {
      "id": "w-55686-9310768112589",
      "name": "Ultimates Indulge Chicken Mince And Sardine",
      "brand": "Ultimates Indulge",
      "imageUrls": "https://cdn0.woolworths.media/content/wowproductimages/large/055686.jpg",
      "storeId": "woolworths",
      "packageSize": "100g",
      "cupPrice": "$1.20 / 100G",
      "locations": {
        "ALL": {
          "price": 1.2,
          "discountRate": 20,
          "promo": "",
          "orgPrice": 1.5
        }
      },
      "categoryIds": ["w-pet"],
      "similarProducts": []
    },
    {
      "id": "w-55677-9310768112596",
      "name": "Ultimates Indulge Chicken Mince And Tuna",
      "brand": "Ultimates Indulge",
      "imageUrls": "https://cdn0.woolworths.media/content/wowproductimages/large/055677.jpg",
      "storeId": "woolworths",
      "packageSize": "100g",
      "cupPrice": "$1.20 / 100G",
      "locations": {
        "ALL": {
          "price": 1.2,
          "discountRate": 20,
          "promo": "",
          "orgPrice": 1.5
        }
      },
      "categoryIds": ["w-pet"],
      "similarProducts": []
    },
    {
      "id": "w-55685-9310768112572",
      "name": "Ultimates Indulge Chicken Mince In Gravy",
      "brand": "Ultimates Indulge",
      "imageUrls": "https://cdn0.woolworths.media/content/wowproductimages/large/055685.jpg",
      "storeId": "woolworths",
      "packageSize": "100g",
      "cupPrice": "$1.20 / 100G",
      "locations": {
        "ALL": {
          "price": 1.2,
          "discountRate": 20,
          "promo": "",
          "orgPrice": 1.5
        }
      },
      "categoryIds": ["w-pet"],
      "similarProducts": []
    },
    {
      "id": "w-89797-9310768112756",
      "name": "Ultimates Indulge Chicken Prawn & Tuna Flavours",
      "brand": "Ultimates Indulge",
      "imageUrls": "https://cdn0.woolworths.media/content/wowproductimages/large/089797.jpg",
      "storeId": "woolworths",
      "packageSize": "6 pack",
      "cupPrice": "$1.37 / 100G",
      "locations": {
        "ALL": {
          "price": 7,
          "discountRate": 18,
          "promo": "",
          "orgPrice": 8.5
        }
      },
      "categoryIds": ["w-pet"],
      "similarProducts": []
    },
    {
      "id": "w-55683-9310768112619",
      "name": "Ultimates Indulge Lamb Mince In Gravy",
      "brand": "Ultimates Indulge",
      "imageUrls": "https://cdn0.woolworths.media/content/wowproductimages/large/055683.jpg",
      "storeId": "woolworths",
      "packageSize": "100g",
      "cupPrice": "$1.20 / 100G",
      "locations": {
        "ALL": {
          "price": 1.2,
          "discountRate": 20,
          "promo": "",
          "orgPrice": 1.5
        }
      },
      "categoryIds": ["w-pet"],
      "similarProducts": []
    },
    {
      "id": "w-65644-9310768112787",
      "name": "Ultimates Indulge Lamb Smoothie",
      "brand": "Ultimates Indulge",
      "imageUrls": "https://cdn0.woolworths.media/content/wowproductimages/large/065644.jpg",
      "storeId": "woolworths",
      "packageSize": "90g",
      "cupPrice": "$2.78 / 100G",
      "locations": {
        "ALL": {
          "price": 2.5,
          "discountRate": 17,
          "promo": "",
          "orgPrice": 3
        }
      },
      "categoryIds": ["w-pet"],
      "similarProducts": []
    },
    {
      "id": "w-55086-9310768112817",
      "name": "Ultimates Indulge Natural Chicken",
      "brand": "Ultimates Indulge",
      "imageUrls": "https://cdn0.woolworths.media/content/wowproductimages/large/055086.jpg",
      "storeId": "woolworths",
      "packageSize": "1kg",
      "cupPrice": "$0.70 / 100G",
      "locations": {
        "ALL": { "price": 7, "discountRate": 13, "promo": "", "orgPrice": 8 }
      },
      "categoryIds": ["w-pet"],
      "similarProducts": []
    },
    {
      "id": "w-55687-9310768112824",
      "name": "Ultimates Indulge Natural Salmon",
      "brand": "Ultimates Indulge",
      "imageUrls": "https://cdn0.woolworths.media/content/wowproductimages/large/055687.jpg",
      "storeId": "woolworths",
      "packageSize": "1kg",
      "cupPrice": "$0.70 / 100G",
      "locations": {
        "ALL": { "price": 7, "discountRate": 13, "promo": "", "orgPrice": 8 }
      },
      "categoryIds": ["w-pet"],
      "similarProducts": []
    },
    {
      "id": "w-382206-9319185057749",
      "name": "V.i.p Fussy Cat Grainfree Chicken Turkey & Cranberry",
      "brand": "V.i.p",
      "imageUrls": "https://cdn0.woolworths.media/content/wowproductimages/large/382206.jpg",
      "storeId": "woolworths",
      "packageSize": "500g",
      "cupPrice": "$0.70 / 100G",
      "locations": {
        "ALL": {
          "price": 3.5,
          "discountRate": 30,
          "promo": "",
          "orgPrice": 5
        }
      },
      "categoryIds": ["w-pet"],
      "similarProducts": []
    },
    {
      "id": "w-382205-9319185057961",
      "name": "V.i.p Fussy Cat Grainfree Salmon & White Fish With Oil",
      "brand": "V.i.p",
      "imageUrls": "https://cdn0.woolworths.media/content/wowproductimages/large/382205.jpg",
      "storeId": "woolworths",
      "packageSize": "500g",
      "cupPrice": "$0.70 / 100G",
      "locations": {
        "ALL": {
          "price": 3.5,
          "discountRate": 30,
          "promo": "",
          "orgPrice": 5
        }
      },
      "categoryIds": ["w-pet"],
      "similarProducts": []
    },
    {
      "id": "w-27158-9312239029860",
      "name": "Vitapet Jerhigh Milky Sticks",
      "brand": "Vitapet",
      "imageUrls": "https://cdn0.woolworths.media/content/wowproductimages/large/027158.jpg",
      "storeId": "woolworths",
      "packageSize": "400g",
      "cupPrice": "$3.00 / 100G",
      "locations": {
        "ALL": {
          "price": 12,
          "discountRate": 19,
          "promo": "",
          "orgPrice": 14.85
        }
      },
      "categoryIds": ["w-pet"],
      "similarProducts": []
    },
    {
      "id": "w-703364-9400539083603",
      "name": "Vitapet Jerhigh Treat Variety Pack",
      "brand": "Vitapet",
      "imageUrls": "https://cdn0.woolworths.media/content/wowproductimages/large/703364.jpg",
      "storeId": "woolworths",
      "packageSize": "400g",
      "cupPrice": "$3.00 / 100G",
      "locations": {
        "ALL": {
          "price": 12,
          "discountRate": 19,
          "promo": "",
          "orgPrice": 14.85
        }
      },
      "categoryIds": ["w-pet"],
      "similarProducts": []
    },
    {
      "id": "w-58874-9340621000531",
      "name": "Vitarapid Skin & Coat Daily Dog Treat",
      "brand": "Vitarapid",
      "imageUrls": "https://cdn0.woolworths.media/content/wowproductimages/large/058874.jpg",
      "storeId": "woolworths",
      "packageSize": "210g",
      "cupPrice": "$3.10 / 100G",
      "locations": {
        "ALL": {
          "price": 6.5,
          "discountRate": 50,
          "promo": "",
          "orgPrice": 13
        }
      },
      "categoryIds": ["w-pet"],
      "similarProducts": []
    },
    {
      "id": "w-250369-9310022199103",
      "name": "Whiskas 1+ Years Dry Cat Food Chicken & Turkey",
      "brand": "Whiskas",
      "imageUrls": "https://cdn0.woolworths.media/content/wowproductimages/large/250369.jpg",
      "storeId": "woolworths",
      "packageSize": "2.5kg",
      "cupPrice": "$0.40 / 100G",
      "locations": {
        "ALL": {
          "price": 10,
          "discountRate": 23,
          "promo": "",
          "orgPrice": 13
        }
      },
      "categoryIds": ["w-pet"],
      "similarProducts": []
    },
    {
      "id": "w-250379-9310022199004",
      "name": "Whiskas 1+ Years Dry Cat Food Sardine & Prawn",
      "brand": "Whiskas",
      "imageUrls": "https://cdn0.woolworths.media/content/wowproductimages/large/250379.jpg",
      "storeId": "woolworths",
      "packageSize": "2.5kg",
      "cupPrice": "$0.40 / 100G",
      "locations": {
        "ALL": {
          "price": 10,
          "discountRate": 23,
          "promo": "",
          "orgPrice": 13
        }
      },
      "categoryIds": ["w-pet"],
      "similarProducts": [
        {
          "productId": "whiskas-cat-food-furball-sardines-prawn-tuna-whitebait",
          "storeId": "coles"
        }
      ]
    },
    {
      "id": "w-643656-381370038023",
      "name": "Aveeno Baby Calming Comfort Bath",
      "brand": "Aveeno",
      "imageUrls": "https://cdn0.woolworths.media/content/wowproductimages/large/643656.jpg",
      "storeId": "woolworths",
      "packageSize": "236ml",
      "cupPrice": "$2.54 / 100ML",
      "locations": {
        "ALL": { "price": 6, "discountRate": 40, "promo": "", "orgPrice": 10 }
      },
      "categoryIds": ["w-baby"],
      "similarProducts": []
    },
    {
      "id": "w-339043-62600500496",
      "name": "Aveeno Baby Daily Moisturising Lotion",
      "brand": "Aveeno",
      "imageUrls": "https://cdn0.woolworths.media/content/wowproductimages/large/339043.jpg",
      "storeId": "woolworths",
      "packageSize": "227ml",
      "cupPrice": "$2.64 / 100G",
      "locations": {
        "ALL": { "price": 6, "discountRate": 40, "promo": "", "orgPrice": 10 }
      },
      "categoryIds": ["w-baby"],
      "similarProducts": [
        { "productId": "cw-60252", "storeId": "chemist-warehouse" }
      ]
    },
    {
      "id": "w-714-9300607761634",
      "name": "Aveeno Baby Dermexa Wash",
      "brand": "Aveeno",
      "imageUrls": "https://cdn0.woolworths.media/content/wowproductimages/large/000714.jpg",
      "storeId": "woolworths",
      "packageSize": "236ml",
      "cupPrice": "$4.32 / 100ML",
      "locations": {
        "ALL": {
          "price": 10.2,
          "discountRate": 40,
          "promo": "",
          "orgPrice": 17
        }
      },
      "categoryIds": ["w-baby"],
      "similarProducts": []
    },
    {
      "id": "w-339045-381370039136",
      "name": "Aveeno Baby Soothing Relief Moisture Cream",
      "brand": "Aveeno",
      "imageUrls": "https://cdn0.woolworths.media/content/wowproductimages/large/339045.jpg",
      "storeId": "woolworths",
      "packageSize": "140g",
      "cupPrice": "$4.29 / 100G",
      "locations": {
        "ALL": { "price": 6, "discountRate": 40, "promo": "", "orgPrice": 10 }
      },
      "categoryIds": ["w-baby"],
      "similarProducts": []
    },
    {
      "id": "w-339038-381370036654",
      "name": "Aveeno Baby Wash & Shampoo",
      "brand": "Aveeno",
      "imageUrls": "https://cdn0.woolworths.media/content/wowproductimages/large/339038.jpg",
      "storeId": "woolworths",
      "packageSize": "236ml",
      "cupPrice": "$2.54 / 100ML",
      "locations": {
        "ALL": { "price": 6, "discountRate": 40, "promo": "", "orgPrice": 10 }
      },
      "categoryIds": ["w-baby", "w-health-beauty"],
      "similarProducts": []
    },
    {
      "id": "w-82587-3574661411545",
      "name": "Aveeno Dermexa Daily Emollient Cream",
      "brand": "Aveeno",
      "imageUrls": "https://cdn0.woolworths.media/content/wowproductimages/large/082587.jpg",
      "storeId": "woolworths",
      "packageSize": "200ml",
      "cupPrice": "$8.80 / 100ML",
      "locations": {
        "ALL": {
          "price": 17.6,
          "discountRate": 20,
          "promo": "",
          "orgPrice": 22
        }
      },
      "categoryIds": ["w-baby"],
      "similarProducts": [
        { "productId": "cw-99799", "storeId": "chemist-warehouse" }
      ]
    },
    {
      "id": "w-715632-9312818003236",
      "name": "Babylove Sleepy Nights Overnight Pants 18-35kg",
      "brand": "Babylove",
      "imageUrls": "https://cdn0.woolworths.media/content/wowproductimages/large/715632.jpg",
      "storeId": "woolworths",
      "packageSize": "9 pack",
      "cupPrice": "$1.00 / 1EA",
      "locations": {
        "ALL": { "price": 9, "discountRate": 18, "promo": "", "orgPrice": 11 }
      },
      "categoryIds": ["w-baby"],
      "similarProducts": []
    },
    {
      "id": "w-334825-9312818002819",
      "name": "Babylove Sleepy Nights Overnight Pants 25-57kg",
      "brand": "Babylove",
      "imageUrls": "https://cdn0.woolworths.media/content/wowproductimages/large/334825.jpg",
      "storeId": "woolworths",
      "packageSize": "8 pack",
      "cupPrice": "$1.13 / 1EA",
      "locations": {
        "ALL": { "price": 9, "discountRate": 18, "promo": "", "orgPrice": 11 }
      },
      "categoryIds": ["w-baby"],
      "similarProducts": []
    },
    {
      "id": "w-83072-9339687154630",
      "name": "Bath Fun 2 In 1 Bath Organiser-penguin",
      "brand": "Bath Fun",
      "imageUrls": "https://cdn0.woolworths.media/content/wowproductimages/large/083072.jpg",
      "storeId": "woolworths",
      "packageSize": "each",
      "cupPrice": "$0.00 / 0",
      "locations": {
        "ALL": { "price": 5, "discountRate": 50, "promo": "", "orgPrice": 10 }
      },
      "categoryIds": ["w-baby", "w-household"],
      "similarProducts": []
    },
    {
      "id": "w-64341-9332045002062",
      "name": "Bellamy's Apple & Mango Yoghurt",
      "brand": "Bellamy's",
      "imageUrls": "https://cdn0.woolworths.media/content/wowproductimages/large/064341.jpg",
      "storeId": "woolworths",
      "packageSize": "120g",
      "cupPrice": "$1.25 / 100G",
      "locations": {
        "ALL": {
          "price": 1.5,
          "discountRate": 35,
          "promo": "",
          "orgPrice": 2.3
        }
      },
      "categoryIds": ["w-baby"],
      "similarProducts": []
    },
    {
      "id": "w-64392-9332045002048",
      "name": "Bellamy's Banana & Straw Yoghurt",
      "brand": "Bellamy's",
      "imageUrls": "https://cdn0.woolworths.media/content/wowproductimages/large/064392.jpg",
      "storeId": "woolworths",
      "packageSize": "120g",
      "cupPrice": "$1.25 / 100G",
      "locations": {
        "ALL": {
          "price": 1.5,
          "discountRate": 35,
          "promo": "",
          "orgPrice": 2.3
        }
      },
      "categoryIds": ["w-baby"],
      "similarProducts": []
    },
    {
      "id": "w-798475-9332045001218",
      "name": "Bellamy's Organic Apple & Fig Oatmeal 4 Months",
      "brand": "Bellamy's",
      "imageUrls": "https://cdn0.woolworths.media/content/wowproductimages/large/798475.jpg",
      "storeId": "woolworths",
      "packageSize": "120g",
      "cupPrice": "$1.42 / 100G",
      "locations": {
        "ALL": {
          "price": 1.7,
          "discountRate": 15,
          "promo": "",
          "orgPrice": 2
        }
      },
      "categoryIds": ["w-baby"],
      "similarProducts": []
    },
    {
      "id": "w-331707-9332045000419",
      "name": "Bellamy's Organic Apple Snacks Apple",
      "brand": "Bellamy's",
      "imageUrls": "https://cdn0.woolworths.media/content/wowproductimages/large/331707.jpg",
      "storeId": "woolworths",
      "packageSize": "20g",
      "cupPrice": "$15.00 / 100G",
      "locations": {
        "ALL": {
          "price": 3,
          "discountRate": 14,
          "promo": "",
          "orgPrice": 3.5
        }
      },
      "categoryIds": ["w-baby"],
      "similarProducts": []
    },
    {
      "id": "w-796421-9332045001225",
      "name": "Bellamy's Organic Banana & Apple Porridge 4 Months",
      "brand": "Bellamy's",
      "imageUrls": "https://cdn0.woolworths.media/content/wowproductimages/large/796421.jpg",
      "storeId": "woolworths",
      "packageSize": "120g",
      "cupPrice": "$1.42 / 100G",
      "locations": {
        "ALL": {
          "price": 1.7,
          "discountRate": 15,
          "promo": "",
          "orgPrice": 2
        }
      },
      "categoryIds": ["w-baby"],
      "similarProducts": []
    },
    {
      "id": "w-796173-9332045001935",
      "name": "Bellamy's Organic Banana Custard With Flaxseed 6 Months",
      "brand": "Bellamy's",
      "imageUrls": "https://cdn0.woolworths.media/content/wowproductimages/large/796173.jpg",
      "storeId": "woolworths",
      "packageSize": "120g",
      "cupPrice": "$1.25 / 100G",
      "locations": {
        "ALL": {
          "price": 1.5,
          "discountRate": 35,
          "promo": "",
          "orgPrice": 2.3
        }
      },
      "categoryIds": ["w-baby"],
      "similarProducts": []
    },
    {
      "id": "w-206395-9332045000044",
      "name": "Bellamy's Organic Milk Rusks",
      "brand": "Bellamy's",
      "imageUrls": "https://cdn0.woolworths.media/content/wowproductimages/large/206395.jpg",
      "storeId": "woolworths",
      "packageSize": "100g",
      "cupPrice": "$3.10 / 100G",
      "locations": {
        "ALL": {
          "price": 3.1,
          "discountRate": 25,
          "promo": "",
          "orgPrice": 4.15
        }
      },
      "categoryIds": ["w-baby"],
      "similarProducts": []
    },
    {
      "id": "w-796215-9332045001942",
      "name": "Bellamy's Organic Vanilla & Pear Custard With Chia Seeds 8 Months",
      "brand": "Bellamy's",
      "imageUrls": "https://cdn0.woolworths.media/content/wowproductimages/large/796215.jpg",
      "storeId": "woolworths",
      "packageSize": "120g",
      "cupPrice": "$1.25 / 100G",
      "locations": {
        "ALL": {
          "price": 1.5,
          "discountRate": 35,
          "promo": "",
          "orgPrice": 2.3
        }
      },
      "categoryIds": ["w-baby"],
      "similarProducts": []
    },
    {
      "id": "w-64402-9332045002055",
      "name": "Bellamy's Pear & Peach Yoghurt",
      "brand": "Bellamy's",
      "imageUrls": "https://cdn0.woolworths.media/content/wowproductimages/large/064402.jpg",
      "storeId": "woolworths",
      "packageSize": "120g",
      "cupPrice": "$1.25 / 100G",
      "locations": {
        "ALL": {
          "price": 1.5,
          "discountRate": 35,
          "promo": "",
          "orgPrice": 2.3
        }
      },
      "categoryIds": ["w-baby"],
      "similarProducts": []
    },
    {
      "id": "w-64394-9332045001300",
      "name": "Bellamy's Organic Organic Chicken Sweet Potato & Couscous Pouch",
      "brand": "Bellamy's Organic",
      "imageUrls": "https://cdn0.woolworths.media/content/wowproductimages/large/064394.jpg",
      "storeId": "woolworths",
      "packageSize": "120g",
      "cupPrice": "$1.42 / 100G",
      "locations": {
        "ALL": {
          "price": 1.7,
          "discountRate": 15,
          "promo": "",
          "orgPrice": 2
        }
      },
      "categoryIds": ["w-baby"],
      "similarProducts": []
    },
    {
      "id": "w-135704-9310160816832",
      "name": "Bepanthen Antiseptic Soothing Cream",
      "brand": "Bepanthen",
      "imageUrls": "https://cdn0.woolworths.media/content/wowproductimages/large/135704.jpg",
      "storeId": "woolworths",
      "packageSize": "100g",
      "cupPrice": "$9.00 / 100G",
      "locations": {
        "ALL": { "price": 9, "discountRate": 25, "promo": "", "orgPrice": 12 }
      },
      "categoryIds": ["w-baby"],
      "similarProducts": []
    },
    {
      "id": "w-203229-9310041901909",
      "name": "Bepanthen Nappy Rash Ointment",
      "brand": "Bepanthen",
      "imageUrls": "https://cdn0.woolworths.media/content/wowproductimages/large/203229.jpg",
      "storeId": "woolworths",
      "packageSize": "100g",
      "cupPrice": "$9.00 / 100G",
      "locations": {
        "ALL": { "price": 9, "discountRate": 10, "promo": "", "orgPrice": 10 }
      },
      "categoryIds": ["w-baby"],
      "similarProducts": []
    },
    {
      "id": "w-33527-9311770602006",
      "name": "Biostime Sn-2 Bio Plus Premium Organic Follow-on Formula Stage 2",
      "brand": "Biostime",
      "imageUrls": "https://cdn0.woolworths.media/content/wowproductimages/large/033527.jpg",
      "storeId": "woolworths",
      "packageSize": "800g",
      "cupPrice": "$4.38 / 100G",
      "locations": {
        "ALL": { "price": 35, "discountRate": 5, "promo": "", "orgPrice": 37 }
      },
      "categoryIds": ["w-baby"],
      "similarProducts": []
    },
    {
      "id": "w-33381-9311770601993",
      "name": "Biostime Sn-2 Bio Plus Premium Organic Infant Formula Stage 1",
      "brand": "Biostime",
      "imageUrls": "https://cdn0.woolworths.media/content/wowproductimages/large/033381.jpg",
      "storeId": "woolworths",
      "packageSize": "800g",
      "cupPrice": "$4.38 / 100G",
      "locations": {
        "ALL": { "price": 35, "discountRate": 5, "promo": "", "orgPrice": 37 }
      },
      "categoryIds": ["w-baby"],
      "similarProducts": []
    },
    {
      "id": "w-33541-9311770602013",
      "name": "Biostime Sn-2 Bio Plus Premium Organic Toddler Milk Drink Stage 3",
      "brand": "Biostime",
      "imageUrls": "https://cdn0.woolworths.media/content/wowproductimages/large/033541.jpg",
      "storeId": "woolworths",
      "packageSize": "800g",
      "cupPrice": "$4.38 / 100G",
      "locations": {
        "ALL": { "price": 35, "discountRate": 5, "promo": "", "orgPrice": 37 }
      },
      "categoryIds": ["w-baby"],
      "similarProducts": []
    },
    {
      "id": "w-811732-5029066008251",
      "name": "Childs Farm 3 In 1 Swim Strawberry & Organic Mint",
      "brand": "Childs Farm",
      "imageUrls": "https://cdn0.woolworths.media/content/wowproductimages/large/811732.jpg",
      "storeId": "woolworths",
      "packageSize": "250ml",
      "cupPrice": "$2.80 / 100ML",
      "locations": {
        "ALL": { "price": 7, "discountRate": 30, "promo": "", "orgPrice": 10 }
      },
      "categoryIds": ["w-baby"],
      "similarProducts": []
    },
    {
      "id": "w-811730-5029066078520",
      "name": "Childs Farm Baby Moisturiser Mildly Fragranced",
      "brand": "Childs Farm",
      "imageUrls": "https://cdn0.woolworths.media/content/wowproductimages/large/811730.jpg",
      "storeId": "woolworths",
      "packageSize": "250ml",
      "cupPrice": "$2.80 / 100ML",
      "locations": {
        "ALL": { "price": 7, "discountRate": 30, "promo": "", "orgPrice": 10 }
      },
      "categoryIds": ["w-baby"],
      "similarProducts": []
    },
    {
      "id": "w-91814-5029066024176",
      "name": "Childs Farm Bubble Bath Organic Tangerine",
      "brand": "Childs Farm",
      "imageUrls": "https://cdn0.woolworths.media/content/wowproductimages/large/091814.jpg",
      "storeId": "woolworths",
      "packageSize": "250ml",
      "cupPrice": "$2.80 / 100ML",
      "locations": {
        "ALL": { "price": 7, "discountRate": 30, "promo": "", "orgPrice": 10 }
      },
      "categoryIds": ["w-baby"],
      "similarProducts": []
    },
    {
      "id": "w-239760-9310320072290",
      "name": "Curash Baby Wipes Fragrance Free",
      "brand": "Curash",
      "imageUrls": "https://cdn0.woolworths.media/content/wowproductimages/large/239760.jpg",
      "storeId": "woolworths",
      "packageSize": "80 pack",
      "cupPrice": "$4.38 / 100EA",
      "locations": {
        "ALL": {
          "price": 3.5,
          "discountRate": 30,
          "promo": "",
          "orgPrice": 5
        }
      },
      "categoryIds": ["w-baby"],
      "similarProducts": []
    },
    {
      "id": "w-784649-9310320001948",
      "name": "Curash Baby Wipes Simply Water",
      "brand": "Curash",
      "imageUrls": "https://cdn0.woolworths.media/content/wowproductimages/large/784649.jpg",
      "storeId": "woolworths",
      "packageSize": "80 pack",
      "cupPrice": "$4.75 / 100EA",
      "locations": {
        "ALL": {
          "price": 3.8,
          "discountRate": 31,
          "promo": "",
          "orgPrice": 5.5
        }
      },
      "categoryIds": ["w-baby"],
      "similarProducts": []
    },
    {
      "id": "w-142295-9310320072221",
      "name": "Curash Baby Wipes Vitamin E",
      "brand": "Curash",
      "imageUrls": "https://cdn0.woolworths.media/content/wowproductimages/large/142295.jpg",
      "storeId": "woolworths",
      "packageSize": "80 pack",
      "cupPrice": "$4.38 / 100EA",
      "locations": {
        "ALL": {
          "price": 3.5,
          "discountRate": 30,
          "promo": "",
          "orgPrice": 5
        }
      },
      "categoryIds": ["w-baby"],
      "similarProducts": []
    },
    {
      "id": "w-696174-9310320003058",
      "name": "Curash Medicated Nappy Rash Spray",
      "brand": "Curash",
      "imageUrls": "https://cdn0.woolworths.media/content/wowproductimages/large/696174.jpg",
      "storeId": "woolworths",
      "packageSize": "50ml",
      "cupPrice": "$16.00 / 100ML",
      "locations": {
        "ALL": { "price": 8, "discountRate": 20, "promo": "", "orgPrice": 10 }
      },
      "categoryIds": ["w-baby"],
      "similarProducts": []
    },
    {
      "id": "w-17144-9310320071101",
      "name": "Curash Nappy Cream",
      "brand": "Curash",
      "imageUrls": "https://cdn0.woolworths.media/content/wowproductimages/large/017144.jpg",
      "storeId": "woolworths",
      "packageSize": "100g",
      "cupPrice": "$4.60 / 100G",
      "locations": {
        "ALL": {
          "price": 4.6,
          "discountRate": 21,
          "promo": "",
          "orgPrice": 5.8
        }
      },
      "categoryIds": ["w-baby"],
      "similarProducts": []
    },
    {
      "id": "w-721040-9420015017076",
      "name": "Ecostore Baby Bubble Bath",
      "brand": "Ecostore",
      "imageUrls": "https://cdn0.woolworths.media/content/wowproductimages/large/721040.jpg",
      "storeId": "woolworths",
      "packageSize": "500ml",
      "cupPrice": "$1.40 / 100ML",
      "locations": {
        "ALL": { "price": 7, "discountRate": 50, "promo": "", "orgPrice": 14 }
      },
      "categoryIds": ["w-baby"],
      "similarProducts": []
    },
    {
      "id": "w-269452-9420015002003",
      "name": "Ecostore Baby Shampoo",
      "brand": "Ecostore",
      "imageUrls": "https://cdn0.woolworths.media/content/wowproductimages/large/269452.jpg",
      "storeId": "woolworths",
      "packageSize": "200ml",
      "cupPrice": "$2.00 / 100ML",
      "locations": {
        "ALL": { "price": 4, "discountRate": 50, "promo": "", "orgPrice": 8 }
      },
      "categoryIds": ["w-baby", "w-health-beauty"],
      "similarProducts": []
    },
    {
      "id": "w-269451-9420015002065",
      "name": "Ecostore Baby Soap",
      "brand": "Ecostore",
      "imageUrls": "https://cdn0.woolworths.media/content/wowproductimages/large/269451.jpg",
      "storeId": "woolworths",
      "packageSize": "80g",
      "cupPrice": "$1.56 / 100G",
      "locations": {
        "ALL": {
          "price": 1.25,
          "discountRate": 50,
          "promo": "",
          "orgPrice": 2.5
        }
      },
      "categoryIds": ["w-baby"],
      "similarProducts": []
    },
    {
      "id": "w-866573-887961735789",
      "name": "Fisher-price Laugh & Learn On The Glow Coffee Cup",
      "brand": "Fisher-price",
      "imageUrls": "https://cdn0.woolworths.media/content/wowproductimages/large/866573.jpg",
      "storeId": "woolworths",
      "packageSize": "each",
      "cupPrice": "$0.00 / 0",
      "locations": {
        "ALL": {
          "price": 6.5,
          "discountRate": 50,
          "promo": "",
          "orgPrice": 13
        }
      },
      "categoryIds": ["w-baby", "w-household"],
      "similarProducts": []
    },
    {
      "id": "w-699138-9332059000528",
      "name": "Gaia Baby Wipes",
      "brand": "Gaia",
      "imageUrls": "https://cdn0.woolworths.media/content/wowproductimages/large/699138.jpg",
      "storeId": "woolworths",
      "packageSize": "240 pack",
      "cupPrice": "$3.50 / 100EA",
      "locations": {
        "ALL": {
          "price": 8.4,
          "discountRate": 40,
          "promo": "",
          "orgPrice": 14
        }
      },
      "categoryIds": ["w-baby"],
      "similarProducts": []
    },
    {
      "id": "w-59402-9300657158538",
      "name": "Heinz Butter Chicken Sauce",
      "brand": "Heinz",
      "imageUrls": "https://cdn0.woolworths.media/content/wowproductimages/large/059402.jpg",
      "storeId": "woolworths",
      "packageSize": "170g",
      "cupPrice": "$0.88 / 100G",
      "locations": {
        "ALL": {
          "price": 1.5,
          "discountRate": 25,
          "promo": "",
          "orgPrice": 2
        }
      },
      "categoryIds": ["w-baby"],
      "similarProducts": []
    },
    {
      "id": "w-59393-9300657158453",
      "name": "Heinz Curry Cauliflower Hummus Dip",
      "brand": "Heinz",
      "imageUrls": "https://cdn0.woolworths.media/content/wowproductimages/large/059393.jpg",
      "storeId": "woolworths",
      "packageSize": "120g",
      "cupPrice": "$1.25 / 100G",
      "locations": {
        "ALL": {
          "price": 1.5,
          "discountRate": 25,
          "promo": "",
          "orgPrice": 2
        }
      },
      "categoryIds": ["w-baby"],
      "similarProducts": []
    },
    {
      "id": "w-227154-9300657231767",
      "name": "Heinz Little Kids Yoghurt Muesli Fingers Fruit Salad",
      "brand": "Heinz",
      "imageUrls": "https://cdn0.woolworths.media/content/wowproductimages/large/227154.jpg",
      "storeId": "woolworths",
      "packageSize": "6 pack",
      "cupPrice": "$2.78 / 100G",
      "locations": {
        "ALL": {
          "price": 2.5,
          "discountRate": 29,
          "promo": "",
          "orgPrice": 3.5
        }
      },
      "categoryIds": ["w-baby"],
      "similarProducts": []
    },
    {
      "id": "w-59395-9300657158545",
      "name": "Heinz Mediterranean Style Tomato Sauce",
      "brand": "Heinz",
      "imageUrls": "https://cdn0.woolworths.media/content/wowproductimages/large/059395.jpg",
      "storeId": "woolworths",
      "packageSize": "170g",
      "cupPrice": "$0.88 / 100G",
      "locations": {
        "ALL": {
          "price": 1.5,
          "discountRate": 25,
          "promo": "",
          "orgPrice": 2
        }
      },
      "categoryIds": ["w-baby"],
      "similarProducts": []
    },
    {
      "id": "w-59370-9300657158446",
      "name": "Heinz Pumpkin & Sweet Potato Hummus Dip",
      "brand": "Heinz",
      "imageUrls": "https://cdn0.woolworths.media/content/wowproductimages/large/059370.jpg",
      "storeId": "woolworths",
      "packageSize": "120g",
      "cupPrice": "$1.25 / 100G",
      "locations": {
        "ALL": {
          "price": 1.5,
          "discountRate": 25,
          "promo": "",
          "orgPrice": 2
        }
      },
      "categoryIds": ["w-baby"],
      "similarProducts": []
    },
    {
      "id": "w-59359-9300657158439",
      "name": "Heinz White Bean Pea Avocado & Spinach Dip",
      "brand": "Heinz",
      "imageUrls": "https://cdn0.woolworths.media/content/wowproductimages/large/059359.jpg",
      "storeId": "woolworths",
      "packageSize": "120g",
      "cupPrice": "$1.25 / 100G",
      "locations": {
        "ALL": {
          "price": 1.5,
          "discountRate": 25,
          "promo": "",
          "orgPrice": 2
        }
      },
      "categoryIds": ["w-baby"],
      "similarProducts": []
    },
    {
      "id": "w-16842-9310088013405",
      "name": "Huggies Baby Wipes Fragrance Free Clutch & Go",
      "brand": "Huggies",
      "imageUrls": "https://cdn0.woolworths.media/content/wowproductimages/large/016842.jpg",
      "storeId": "woolworths",
      "packageSize": "32 pack",
      "cupPrice": "$17.19 / 100EA",
      "locations": {
        "ALL": {
          "price": 5.5,
          "discountRate": 21,
          "promo": "",
          "orgPrice": 7
        }
      },
      "categoryIds": ["w-baby"],
      "similarProducts": []
    },
    {
      "id": "w-568657-9310088011715",
      "name": "Huggies Nappy Pants Junior Girl",
      "brand": "Huggies",
      "imageUrls": "https://cdn0.woolworths.media/content/wowproductimages/large/568657.jpg",
      "storeId": "woolworths",
      "packageSize": "24pk",
      "cupPrice": "$0.35 / 1EA",
      "locations": {
        "ALL": {
          "price": 8.5,
          "discountRate": 50,
          "promo": "",
          "orgPrice": 17
        }
      },
      "categoryIds": ["w-baby"],
      "similarProducts": []
    },
    {
      "id": "w-568616-9310088011661",
      "name": "Huggies Nappy Pants Toddler Boy",
      "brand": "Huggies",
      "imageUrls": "https://cdn0.woolworths.media/content/wowproductimages/large/568616.jpg",
      "storeId": "woolworths",
      "packageSize": "29 pack",
      "cupPrice": "$0.29 / 1EA",
      "locations": {
        "ALL": {
          "price": 8.5,
          "discountRate": 50,
          "promo": "",
          "orgPrice": 17
        }
      },
      "categoryIds": ["w-baby"],
      "similarProducts": []
    },
    {
      "id": "w-568619-9310088011678",
      "name": "Huggies Nappy Pants Toddler Girl",
      "brand": "Huggies",
      "imageUrls": "https://cdn0.woolworths.media/content/wowproductimages/large/568619.jpg",
      "storeId": "woolworths",
      "packageSize": "29pk",
      "cupPrice": "$0.29 / 1EA",
      "locations": {
        "ALL": {
          "price": 8.5,
          "discountRate": 50,
          "promo": "",
          "orgPrice": 17
        }
      },
      "categoryIds": ["w-baby"],
      "similarProducts": []
    },
    {
      "id": "w-568730-9310088011685",
      "name": "Huggies Nappy Pants Walker Boy",
      "brand": "Huggies",
      "imageUrls": "https://cdn0.woolworths.media/content/wowproductimages/large/568730.jpg",
      "storeId": "woolworths",
      "packageSize": "26pk",
      "cupPrice": "$0.33 / 1EA",
      "locations": {
        "ALL": {
          "price": 8.5,
          "discountRate": 50,
          "promo": "",
          "orgPrice": 17
        }
      },
      "categoryIds": ["w-baby"],
      "similarProducts": []
    },
    {
      "id": "w-568731-9310088011692",
      "name": "Huggies Nappy Pants Walker Girl",
      "brand": "Huggies",
      "imageUrls": "https://cdn0.woolworths.media/content/wowproductimages/large/568731.jpg",
      "storeId": "woolworths",
      "packageSize": "26pk",
      "cupPrice": "$0.33 / 1EA",
      "locations": {
        "ALL": {
          "price": 8.5,
          "discountRate": 50,
          "promo": "",
          "orgPrice": 17
        }
      },
      "categoryIds": ["w-baby"],
      "similarProducts": []
    },
    {
      "id": "w-251920-9300607246186",
      "name": "Johnson's Baby Bedtime Lotion",
      "brand": "Johnson's",
      "imageUrls": "https://cdn0.woolworths.media/content/wowproductimages/large/251920.jpg",
      "storeId": "woolworths",
      "packageSize": "200ml",
      "cupPrice": "$2.40 / 100ML",
      "locations": {
        "ALL": {
          "price": 4.8,
          "discountRate": 20,
          "promo": "",
          "orgPrice": 6
        }
      },
      "categoryIds": ["w-baby"],
      "similarProducts": [
        { "productId": "cw-84029", "storeId": "chemist-warehouse" }
      ]
    },
    {
      "id": "w-30263-9300607230031",
      "name": "Johnson's Baby Oil",
      "brand": "Johnson's",
      "imageUrls": "https://cdn0.woolworths.media/content/wowproductimages/large/030263.jpg",
      "storeId": "woolworths",
      "packageSize": "200ml",
      "cupPrice": "$2.40 / 100ML",
      "locations": {
        "ALL": {
          "price": 4.8,
          "discountRate": 20,
          "promo": "",
          "orgPrice": 6
        }
      },
      "categoryIds": ["w-baby"],
      "similarProducts": []
    },
    {
      "id": "w-30453-9300607280234",
      "name": "Johnson's Baby Shampoo Original",
      "brand": "Johnson's",
      "imageUrls": "https://cdn0.woolworths.media/content/wowproductimages/large/030453.jpg",
      "storeId": "woolworths",
      "packageSize": "200ml",
      "cupPrice": "$2.40 / 100ML",
      "locations": {
        "ALL": {
          "price": 4.8,
          "discountRate": 20,
          "promo": "",
          "orgPrice": 6
        }
      },
      "categoryIds": ["w-baby", "w-health-beauty"],
      "similarProducts": []
    },
    {
      "id": "w-59519-9337824002745",
      "name": "Little Bellies Organic Animal Biscuits",
      "brand": "Little Bellies",
      "imageUrls": "https://cdn0.woolworths.media/content/wowproductimages/large/059519.jpg",
      "storeId": "woolworths",
      "packageSize": "130g",
      "cupPrice": "$3.08 / 100G",
      "locations": {
        "ALL": {
          "price": 4,
          "discountRate": 11,
          "promo": "",
          "orgPrice": 4.5
        }
      },
      "categoryIds": ["w-baby"],
      "similarProducts": []
    },
    {
      "id": "w-59520-9337824002721",
      "name": "Little Bellies Organic Beetroot & Carrot Oatcakes",
      "brand": "Little Bellies",
      "imageUrls": "https://cdn0.woolworths.media/content/wowproductimages/large/059520.jpg",
      "storeId": "woolworths",
      "packageSize": "80g",
      "cupPrice": "$5.00 / 100G",
      "locations": {
        "ALL": {
          "price": 4,
          "discountRate": 11,
          "promo": "",
          "orgPrice": 4.5
        }
      },
      "categoryIds": ["w-baby"],
      "similarProducts": []
    },
    {
      "id": "w-697786-9329224001992",
      "name": "Little Bodies Eczema Relief Cream",
      "brand": "Little Bodies",
      "imageUrls": "https://cdn0.woolworths.media/content/wowproductimages/large/697786.jpg",
      "storeId": "woolworths",
      "packageSize": "56g",
      "cupPrice": "$23.21 / 100G",
      "locations": {
        "ALL": {
          "price": 13,
          "discountRate": 13,
          "promo": "",
          "orgPrice": 15
        }
      },
      "categoryIds": ["w-baby"],
      "similarProducts": []
    },
    {
      "id": "w-682737-9329521006102",
      "name": "Little Quacker Coconut Rice Rolls",
      "brand": "Little Quacker",
      "imageUrls": "https://cdn0.woolworths.media/content/wowproductimages/large/682737.jpg",
      "storeId": "woolworths",
      "packageSize": "40g",
      "cupPrice": "$5.00 / 100G",
      "locations": {
        "ALL": {
          "price": 2,
          "discountRate": 20,
          "promo": "",
          "orgPrice": 2.5
        }
      },
      "categoryIds": ["w-baby"],
      "similarProducts": []
    },
    {
      "id": "w-894372-7330933245012",
      "name": "Naty Baby Wipes Unscented",
      "brand": "Naty",
      "imageUrls": "https://cdn0.woolworths.media/content/wowproductimages/large/894372.jpg",
      "storeId": "woolworths",
      "packageSize": "56 pack",
      "cupPrice": "$4.46 / 100EA",
      "locations": {
        "ALL": {
          "price": 2.5,
          "discountRate": 50,
          "promo": "",
          "orgPrice": 5
        }
      },
      "categoryIds": ["w-baby"],
      "similarProducts": []
    },
    {
      "id": "w-839605-9403145304384",
      "name": "Only Organic Banana Biscotti",
      "brand": "Only Organic",
      "imageUrls": "https://cdn0.woolworths.media/content/wowproductimages/large/839605.jpg",
      "storeId": "woolworths",
      "packageSize": "100g",
      "cupPrice": "$2.70 / 100G",
      "locations": {
        "ALL": {
          "price": 2.7,
          "discountRate": 39,
          "promo": "",
          "orgPrice": 4.4
        }
      },
      "categoryIds": ["w-baby"],
      "similarProducts": []
    },
    {
      "id": "w-765018-9403145303745",
      "name": "Only Organic Food Rice Cakes Snack Mini Blueberry & Purple Carrot",
      "brand": "Only Organic",
      "imageUrls": "https://cdn0.woolworths.media/content/wowproductimages/large/765018.jpg",
      "storeId": "woolworths",
      "packageSize": "40g",
      "cupPrice": "$6.25 / 100G",
      "locations": {
        "ALL": {
          "price": 2.5,
          "discountRate": 38,
          "promo": "",
          "orgPrice": 4
        }
      },
      "categoryIds": ["w-baby"],
      "similarProducts": []
    },
    {
      "id": "w-765112-9403145303752",
      "name": "Only Organic Food Rice Cakes Snack Mini Carrot & Apple",
      "brand": "Only Organic",
      "imageUrls": "https://cdn0.woolworths.media/content/wowproductimages/large/765112.jpg",
      "storeId": "woolworths",
      "packageSize": "40g",
      "cupPrice": "$6.25 / 100G",
      "locations": {
        "ALL": {
          "price": 2.5,
          "discountRate": 38,
          "promo": "",
          "orgPrice": 4
        }
      },
      "categoryIds": ["w-baby"],
      "similarProducts": []
    },
    {
      "id": "w-83071-9339687154647",
      "name": "Play 6 In 1 Activity Cube",
      "brand": "Play",
      "imageUrls": "https://cdn0.woolworths.media/content/wowproductimages/large/083071.jpg",
      "storeId": "woolworths",
      "packageSize": "each",
      "cupPrice": "$0.00 / 0",
      "locations": {
        "ALL": {
          "price": 7.5,
          "discountRate": 50,
          "promo": "",
          "orgPrice": 15
        }
      },
      "categoryIds": ["w-baby", "w-household"],
      "similarProducts": []
    },
    {
      "id": "w-83070-9339687154654",
      "name": "Play Action Triangle",
      "brand": "Play",
      "imageUrls": "https://cdn0.woolworths.media/content/wowproductimages/large/083070.jpg",
      "storeId": "woolworths",
      "packageSize": "each",
      "cupPrice": "$0.00 / 0",
      "locations": {
        "ALL": {
          "price": 7.5,
          "discountRate": 50,
          "promo": "",
          "orgPrice": 15
        }
      },
      "categoryIds": ["w-baby", "w-household"],
      "similarProducts": []
    },
    {
      "id": "w-83067-9339687154678",
      "name": "Play Baby Shake & Wiggle Set Assorted",
      "brand": "Play",
      "imageUrls": "https://cdn0.woolworths.media/content/wowproductimages/large/083067.jpg",
      "storeId": "woolworths",
      "packageSize": "each",
      "cupPrice": "$0.00 / 0",
      "locations": {
        "ALL": { "price": 6, "discountRate": 50, "promo": "", "orgPrice": 12 }
      },
      "categoryIds": ["w-baby", "w-household"],
      "similarProducts": []
    },
    {
      "id": "w-63881-9340156059172",
      "name": "Rafferty's Garden Apple & Mango Wholegrain Cereal",
      "brand": "Rafferty's Garden",
      "imageUrls": "https://cdn0.woolworths.media/content/wowproductimages/large/063881.jpg",
      "storeId": "woolworths",
      "packageSize": "125g",
      "cupPrice": "$2.80 / 100G",
      "locations": {
        "ALL": {
          "price": 3.5,
          "discountRate": 9,
          "promo": "",
          "orgPrice": 3.85
        }
      },
      "categoryIds": ["w-baby"],
      "similarProducts": []
    },
    {
      "id": "w-655077-9347832000749",
      "name": "S-26 Gold Alula Anti Reflux 0-12months",
      "brand": "S-26",
      "imageUrls": "https://cdn0.woolworths.media/content/wowproductimages/large/655077.jpg",
      "storeId": "woolworths",
      "packageSize": "900g",
      "cupPrice": "$2.33 / 100G",
      "locations": {
        "ALL": {
          "price": 21,
          "discountRate": 16,
          "promo": "",
          "orgPrice": 25
        }
      },
      "categoryIds": ["w-baby"],
      "similarProducts": []
    },
    {
      "id": "w-654787-9347832000688",
      "name": "S-26 Gold Alula Delicateeze 0 - 12 Months",
      "brand": "S-26",
      "imageUrls": "https://cdn0.woolworths.media/content/wowproductimages/large/654787.jpg",
      "storeId": "woolworths",
      "packageSize": "850g",
      "cupPrice": "$2.47 / 100G",
      "locations": {
        "ALL": {
          "price": 21,
          "discountRate": 19,
          "promo": "",
          "orgPrice": 26
        }
      },
      "categoryIds": ["w-baby"],
      "similarProducts": []
    },
    {
      "id": "w-654784-9347832000671",
      "name": "S-26 Gold Alula Junior 2 Years +",
      "brand": "S-26",
      "imageUrls": "https://cdn0.woolworths.media/content/wowproductimages/large/654784.jpg",
      "storeId": "woolworths",
      "packageSize": "900g",
      "cupPrice": "$1.89 / 100G",
      "locations": {
        "ALL": {
          "price": 17,
          "discountRate": 15,
          "promo": "",
          "orgPrice": 20
        }
      },
      "categoryIds": ["w-baby"],
      "similarProducts": []
    },
    {
      "id": "w-654788-9347832000725",
      "name": "S-26 Gold Alula Li",
      "brand": "S-26",
      "imageUrls": "https://cdn0.woolworths.media/content/wowproductimages/large/654788.jpg",
      "storeId": "woolworths",
      "packageSize": "900g",
      "cupPrice": "$2.33 / 100G",
      "locations": {
        "ALL": {
          "price": 21,
          "discountRate": 16,
          "promo": "",
          "orgPrice": 25
        }
      },
      "categoryIds": ["w-baby"],
      "similarProducts": []
    },
    {
      "id": "w-654791-9347832000657",
      "name": "S-26 Gold Alula Toddler 1 Year +",
      "brand": "S-26",
      "imageUrls": "https://cdn0.woolworths.media/content/wowproductimages/large/654791.jpg",
      "storeId": "woolworths",
      "packageSize": "900g",
      "cupPrice": "$1.89 / 100G",
      "locations": {
        "ALL": {
          "price": 17,
          "discountRate": 15,
          "promo": "",
          "orgPrice": 20
        }
      },
      "categoryIds": ["w-baby"],
      "similarProducts": []
    },
    {
      "id": "w-491777-71463104444",
      "name": "The First Years Paw Patrol Toddler Sectioned Plate",
      "brand": "The First Years",
      "imageUrls": "https://cdn0.woolworths.media/content/wowproductimages/large/491777.jpg",
      "storeId": "woolworths",
      "packageSize": "each",
      "cupPrice": "$0.00 / 0",
      "locations": {
        "ALL": { "price": 3, "discountRate": 50, "promo": "", "orgPrice": 6 }
      },
      "categoryIds": ["w-baby"],
      "similarProducts": []
    },
    {
      "id": "w-695280-5055192062744",
      "name": "The Gro Egg Digital Room Thermometer",
      "brand": "The Gro",
      "imageUrls": "https://cdn0.woolworths.media/content/wowproductimages/large/695280.jpg",
      "storeId": "woolworths",
      "packageSize": "each",
      "cupPrice": "$0.00 / 0",
      "locations": {
        "ALL": {
          "price": 25,
          "discountRate": 50,
          "promo": "",
          "orgPrice": 50
        }
      },
      "categoryIds": ["w-baby"],
      "similarProducts": []
    },
    {
      "id": "w-91549-4987176018168",
      "name": "Vicks Baby Balsam",
      "brand": "Vicks",
      "imageUrls": "https://cdn0.woolworths.media/content/wowproductimages/large/091549.jpg",
      "storeId": "woolworths",
      "packageSize": "100g",
      "cupPrice": "$13.40 / 100G",
      "locations": {
        "ALL": {
          "price": 13.4,
          "discountRate": 16,
          "promo": "",
          "orgPrice": 16
        }
      },
      "categoryIds": ["w-baby"],
      "similarProducts": []
    },
    {
      "id": "w-741301-9313312073015",
      "name": "1000hour Eyelashes & Brow Dye Kit Black",
      "brand": "1000hour",
      "imageUrls": "https://cdn0.woolworths.media/content/wowproductimages/large/741301.jpg",
      "storeId": "woolworths",
      "packageSize": "each",
      "cupPrice": "$14.00 / 1EA",
      "locations": {
        "ALL": {
          "price": 14,
          "discountRate": 30,
          "promo": "",
          "orgPrice": 20
        }
      },
      "categoryIds": ["w-health-beauty"],
      "similarProducts": [
        { "productId": "cw-52709", "storeId": "chemist-warehouse" },
        { "productId": "cw-52692", "storeId": "chemist-warehouse" }
      ]
    },
    {
      "id": "w-827075-3607347856733",
      "name": "Adidas 6 In 1 Anti-perspirant Spray For Him",
      "brand": "Adidas",
      "imageUrls": "https://cdn0.woolworths.media/content/wowproductimages/large/827075.jpg",
      "storeId": "woolworths",
      "packageSize": "200ml",
      "cupPrice": "$1.50 / 100ML",
      "locations": {
        "ALL": { "price": 3, "discountRate": 40, "promo": "", "orgPrice": 5 }
      },
      "categoryIds": ["w-health-beauty"],
      "similarProducts": []
    },
    {
      "id": "w-263280-3412246600239",
      "name": "Adidas Fresh Anti-perspirant Spray For Him",
      "brand": "Adidas",
      "imageUrls": "https://cdn0.woolworths.media/content/wowproductimages/large/263280.jpg",
      "storeId": "woolworths",
      "packageSize": "200ml",
      "cupPrice": "$1.50 / 100ML",
      "locations": {
        "ALL": { "price": 3, "discountRate": 40, "promo": "", "orgPrice": 5 }
      },
      "categoryIds": ["w-health-beauty"],
      "similarProducts": []
    },
    {
      "id": "w-263284-3412246900230",
      "name": "Adidas Intensive Anti-perspirant Spray For Him",
      "brand": "Adidas",
      "imageUrls": "https://cdn0.woolworths.media/content/wowproductimages/large/263284.jpg",
      "storeId": "woolworths",
      "packageSize": "200ml",
      "cupPrice": "$1.50 / 100ML",
      "locations": {
        "ALL": { "price": 3, "discountRate": 40, "promo": "", "orgPrice": 5 }
      },
      "categoryIds": ["w-health-beauty"],
      "similarProducts": []
    },
    {
      "id": "w-98007-4902430907866",
      "name": "Always Discreet Pads Maxi Night",
      "brand": "Always Discreet",
      "imageUrls": "https://cdn0.woolworths.media/content/wowproductimages/large/098007.jpg",
      "storeId": "woolworths",
      "packageSize": "6 pack",
      "cupPrice": "$1.00 / 1EA",
      "locations": {
        "ALL": { "price": 6, "discountRate": 25, "promo": "", "orgPrice": 8 }
      },
      "categoryIds": ["w-health-beauty"],
      "similarProducts": []
    },
    {
      "id": "w-99043-4902430907835",
      "name": "Always Discreet Pads Normal",
      "brand": "Always Discreet",
      "imageUrls": "https://cdn0.woolworths.media/content/wowproductimages/large/099043.jpg",
      "storeId": "woolworths",
      "packageSize": "12 pack",
      "cupPrice": "$0.50 / 1EA",
      "locations": {
        "ALL": { "price": 6, "discountRate": 25, "promo": "", "orgPrice": 8 }
      },
      "categoryIds": ["w-health-beauty"],
      "similarProducts": []
    },
    {
      "id": "w-98096-4902430907811",
      "name": "Always Discreet Pads Small",
      "brand": "Always Discreet",
      "imageUrls": "https://cdn0.woolworths.media/content/wowproductimages/large/098096.jpg",
      "storeId": "woolworths",
      "packageSize": "20 pack",
      "cupPrice": "$0.30 / 1EA",
      "locations": {
        "ALL": { "price": 6, "discountRate": 25, "promo": "", "orgPrice": 8 }
      },
      "categoryIds": ["w-health-beauty"],
      "similarProducts": []
    },
    {
      "id": "w-217314-5060074622176",
      "name": "Atkins Advantage Bar Chocolate Decadence",
      "brand": "Atkins",
      "imageUrls": "https://cdn0.woolworths.media/content/wowproductimages/large/217314.jpg",
      "storeId": "woolworths",
      "packageSize": "60g",
      "cupPrice": "$3.75 / 100G",
      "locations": {
        "ALL": {
          "price": 2.25,
          "discountRate": 50,
          "promo": "",
          "orgPrice": 4.5
        }
      },
      "categoryIds": ["w-health-beauty"],
      "similarProducts": []
    },
    {
      "id": "w-422351-5060074630591",
      "name": "Atkins Advantage Fudge Caramel Bar",
      "brand": "Atkins",
      "imageUrls": "https://cdn0.woolworths.media/content/wowproductimages/large/422351.jpg",
      "storeId": "woolworths",
      "packageSize": "60g",
      "cupPrice": "$3.75 / 100G",
      "locations": {
        "ALL": {
          "price": 2.25,
          "discountRate": 50,
          "promo": "",
          "orgPrice": 4.5
        }
      },
      "categoryIds": ["w-health-beauty"],
      "similarProducts": []
    },
    {
      "id": "w-757183-5060074628949",
      "name": "Atkins Day Break Hazelnut Bar",
      "brand": "Atkins",
      "imageUrls": "https://cdn0.woolworths.media/content/wowproductimages/large/757183.jpg",
      "storeId": "woolworths",
      "packageSize": "5 pack",
      "cupPrice": "$3.11 / 100G",
      "locations": {
        "ALL": {
          "price": 5.75,
          "discountRate": 50,
          "promo": "",
          "orgPrice": 11.5
        }
      },
      "categoryIds": ["w-health-beauty"],
      "similarProducts": []
    },
    {
      "id": "w-798333-5060074629786",
      "name": "Atkins Endulge 3 Bar Chocolate Break",
      "brand": "Atkins",
      "imageUrls": "https://cdn0.woolworths.media/content/wowproductimages/large/798333.jpg",
      "storeId": "woolworths",
      "packageSize": "64.5g",
      "cupPrice": "$5.43 / 100G",
      "locations": {
        "ALL": {
          "price": 3.5,
          "discountRate": 50,
          "promo": "",
          "orgPrice": 7
        }
      },
      "categoryIds": ["w-health-beauty"],
      "similarProducts": []
    },
    {
      "id": "w-244810-637480452915",
      "name": "Atkins Endulge Bar Caramel Nut Chew",
      "brand": "Atkins",
      "imageUrls": "https://cdn0.woolworths.media/content/wowproductimages/large/244810.jpg",
      "storeId": "woolworths",
      "packageSize": "34g",
      "cupPrice": "$4.41 / 100G",
      "locations": {
        "ALL": {
          "price": 1.5,
          "discountRate": 50,
          "promo": "",
          "orgPrice": 3
        }
      },
      "categoryIds": ["w-health-beauty"],
      "similarProducts": []
    },
    {
      "id": "w-730668-637480010580",
      "name": "Atkins Endulge Bar Chcocolate & Coconut",
      "brand": "Atkins",
      "imageUrls": "https://cdn0.woolworths.media/content/wowproductimages/large/730668.jpg",
      "storeId": "woolworths",
      "packageSize": "5 pack",
      "cupPrice": "$1.35 / 1EA",
      "locations": {
        "ALL": {
          "price": 6.75,
          "discountRate": 50,
          "promo": "",
          "orgPrice": 13.5
        }
      },
      "categoryIds": ["w-health-beauty"],
      "similarProducts": []
    },
    {
      "id": "w-224197-5060074623333",
      "name": "Atkins Endulge Bar Milk Chocolate",
      "brand": "Atkins",
      "imageUrls": "https://cdn0.woolworths.media/content/wowproductimages/large/224197.jpg",
      "storeId": "woolworths",
      "packageSize": "30g",
      "cupPrice": "$5.00 / 100G",
      "locations": {
        "ALL": {
          "price": 1.5,
          "discountRate": 50,
          "promo": "",
          "orgPrice": 3
        }
      },
      "categoryIds": ["w-health-beauty"],
      "similarProducts": []
    },
    {
      "id": "w-18038-5060074633738",
      "name": "Atkins Endulge Caramel Nougat",
      "brand": "Atkins",
      "imageUrls": "https://cdn0.woolworths.media/content/wowproductimages/large/018038.jpg",
      "storeId": "woolworths",
      "packageSize": "35g",
      "cupPrice": "$4.29 / 100G",
      "locations": {
        "ALL": {
          "price": 1.5,
          "discountRate": 50,
          "promo": "",
          "orgPrice": 3
        }
      },
      "categoryIds": ["w-health-beauty"],
      "similarProducts": []
    },
    {
      "id": "w-701636-5060074629281",
      "name": "Atkins Endulge Cherry Coconut",
      "brand": "Atkins",
      "imageUrls": "https://cdn0.woolworths.media/content/wowproductimages/large/701636.jpg",
      "storeId": "woolworths",
      "packageSize": "34g",
      "cupPrice": "$1.35 / 1EA",
      "locations": {
        "ALL": {
          "price": 6.75,
          "discountRate": 50,
          "promo": "",
          "orgPrice": 13.5
        }
      },
      "categoryIds": ["w-health-beauty"],
      "similarProducts": []
    },
    {
      "id": "w-676753-5060074633516",
      "name": "Atkins Endulge Milk Chocolate",
      "brand": "Atkins",
      "imageUrls": "https://cdn0.woolworths.media/content/wowproductimages/large/676753.jpg",
      "storeId": "woolworths",
      "packageSize": "5 pack",
      "cupPrice": "$1.35 / 1EA",
      "locations": {
        "ALL": {
          "price": 6.75,
          "discountRate": 50,
          "promo": "",
          "orgPrice": 13.5
        }
      },
      "categoryIds": ["w-health-beauty"],
      "similarProducts": []
    },
    {
      "id": "w-19071-5060074634056",
      "name": "Atkins Plus Protein Dark Chocolate",
      "brand": "Atkins",
      "imageUrls": "https://cdn0.woolworths.media/content/wowproductimages/large/019071.jpg",
      "storeId": "woolworths",
      "packageSize": "400ml",
      "cupPrice": "$0.54 / 100ML",
      "locations": {
        "ALL": {
          "price": 2.15,
          "discountRate": 50,
          "promo": "",
          "orgPrice": 4.3
        }
      },
      "categoryIds": ["w-health-beauty"],
      "similarProducts": []
    },
    {
      "id": "w-29528-5060074634070",
      "name": "Atkins Plus Protein Iced Coffee",
      "brand": "Atkins",
      "imageUrls": "https://cdn0.woolworths.media/content/wowproductimages/large/029528.jpg",
      "storeId": "woolworths",
      "packageSize": "400ml",
      "cupPrice": "$0.54 / 100ML",
      "locations": {
        "ALL": {
          "price": 2.15,
          "discountRate": 50,
          "promo": "",
          "orgPrice": 4.3
        }
      },
      "categoryIds": ["w-health-beauty"],
      "similarProducts": []
    },
    {
      "id": "w-730676-5060074627751",
      "name": "Atkins Advantage Bar Chocolate & Mint",
      "brand": "Atkins",
      "imageUrls": "https://cdn0.woolworths.media/content/wowproductimages/large/730676.jpg",
      "storeId": "woolworths",
      "packageSize": "60g",
      "cupPrice": "$3.75 / 100G",
      "locations": {
        "ALL": {
          "price": 2.25,
          "discountRate": 50,
          "promo": "",
          "orgPrice": 4.5
        }
      },
      "categoryIds": ["w-health-beauty"],
      "similarProducts": []
    },
    {
      "id": "w-324645-5060074625092",
      "name": "Atkins Advantage Bar Chocolate Brownie",
      "brand": "Atkins",
      "imageUrls": "https://cdn0.woolworths.media/content/wowproductimages/large/324645.jpg",
      "storeId": "woolworths",
      "packageSize": "60g",
      "cupPrice": "$3.75 / 100G",
      "locations": {
        "ALL": {
          "price": 2.25,
          "discountRate": 50,
          "promo": "",
          "orgPrice": 4.5
        }
      },
      "categoryIds": ["w-health-beauty"],
      "similarProducts": []
    },
    {
      "id": "w-378529-5060074626341",
      "name": "Atkins Day Break Bar Cappuccino",
      "brand": "Atkins",
      "imageUrls": "https://cdn0.woolworths.media/content/wowproductimages/large/378529.jpg",
      "storeId": "woolworths",
      "packageSize": "5x37g",
      "cupPrice": "$3.11 / 100G",
      "locations": {
        "ALL": {
          "price": 5.75,
          "discountRate": 50,
          "promo": "",
          "orgPrice": 11.5
        }
      },
      "categoryIds": ["w-health-beauty"],
      "similarProducts": []
    },
    {
      "id": "w-378526-5060074626365",
      "name": "Atkins Day Break Bar Chocolate Chip Crisp",
      "brand": "Atkins",
      "imageUrls": "https://cdn0.woolworths.media/content/wowproductimages/large/378526.jpg",
      "storeId": "woolworths",
      "packageSize": "5x37g",
      "cupPrice": "$3.11 / 100G",
      "locations": {
        "ALL": {
          "price": 5.75,
          "discountRate": 50,
          "promo": "",
          "orgPrice": 11.5
        }
      },
      "categoryIds": ["w-health-beauty"],
      "similarProducts": []
    },
    {
      "id": "w-376747-637480010559",
      "name": "Atkins Endulge Bar Caramel Nut Multi Pack",
      "brand": "Atkins",
      "imageUrls": "https://cdn0.woolworths.media/content/wowproductimages/large/376747.jpg",
      "storeId": "woolworths",
      "packageSize": "5x34g",
      "cupPrice": "$1.35 / 1EA",
      "locations": {
        "ALL": {
          "price": 6.75,
          "discountRate": 50,
          "promo": "",
          "orgPrice": 13.5
        }
      },
      "categoryIds": ["w-health-beauty"],
      "similarProducts": []
    },
    {
      "id": "w-306940-637480324618",
      "name": "Atkins Endulge Bar Chocolate Coconut",
      "brand": "Atkins",
      "imageUrls": "https://cdn0.woolworths.media/content/wowproductimages/large/306940.jpg",
      "storeId": "woolworths",
      "packageSize": "40g",
      "cupPrice": "$3.75 / 100G",
      "locations": {
        "ALL": {
          "price": 1.5,
          "discountRate": 50,
          "promo": "",
          "orgPrice": 3
        }
      },
      "categoryIds": ["w-health-beauty"],
      "similarProducts": []
    },
    {
      "id": "w-378444-5060074626716",
      "name": "Atkins Endulge Bar Milk Chocolate Mint Crisp",
      "brand": "Atkins",
      "imageUrls": "https://cdn0.woolworths.media/content/wowproductimages/large/378444.jpg",
      "storeId": "woolworths",
      "packageSize": "30g",
      "cupPrice": "$5.00 / 100G",
      "locations": {
        "ALL": {
          "price": 1.5,
          "discountRate": 50,
          "promo": "",
          "orgPrice": 3
        }
      },
      "categoryIds": ["w-health-beauty"],
      "similarProducts": []
    },
    {
      "id": "w-798377-9317296340644",
      "name": "Aussie Bodies Hplc Cookies & Cream",
      "brand": "Aussie Bodies",
      "imageUrls": "https://cdn0.woolworths.media/content/wowproductimages/large/798377.jpg",
      "storeId": "woolworths",
      "packageSize": "100g",
      "cupPrice": "$4.00 / 100G",
      "locations": {
        "ALL": { "price": 4, "discountRate": 20, "promo": "", "orgPrice": 5 }
      },
      "categoryIds": ["w-health-beauty"],
      "similarProducts": []
    },
    {
      "id": "w-118211-93455756",
      "name": "Aussie Bodies Hplc Bar Chocolate",
      "brand": "Aussie Bodies",
      "imageUrls": "https://cdn0.woolworths.media/content/wowproductimages/large/118211.jpg",
      "storeId": "woolworths",
      "packageSize": "100g",
      "cupPrice": "$4.00 / 100G",
      "locations": {
        "ALL": { "price": 4, "discountRate": 20, "promo": "", "orgPrice": 5 }
      },
      "categoryIds": ["w-health-beauty"],
      "similarProducts": []
    },
    {
      "id": "w-799373-9317296340651",
      "name": "Aussie Bodies Protein Fx Crunchy Fibre Honey Almond",
      "brand": "Aussie Bodies",
      "imageUrls": "https://cdn0.woolworths.media/content/wowproductimages/large/799373.jpg",
      "storeId": "woolworths",
      "packageSize": "40g",
      "cupPrice": "$5.50 / 100G",
      "locations": {
        "ALL": {
          "price": 2.2,
          "discountRate": 21,
          "promo": "",
          "orgPrice": 2.8
        }
      },
      "categoryIds": ["w-health-beauty"],
      "similarProducts": []
    },
    {
      "id": "w-873845-9317296341009",
      "name": "Aussie Bodies Protein Fx Lo Carb Bar Crunch Choc Blueberry",
      "brand": "Aussie Bodies",
      "imageUrls": "https://cdn0.woolworths.media/content/wowproductimages/large/873845.jpg",
      "storeId": "woolworths",
      "packageSize": "40g",
      "cupPrice": "$5.50 / 100G",
      "locations": {
        "ALL": {
          "price": 2.2,
          "discountRate": 21,
          "promo": "",
          "orgPrice": 2.8
        }
      },
      "categoryIds": ["w-health-beauty"],
      "similarProducts": []
    },
    {
      "id": "w-873602-9317296340989",
      "name": "Aussie Bodies Protein Fx Lo Carb Bar Rocky Road",
      "brand": "Aussie Bodies",
      "imageUrls": "https://cdn0.woolworths.media/content/wowproductimages/large/873602.jpg",
      "storeId": "woolworths",
      "packageSize": "40g",
      "cupPrice": "$5.50 / 100G",
      "locations": {
        "ALL": {
          "price": 2.2,
          "discountRate": 21,
          "promo": "",
          "orgPrice": 2.8
        }
      },
      "categoryIds": ["w-health-beauty"],
      "similarProducts": []
    },
    {
      "id": "w-60004-9324917000603",
      "name": "Australian Garlic Oil Soft Gel Caps",
      "brand": "Australian Garlic Oil",
      "imageUrls": "https://cdn0.woolworths.media/content/wowproductimages/large/060004.jpg",
      "storeId": "woolworths",
      "packageSize": "30 pack",
      "cupPrice": "$33.33 / 100EA",
      "locations": {
        "ALL": {
          "price": 10,
          "discountRate": 50,
          "promo": "",
          "orgPrice": 20
        }
      },
      "categoryIds": ["w-health-beauty"],
      "similarProducts": []
    },
    {
      "id": "w-308409-9300607760033",
      "name": "Aveeno Active Naturals Intense Relief Hand Cream",
      "brand": "Aveeno",
      "imageUrls": "https://cdn0.woolworths.media/content/wowproductimages/large/308409.jpg",
      "storeId": "woolworths",
      "packageSize": "100g",
      "cupPrice": "$8.31 / 100G",
      "locations": {
        "ALL": {
          "price": 8.31,
          "discountRate": 20,
          "promo": "",
          "orgPrice": 10.39
        }
      },
      "categoryIds": ["w-health-beauty"],
      "similarProducts": []
    },
    {
      "id": "w-309796-9300607760040",
      "name": "Aveeno Skin Relief Moisturising Cream",
      "brand": "Aveeno",
      "imageUrls": "https://cdn0.woolworths.media/content/wowproductimages/large/309796.jpg",
      "storeId": "woolworths",
      "packageSize": "312g",
      "cupPrice": "$0.38 / 10G",
      "locations": {
        "ALL": {
          "price": 12,
          "discountRate": 20,
          "promo": "",
          "orgPrice": 15
        }
      },
      "categoryIds": ["w-health-beauty"],
      "similarProducts": []
    },
    {
      "id": "w-57127-9300607761696",
      "name": "Aveeno Skin Relief Moisturising Lotion",
      "brand": "Aveeno",
      "imageUrls": "https://cdn0.woolworths.media/content/wowproductimages/large/057127.jpg",
      "storeId": "woolworths",
      "packageSize": "71g",
      "cupPrice": "$0.00 / 0",
      "locations": {
        "ALL": {
          "price": 4.4,
          "discountRate": 20,
          "promo": "",
          "orgPrice": 5.5
        }
      },
      "categoryIds": ["w-health-beauty"],
      "similarProducts": []
    },
    {
      "id": "w-63111-9421029556551",
      "name": "Bar None Conditioner Damaged Hair",
      "brand": "Bar None",
      "imageUrls": "https://cdn0.woolworths.media/content/wowproductimages/large/063111.jpg",
      "storeId": "woolworths",
      "packageSize": "400ml",
      "cupPrice": "$2.50 / 100ML",
      "locations": {
        "ALL": {
          "price": 10,
          "discountRate": 50,
          "promo": "",
          "orgPrice": 20
        }
      },
      "categoryIds": ["w-health-beauty"],
      "similarProducts": []
    },
    {
      "id": "w-63124-9421029556612",
      "name": "Bar None Conditioner Hydrating Hair",
      "brand": "Bar None",
      "imageUrls": "https://cdn0.woolworths.media/content/wowproductimages/large/063124.jpg",
      "storeId": "woolworths",
      "packageSize": "400ml",
      "cupPrice": "$2.50 / 100ML",
      "locations": {
        "ALL": {
          "price": 10,
          "discountRate": 50,
          "promo": "",
          "orgPrice": 20
        }
      },
      "categoryIds": ["w-health-beauty"],
      "similarProducts": []
    },
    {
      "id": "w-63123-9421029556599",
      "name": "Bar None Conditioner Normal Hair",
      "brand": "Bar None",
      "imageUrls": "https://cdn0.woolworths.media/content/wowproductimages/large/063123.jpg",
      "storeId": "woolworths",
      "packageSize": "400ml",
      "cupPrice": "$2.50 / 100ML",
      "locations": {
        "ALL": {
          "price": 10,
          "discountRate": 50,
          "promo": "",
          "orgPrice": 20
        }
      },
      "categoryIds": ["w-health-beauty"],
      "similarProducts": []
    },
    {
      "id": "w-810677-9421029554014",
      "name": "Bar None Hydrating Conditioner Bar",
      "brand": "Bar None",
      "imageUrls": "https://cdn0.woolworths.media/content/wowproductimages/large/810677.jpg",
      "storeId": "woolworths",
      "packageSize": "100g",
      "cupPrice": "$8.00 / 100G",
      "locations": {
        "ALL": { "price": 8, "discountRate": 50, "promo": "", "orgPrice": 16 }
      },
      "categoryIds": ["w-health-beauty"],
      "similarProducts": []
    },
    {
      "id": "w-810659-9421029554007",
      "name": "Bar None Hydrating Shampoo Bar",
      "brand": "Bar None",
      "imageUrls": "https://cdn0.woolworths.media/content/wowproductimages/large/810659.jpg",
      "storeId": "woolworths",
      "packageSize": "100g",
      "cupPrice": "$8.00 / 100G",
      "locations": {
        "ALL": { "price": 8, "discountRate": 50, "promo": "", "orgPrice": 16 }
      },
      "categoryIds": ["w-health-beauty"],
      "similarProducts": []
    },
    {
      "id": "w-63110-9421029556544",
      "name": "Bar None Shampoo Damaged Hair",
      "brand": "Bar None",
      "imageUrls": "https://cdn0.woolworths.media/content/wowproductimages/large/063110.jpg",
      "storeId": "woolworths",
      "packageSize": "400ml",
      "cupPrice": "$2.50 / 100ML",
      "locations": {
        "ALL": {
          "price": 10,
          "discountRate": 50,
          "promo": "",
          "orgPrice": 20
        }
      },
      "categoryIds": ["w-health-beauty"],
      "similarProducts": []
    },
    {
      "id": "w-63113-9421029556582",
      "name": "Bar None Shampoo Normal Hair",
      "brand": "Bar None",
      "imageUrls": "https://cdn0.woolworths.media/content/wowproductimages/large/063113.jpg",
      "storeId": "woolworths",
      "packageSize": "400ml",
      "cupPrice": "$2.50 / 100ML",
      "locations": {
        "ALL": {
          "price": 10,
          "discountRate": 50,
          "promo": "",
          "orgPrice": 20
        }
      },
      "categoryIds": ["w-health-beauty"],
      "similarProducts": []
    },
    {
      "id": "w-745783-5010724527375",
      "name": "Batiste Blush Dry Shampoo",
      "brand": "Batiste",
      "imageUrls": "https://cdn0.woolworths.media/content/wowproductimages/large/745783.jpg",
      "storeId": "woolworths",
      "packageSize": "200ml",
      "cupPrice": "$2.50 / 100ML",
      "locations": {
        "ALL": { "price": 5, "discountRate": 50, "promo": "", "orgPrice": 10 }
      },
      "categoryIds": ["w-health-beauty"],
      "similarProducts": [
        { "productId": "cw-77613", "storeId": "chemist-warehouse" },
        { "productId": "cw-70049", "storeId": "chemist-warehouse" },
        { "productId": "cw-63122", "storeId": "chemist-warehouse" }
      ]
    },
    {
      "id": "w-759166-5010724527382",
      "name": "Batiste Blush Dry Shampoo",
      "brand": "Batiste",
      "imageUrls": "https://cdn0.woolworths.media/content/wowproductimages/large/759166.jpg",
      "storeId": "woolworths",
      "packageSize": "400ml",
      "cupPrice": "$2.00 / 100ML",
      "locations": {
        "ALL": { "price": 8, "discountRate": 50, "promo": "", "orgPrice": 16 }
      },
      "categoryIds": ["w-health-beauty"],
      "similarProducts": [
        { "productId": "cw-77613", "storeId": "chemist-warehouse" },
        { "productId": "cw-70049", "storeId": "chemist-warehouse" },
        { "productId": "cw-63122", "storeId": "chemist-warehouse" }
      ]
    },
    {
      "id": "w-601362-5010724530740",
      "name": "Batiste Brunette Dry Shampoo",
      "brand": "Batiste",
      "imageUrls": "https://cdn0.woolworths.media/content/wowproductimages/large/601362.jpg",
      "storeId": "woolworths",
      "packageSize": "400ml",
      "cupPrice": "$2.50 / 100ML",
      "locations": {
        "ALL": {
          "price": 10,
          "discountRate": 50,
          "promo": "",
          "orgPrice": 20
        }
      },
      "categoryIds": ["w-health-beauty"],
      "similarProducts": []
    },
    {
      "id": "w-82075-5010724533130",
      "name": "Batiste Dry Shampoo Colour Protect",
      "brand": "Batiste",
      "imageUrls": "https://cdn0.woolworths.media/content/wowproductimages/large/082075.jpg",
      "storeId": "woolworths",
      "packageSize": "200ml",
      "cupPrice": "$3.25 / 100ML",
      "locations": {
        "ALL": {
          "price": 6.5,
          "discountRate": 50,
          "promo": "",
          "orgPrice": 13
        }
      },
      "categoryIds": ["w-health-beauty"],
      "similarProducts": []
    },
    {
      "id": "w-571025-5010724527481",
      "name": "Batiste Dry Shampoo Original",
      "brand": "Batiste",
      "imageUrls": "https://cdn0.woolworths.media/content/wowproductimages/large/571025.jpg",
      "storeId": "woolworths",
      "packageSize": "200ml",
      "cupPrice": "$2.50 / 100ML",
      "locations": {
        "ALL": { "price": 5, "discountRate": 50, "promo": "", "orgPrice": 10 }
      },
      "categoryIds": ["w-health-beauty"],
      "similarProducts": []
    },
    {
      "id": "w-856989-5010724532973",
      "name": "Batiste Dry Shampoo & De-frizz",
      "brand": "Batiste",
      "imageUrls": "https://cdn0.woolworths.media/content/wowproductimages/large/856989.jpg",
      "storeId": "woolworths",
      "packageSize": "200ml",
      "cupPrice": "$3.25 / 100ML",
      "locations": {
        "ALL": {
          "price": 6.5,
          "discountRate": 50,
          "promo": "",
          "orgPrice": 13
        }
      },
      "categoryIds": ["w-health-beauty"],
      "similarProducts": []
    },
    {
      "id": "w-856993-5010724533628",
      "name": "Batiste Dry Shampoo & Tempt",
      "brand": "Batiste",
      "imageUrls": "https://cdn0.woolworths.media/content/wowproductimages/large/856993.jpg",
      "storeId": "woolworths",
      "packageSize": "200ml",
      "cupPrice": "$2.50 / 100ML",
      "locations": {
        "ALL": { "price": 5, "discountRate": 50, "promo": "", "orgPrice": 10 }
      },
      "categoryIds": ["w-health-beauty"],
      "similarProducts": []
    },
    {
      "id": "w-856988-5010724532966",
      "name": "Batiste Dry Shampoo & Volume",
      "brand": "Batiste",
      "imageUrls": "https://cdn0.woolworths.media/content/wowproductimages/large/856988.jpg",
      "storeId": "woolworths",
      "packageSize": "200ml",
      "cupPrice": "$3.25 / 100ML",
      "locations": {
        "ALL": {
          "price": 6.5,
          "discountRate": 50,
          "promo": "",
          "orgPrice": 13
        }
      },
      "categoryIds": ["w-health-beauty"],
      "similarProducts": []
    },
    {
      "id": "w-683106-5010724532256",
      "name": "Batiste Dry Shampoo Luxe",
      "brand": "Batiste",
      "imageUrls": "https://cdn0.woolworths.media/content/wowproductimages/large/683106.jpg",
      "storeId": "woolworths",
      "packageSize": "200ml",
      "cupPrice": "$2.50 / 100ML",
      "locations": {
        "ALL": { "price": 5, "discountRate": 50, "promo": "", "orgPrice": 10 }
      },
      "categoryIds": ["w-health-beauty"],
      "similarProducts": []
    },
    {
      "id": "w-842060-5010724528952",
      "name": "Batiste Limited Edition Eden Dry Shampoo",
      "brand": "Batiste",
      "imageUrls": "https://cdn0.woolworths.media/content/wowproductimages/large/842060.jpg",
      "storeId": "woolworths",
      "packageSize": "200ml",
      "cupPrice": "$2.50 / 100ML",
      "locations": {
        "ALL": { "price": 5, "discountRate": 50, "promo": "", "orgPrice": 10 }
      },
      "categoryIds": ["w-health-beauty"],
      "similarProducts": []
    },
    {
      "id": "w-745781-5020480028481",
      "name": "Batiste Tropical Dry Shampoo",
      "brand": "Batiste",
      "imageUrls": "https://cdn0.woolworths.media/content/wowproductimages/large/745781.jpg",
      "storeId": "woolworths",
      "packageSize": "200ml",
      "cupPrice": "$2.50 / 100ML",
      "locations": {
        "ALL": { "price": 5, "discountRate": 50, "promo": "", "orgPrice": 10 }
      },
      "categoryIds": ["w-health-beauty"],
      "similarProducts": [
        { "productId": "cw-77614", "storeId": "chemist-warehouse" },
        { "productId": "cw-70047", "storeId": "chemist-warehouse" }
      ]
    },
    {
      "id": "w-376469-9310160822017",
      "name": "Berocca 50+ Energy Vitamin With Ginseng Effervescent Tablets",
      "brand": "Berocca",
      "imageUrls": "https://cdn0.woolworths.media/content/wowproductimages/large/376469.jpg",
      "storeId": "woolworths",
      "packageSize": "30 pack",
      "cupPrice": "$43.33 / 100EA",
      "locations": {
        "ALL": {
          "price": 13,
          "discountRate": 26,
          "promo": "",
          "orgPrice": 17.5
        }
      },
      "categoryIds": ["w-health-beauty"],
      "similarProducts": [
        { "productId": "cw-72864", "storeId": "chemist-warehouse" },
        { "productId": "cw-76970", "storeId": "chemist-warehouse" }
      ]
    },
    {
      "id": "w-801915-9310160821553",
      "name": "Berocca Energy Vitamin Mango & Orange Effervescent Tablets",
      "brand": "Berocca",
      "imageUrls": "https://cdn0.woolworths.media/content/wowproductimages/large/801915.jpg",
      "storeId": "woolworths",
      "packageSize": "30 pack",
      "cupPrice": "$43.33 / 100EA",
      "locations": {
        "ALL": {
          "price": 13,
          "discountRate": 25,
          "promo": "",
          "orgPrice": 17.3
        }
      },
      "categoryIds": ["w-health-beauty"],
      "similarProducts": [
        { "productId": "berocca-mango-orange", "storeId": "coles" },
        { "productId": "cw-73355", "storeId": "chemist-warehouse" },
        { "productId": "cw-74970", "storeId": "chemist-warehouse" },
        { "productId": "cw-73356", "storeId": "chemist-warehouse" }
      ]
    },
    {
      "id": "w-205684-9310160812353",
      "name": "Berocca Energy Vitamin Original Berry Effervescent Tablets",
      "brand": "Berocca",
      "imageUrls": "https://cdn0.woolworths.media/content/wowproductimages/large/205684.jpg",
      "storeId": "woolworths",
      "packageSize": "30 pack",
      "cupPrice": "$43.33 / 100EA",
      "locations": {
        "ALL": {
          "price": 13,
          "discountRate": 25,
          "promo": "",
          "orgPrice": 17.3
        }
      },
      "categoryIds": ["w-health-beauty"],
      "similarProducts": [
        {
          "productId": "berocca-performance-effervescent-vitamin-tablets-original-flavour",
          "storeId": "coles"
        },
        {
          "productId": "berocca-performance-effervescent-vitamin-tablets-original-flavour-9716497p",
          "storeId": "coles"
        },
        { "productId": "cw-51706", "storeId": "chemist-warehouse" },
        { "productId": "cw-57380", "storeId": "chemist-warehouse" },
        { "productId": "cw-51480", "storeId": "chemist-warehouse" }
      ]
    },
    {
      "id": "w-80524-9300655603023",
      "name": "Betadine Anaesthetic Lozenges Berry Flavour",
      "brand": "Betadine",
      "imageUrls": "https://cdn0.woolworths.media/content/wowproductimages/large/080524.jpg",
      "storeId": "woolworths",
      "packageSize": "36 pack",
      "cupPrice": "$0.28 / 1EA",
      "locations": {
        "ALL": {
          "price": 10,
          "discountRate": 33,
          "promo": "",
          "orgPrice": 15
        }
      },
      "categoryIds": ["w-health-beauty"],
      "similarProducts": []
    },
    {
      "id": "w-682029-9319733003495",
      "name": "Betadine Anaesthetic Lozenges Honey & Lemon Flavour",
      "brand": "Betadine",
      "imageUrls": "https://cdn0.woolworths.media/content/wowproductimages/large/682029.jpg",
      "storeId": "woolworths",
      "packageSize": "36 pack",
      "cupPrice": "$0.28 / 1EA",
      "locations": {
        "ALL": {
          "price": 10,
          "discountRate": 33,
          "promo": "",
          "orgPrice": 15
        }
      },
      "categoryIds": ["w-health-beauty"],
      "similarProducts": []
    },
    {
      "id": "w-81671-9300655603054",
      "name": "Betadine Sore Throat Gargle + Anaesthetic Lozenges Kit",
      "brand": "Betadine",
      "imageUrls": "https://cdn0.woolworths.media/content/wowproductimages/large/081671.jpg",
      "storeId": "woolworths",
      "packageSize": "16 pack + 15ml",
      "cupPrice": "$13.00 / 1EA",
      "locations": {
        "ALL": {
          "price": 13,
          "discountRate": 24,
          "promo": "",
          "orgPrice": 17
        }
      },
      "categoryIds": ["w-health-beauty"],
      "similarProducts": []
    },
    {
      "id": "w-598939-9335782005389",
      "name": "Biore Charcoal Acne Scrub",
      "brand": "Biore",
      "imageUrls": "https://cdn0.woolworths.media/content/wowproductimages/large/598939.jpg",
      "storeId": "woolworths",
      "packageSize": "127g",
      "cupPrice": "$4.72 / 100G",
      "locations": {
        "ALL": { "price": 6, "discountRate": 40, "promo": "", "orgPrice": 10 }
      },
      "categoryIds": ["w-health-beauty"],
      "similarProducts": [
        { "productId": "cw-83775", "storeId": "chemist-warehouse" }
      ]
    },
    {
      "id": "w-793174-9335782003545",
      "name": "Biore Cleanser Deep Pore Charcoal",
      "brand": "Biore",
      "imageUrls": "https://cdn0.woolworths.media/content/wowproductimages/large/793174.jpg",
      "storeId": "woolworths",
      "packageSize": "200ml",
      "cupPrice": "$3.30 / 100ML",
      "locations": {
        "ALL": {
          "price": 6.6,
          "discountRate": 40,
          "promo": "",
          "orgPrice": 11
        }
      },
      "categoryIds": ["w-health-beauty"],
      "similarProducts": []
    },
    {
      "id": "w-298114-9335782000094",
      "name": "Biore Combo Deep Cleansing Pore Strips",
      "brand": "Biore",
      "imageUrls": "https://cdn0.woolworths.media/content/wowproductimages/large/298114.jpg",
      "storeId": "woolworths",
      "packageSize": "14 pack",
      "cupPrice": "$0.47 / 1EA",
      "locations": {
        "ALL": {
          "price": 6.6,
          "discountRate": 40,
          "promo": "",
          "orgPrice": 11
        }
      },
      "categoryIds": ["w-health-beauty"],
      "similarProducts": []
    },
    {
      "id": "w-482729-9335782004290",
      "name": "Biore Deep Cleansing Charcoal Pore Strip",
      "brand": "Biore",
      "imageUrls": "https://cdn0.woolworths.media/content/wowproductimages/large/482729.jpg",
      "storeId": "woolworths",
      "packageSize": "6pk",
      "cupPrice": "$0.75 / 1EA",
      "locations": {
        "ALL": {
          "price": 4.5,
          "discountRate": 40,
          "promo": "",
          "orgPrice": 7.5
        }
      },
      "categoryIds": ["w-health-beauty"],
      "similarProducts": []
    },
    {
      "id": "w-1478-9321715021014",
      "name": "Biore Deep Cleansing Pore Strips",
      "brand": "Biore",
      "imageUrls": "https://cdn0.woolworths.media/content/wowproductimages/large/001478.jpg",
      "storeId": "woolworths",
      "packageSize": "6pk",
      "cupPrice": "$0.72 / 1EA",
      "locations": {
        "ALL": {
          "price": 4.3,
          "discountRate": 40,
          "promo": "",
          "orgPrice": 7.2
        }
      },
      "categoryIds": ["w-health-beauty"],
      "similarProducts": []
    },
    {
      "id": "w-80417-9351791000900",
      "name": "Bisolvon Duo Syrup",
      "brand": "Bisolvon",
      "imageUrls": "https://cdn0.woolworths.media/content/wowproductimages/large/080417.jpg",
      "storeId": "woolworths",
      "packageSize": "100ml",
      "cupPrice": "$12.00 / 100ML",
      "locations": {
        "ALL": {
          "price": 12,
          "discountRate": 20,
          "promo": "",
          "orgPrice": 15
        }
      },
      "categoryIds": ["w-health-beauty"],
      "similarProducts": []
    },
    {
      "id": "w-6571-93807920",
      "name": "Blackmores Bio C Tablets 1000mg",
      "brand": "Blackmores",
      "imageUrls": "https://cdn0.woolworths.media/content/wowproductimages/large/006571.jpg",
      "storeId": "woolworths",
      "packageSize": "62 pack",
      "cupPrice": "$14.19 / 100EA",
      "locations": {
        "ALL": {
          "price": 8.8,
          "discountRate": 50,
          "promo": "",
          "orgPrice": 17.6
        }
      },
      "categoryIds": ["w-health-beauty"],
      "similarProducts": []
    },
    {
      "id": "w-86565-9300807324950",
      "name": "Blackmores Bio C Chewable 500",
      "brand": "Blackmores",
      "imageUrls": "https://cdn0.woolworths.media/content/wowproductimages/large/086565.jpg",
      "storeId": "woolworths",
      "packageSize": "125 pack",
      "cupPrice": "$6.00 / 100EA",
      "locations": {
        "ALL": {
          "price": 7.5,
          "discountRate": 50,
          "promo": "",
          "orgPrice": 15
        }
      },
      "categoryIds": ["w-health-beauty"],
      "similarProducts": []
    },
    {
      "id": "w-86532-93558624",
      "name": "Blackmores Bio C Chewable 500",
      "brand": "Blackmores",
      "imageUrls": "https://cdn0.woolworths.media/content/wowproductimages/large/086532.jpg",
      "storeId": "woolworths",
      "packageSize": "50 pack",
      "cupPrice": "$7.50 / 100EA",
      "locations": {
        "ALL": {
          "price": 3.75,
          "discountRate": 50,
          "promo": "",
          "orgPrice": 7.5
        }
      },
      "categoryIds": ["w-health-beauty"],
      "similarProducts": []
    },
    {
      "id": "w-85715-93558853",
      "name": "Blackmores Echinacea Ace & Zinc",
      "brand": "Blackmores",
      "imageUrls": "https://cdn0.woolworths.media/content/wowproductimages/large/085715.jpg",
      "storeId": "woolworths",
      "packageSize": "60 pack",
      "cupPrice": "$16.67 / 100EA",
      "locations": {
        "ALL": {
          "price": 10,
          "discountRate": 50,
          "promo": "",
          "orgPrice": 20
        }
      },
      "categoryIds": ["w-health-beauty"],
      "similarProducts": []
    },
    {
      "id": "w-192702-9300807220115",
      "name": "Blackmores Executive B Tablets",
      "brand": "Blackmores",
      "imageUrls": "https://cdn0.woolworths.media/content/wowproductimages/large/192702.jpg",
      "storeId": "woolworths",
      "packageSize": "125 pack",
      "cupPrice": "$13.52 / 100EA",
      "locations": {
        "ALL": {
          "price": 16.9,
          "discountRate": 50,
          "promo": "",
          "orgPrice": 33.8
        }
      },
      "categoryIds": ["w-health-beauty"],
      "similarProducts": [
        { "productId": "cw-88404", "storeId": "chemist-warehouse" }
      ]
    },
    {
      "id": "w-6259-93808200",
      "name": "Blackmores Executive B Stress Formula Tablets",
      "brand": "Blackmores",
      "imageUrls": "https://cdn0.woolworths.media/content/wowproductimages/large/006259.jpg",
      "storeId": "woolworths",
      "packageSize": "28 pack",
      "cupPrice": "$20.54 / 100EA",
      "locations": {
        "ALL": {
          "price": 5.75,
          "discountRate": 50,
          "promo": "",
          "orgPrice": 11.5
        }
      },
      "categoryIds": ["w-health-beauty"],
      "similarProducts": [
        { "productId": "cw-39791", "storeId": "chemist-warehouse" },
        { "productId": "cw-42578", "storeId": "chemist-warehouse" },
        { "productId": "cw-58799", "storeId": "chemist-warehouse" }
      ]
    },
    {
      "id": "w-828172-9300807287446",
      "name": "Blackmores Fish Oil 1000mg",
      "brand": "Blackmores",
      "imageUrls": "https://cdn0.woolworths.media/content/wowproductimages/large/828172.jpg",
      "storeId": "woolworths",
      "packageSize": "200 pack",
      "cupPrice": "$4.50 / 100EA",
      "locations": {
        "ALL": { "price": 9, "discountRate": 50, "promo": "", "orgPrice": 18 }
      },
      "categoryIds": ["w-health-beauty"],
      "similarProducts": []
    },
    {
      "id": "w-828148-9300807287439",
      "name": "Blackmores Fish Oil Odourless 1000mg",
      "brand": "Blackmores",
      "imageUrls": "https://cdn0.woolworths.media/content/wowproductimages/large/828148.jpg",
      "storeId": "woolworths",
      "packageSize": "200 pack",
      "cupPrice": "$5.00 / 100EA",
      "locations": {
        "ALL": {
          "price": 10,
          "discountRate": 50,
          "promo": "",
          "orgPrice": 20
        }
      },
      "categoryIds": ["w-health-beauty"],
      "similarProducts": []
    },
    {
      "id": "w-228483-93333535",
      "name": "Blackmores For Women Nails Hair & Skin Tablets",
      "brand": "Blackmores",
      "imageUrls": "https://cdn0.woolworths.media/content/wowproductimages/large/228483.jpg",
      "storeId": "woolworths",
      "packageSize": "60 pack",
      "cupPrice": "$12.92 / 100EA",
      "locations": {
        "ALL": {
          "price": 7.75,
          "discountRate": 50,
          "promo": "",
          "orgPrice": 15.5
        }
      },
      "categoryIds": ["w-health-beauty"],
      "similarProducts": []
    },
    {
      "id": "w-572397-9300807307076",
      "name": "Blackmores Glucosamine Sulfate 1500mg Tablets",
      "brand": "Blackmores",
      "imageUrls": "https://cdn0.woolworths.media/content/wowproductimages/large/572397.jpg",
      "storeId": "woolworths",
      "packageSize": "60 pack",
      "cupPrice": "$16.67 / 100EA",
      "locations": {
        "ALL": {
          "price": 10,
          "discountRate": 50,
          "promo": "",
          "orgPrice": 20
        }
      },
      "categoryIds": ["w-health-beauty"],
      "similarProducts": []
    },
    {
      "id": "w-771915-93894456",
      "name": "Blackmores Horseradish Garlic Plus",
      "brand": "Blackmores",
      "imageUrls": "https://cdn0.woolworths.media/content/wowproductimages/large/771915.jpg",
      "storeId": "woolworths",
      "packageSize": "50pk",
      "cupPrice": "$17.50 / 100EA",
      "locations": {
        "ALL": {
          "price": 8.75,
          "discountRate": 50,
          "promo": "",
          "orgPrice": 17.5
        }
      },
      "categoryIds": ["w-health-beauty"],
      "similarProducts": []
    },
    {
      "id": "w-8595-9300807019405",
      "name": "Blackmores Lyp-sine Coldsore Relief Tablets",
      "brand": "Blackmores",
      "imageUrls": "https://cdn0.woolworths.media/content/wowproductimages/large/008595.jpg",
      "storeId": "woolworths",
      "packageSize": "30 pack",
      "cupPrice": "$17.00 / 100EA",
      "locations": {
        "ALL": {
          "price": 5.1,
          "discountRate": 50,
          "promo": "",
          "orgPrice": 10.2
        }
      },
      "categoryIds": ["w-health-beauty"],
      "similarProducts": []
    },
    {
      "id": "w-6370-93808804",
      "name": "Blackmores Mega B Complex Tablets",
      "brand": "Blackmores",
      "imageUrls": "https://cdn0.woolworths.media/content/wowproductimages/large/006370.jpg",
      "storeId": "woolworths",
      "packageSize": "75 pack",
      "cupPrice": "$16.00 / 100EA",
      "locations": {
        "ALL": {
          "price": 12,
          "discountRate": 50,
          "promo": "",
          "orgPrice": 24
        }
      },
      "categoryIds": ["w-health-beauty"],
      "similarProducts": [
        { "productId": "cw-43194", "storeId": "chemist-warehouse" },
        { "productId": "cw-51602", "storeId": "chemist-warehouse" },
        { "productId": "cw-43192", "storeId": "chemist-warehouse" }
      ]
    },
    {
      "id": "w-202368-93487788",
      "name": "Blackmores Mens Performance Multi",
      "brand": "Blackmores",
      "imageUrls": "https://cdn0.woolworths.media/content/wowproductimages/large/202368.jpg",
      "storeId": "woolworths",
      "packageSize": "50 pack",
      "cupPrice": "$20.00 / 100EA",
      "locations": {
        "ALL": {
          "price": 10,
          "discountRate": 50,
          "promo": "",
          "orgPrice": 20
        }
      },
      "categoryIds": ["w-health-beauty"],
      "similarProducts": []
    },
    {
      "id": "w-89860-93807357",
      "name": "Blackmores Milk Thistle Liver Tonic Tablets",
      "brand": "Blackmores",
      "imageUrls": "https://cdn0.woolworths.media/content/wowproductimages/large/089860.jpg",
      "storeId": "woolworths",
      "packageSize": "42 pack",
      "cupPrice": "$14.76 / 100EA",
      "locations": {
        "ALL": {
          "price": 6.2,
          "discountRate": 50,
          "promo": "",
          "orgPrice": 12.4
        }
      },
      "categoryIds": ["w-health-beauty"],
      "similarProducts": []
    },
    {
      "id": "w-86396-93558662",
      "name": "Blackmores Multivitamin & Immune",
      "brand": "Blackmores",
      "imageUrls": "https://cdn0.woolworths.media/content/wowproductimages/large/086396.jpg",
      "storeId": "woolworths",
      "packageSize": "50 pack",
      "cupPrice": "$20.00 / 100EA",
      "locations": {
        "ALL": {
          "price": 10,
          "discountRate": 50,
          "promo": "",
          "orgPrice": 20
        }
      },
      "categoryIds": ["w-health-beauty"],
      "similarProducts": []
    },
    {
      "id": "w-215177-93367134",
      "name": "Blackmores Multivitamin For Women",
      "brand": "Blackmores",
      "imageUrls": "https://cdn0.woolworths.media/content/wowproductimages/large/215177.jpg",
      "storeId": "woolworths",
      "packageSize": "50 pack",
      "cupPrice": "$20.00 / 100EA",
      "locations": {
        "ALL": {
          "price": 10,
          "discountRate": 50,
          "promo": "",
          "orgPrice": 20
        }
      },
      "categoryIds": ["w-health-beauty"],
      "similarProducts": []
    },
    {
      "id": "w-59320-9300807319932",
      "name": "Blackmores Omega Double High Strength Fish Oil Capsules",
      "brand": "Blackmores",
      "imageUrls": "https://cdn0.woolworths.media/content/wowproductimages/large/059320.jpg",
      "storeId": "woolworths",
      "packageSize": "90 pack",
      "cupPrice": "$11.11 / 100EA",
      "locations": {
        "ALL": {
          "price": 10,
          "discountRate": 50,
          "promo": "",
          "orgPrice": 20
        }
      },
      "categoryIds": ["w-health-beauty"],
      "similarProducts": [
        { "productId": "cw-91134", "storeId": "chemist-warehouse" },
        { "productId": "cw-91135", "storeId": "chemist-warehouse" }
      ]
    },
    {
      "id": "w-92206-9300807232675",
      "name": "Blackmores Pregnancy & Breastfeeding Gold Capsules",
      "brand": "Blackmores",
      "imageUrls": "https://cdn0.woolworths.media/content/wowproductimages/large/092206.jpg",
      "storeId": "woolworths",
      "packageSize": "60 pack",
      "cupPrice": "$17.08 / 100EA",
      "locations": {
        "ALL": {
          "price": 10.25,
          "discountRate": 50,
          "promo": "",
          "orgPrice": 20.5
        }
      },
      "categoryIds": ["w-health-beauty"],
      "similarProducts": [
        { "productId": "cw-50953", "storeId": "chemist-warehouse" },
        { "productId": "cw-50409", "storeId": "chemist-warehouse" }
      ]
    },
    {
      "id": "w-804279-93550710",
      "name": "Blackmores Probiotics Womens Flora Balance",
      "brand": "Blackmores",
      "imageUrls": "https://cdn0.woolworths.media/content/wowproductimages/large/804279.jpg",
      "storeId": "woolworths",
      "packageSize": "30 capsules",
      "cupPrice": "$53.33 / 100EA",
      "locations": {
        "ALL": {
          "price": 16,
          "discountRate": 50,
          "promo": "",
          "orgPrice": 32
        }
      },
      "categoryIds": ["w-health-beauty"],
      "similarProducts": []
    },
    {
      "id": "w-572423-93550642",
      "name": "Blackmores Probiotics+ Daily Health",
      "brand": "Blackmores",
      "imageUrls": "https://cdn0.woolworths.media/content/wowproductimages/large/572423.jpg",
      "storeId": "woolworths",
      "packageSize": "30 pack",
      "cupPrice": "$46.67 / 100EA",
      "locations": {
        "ALL": {
          "price": 14,
          "discountRate": 50,
          "promo": "",
          "orgPrice": 28
        }
      },
      "categoryIds": ["w-health-beauty"],
      "similarProducts": []
    },
    {
      "id": "w-572424-93550659",
      "name": "Blackmores Probiotics+ Immunity Defence",
      "brand": "Blackmores",
      "imageUrls": "https://cdn0.woolworths.media/content/wowproductimages/large/572424.jpg",
      "storeId": "woolworths",
      "packageSize": "30 pack",
      "cupPrice": "$46.67 / 100EA",
      "locations": {
        "ALL": {
          "price": 14,
          "discountRate": 50,
          "promo": "",
          "orgPrice": 28
        }
      },
      "categoryIds": ["w-health-beauty"],
      "similarProducts": []
    },
    {
      "id": "w-360038-9300807251737",
      "name": "Blackmores Sleep Support Sleep Sound Formula",
      "brand": "Blackmores",
      "imageUrls": "https://cdn0.woolworths.media/content/wowproductimages/large/360038.jpg",
      "storeId": "woolworths",
      "packageSize": "30pk",
      "cupPrice": "$31.67 / 100EA",
      "locations": {
        "ALL": {
          "price": 9.5,
          "discountRate": 50,
          "promo": "",
          "orgPrice": 19
        }
      },
      "categoryIds": ["w-health-beauty"],
      "similarProducts": []
    },
    {
      "id": "w-20732-93808545",
      "name": "Blackmores Sleep Support Valerian Forte Tablets",
      "brand": "Blackmores",
      "imageUrls": "https://cdn0.woolworths.media/content/wowproductimages/large/020732.jpg",
      "storeId": "woolworths",
      "packageSize": "30 pack",
      "cupPrice": "$26.67 / 100EA",
      "locations": {
        "ALL": { "price": 8, "discountRate": 50, "promo": "", "orgPrice": 16 }
      },
      "categoryIds": ["w-health-beauty"],
      "similarProducts": []
    },
    {
      "id": "w-59366-93550703",
      "name": "Blackmores Super Coq10 300mg Capsules",
      "brand": "Blackmores",
      "imageUrls": "https://cdn0.woolworths.media/content/wowproductimages/large/059366.jpg",
      "storeId": "woolworths",
      "packageSize": "30 pack",
      "cupPrice": "$0.55 / 1EA",
      "locations": {
        "ALL": {
          "price": 16.5,
          "discountRate": 50,
          "promo": "",
          "orgPrice": 33
        }
      },
      "categoryIds": ["w-health-beauty"],
      "similarProducts": []
    },
    {
      "id": "w-641891-9300807308745",
      "name": "Blackmores Superkids Immune Gummies",
      "brand": "Blackmores",
      "imageUrls": "https://cdn0.woolworths.media/content/wowproductimages/large/641891.jpg",
      "storeId": "woolworths",
      "packageSize": "60 pack",
      "cupPrice": "$12.50 / 100EA",
      "locations": {
        "ALL": {
          "price": 7.5,
          "discountRate": 50,
          "promo": "",
          "orgPrice": 15
        }
      },
      "categoryIds": ["w-health-beauty"],
      "similarProducts": [
        { "productId": "cw-84394", "storeId": "chemist-warehouse" }
      ]
    },
    {
      "id": "w-206378-9300807219508",
      "name": "Blackmores Total Calcium + Magnesium + D3 Tablets Value Pack",
      "brand": "Blackmores",
      "imageUrls": "https://cdn0.woolworths.media/content/wowproductimages/large/206378.jpg",
      "storeId": "woolworths",
      "packageSize": "125 pack",
      "cupPrice": "$8.80 / 100EA",
      "locations": {
        "ALL": {
          "price": 11,
          "discountRate": 50,
          "promo": "",
          "orgPrice": 22
        }
      },
      "categoryIds": ["w-health-beauty"],
      "similarProducts": []
    },
    {
      "id": "w-73124-9300807003701",
      "name": "Blackmores Travel Calm Tablets With Ginger",
      "brand": "Blackmores",
      "imageUrls": "https://cdn0.woolworths.media/content/wowproductimages/large/073124.jpg",
      "storeId": "woolworths",
      "packageSize": "45 pack",
      "cupPrice": "$12.76 / 100EA",
      "locations": {
        "ALL": {
          "price": 5.74,
          "discountRate": 50,
          "promo": "",
          "orgPrice": 11.49
        }
      },
      "categoryIds": ["w-health-beauty"],
      "similarProducts": []
    },
    {
      "id": "w-86293-93558563",
      "name": "Blackmores Vegan Omega-3 Oil",
      "brand": "Blackmores",
      "imageUrls": "https://cdn0.woolworths.media/content/wowproductimages/large/086293.jpg",
      "storeId": "woolworths",
      "packageSize": "60 pack",
      "cupPrice": "$20.83 / 100EA",
      "locations": {
        "ALL": {
          "price": 12.5,
          "discountRate": 50,
          "promo": "",
          "orgPrice": 25
        }
      },
      "categoryIds": ["w-health-beauty"],
      "similarProducts": []
    },
    {
      "id": "w-771709-93807845",
      "name": "Blackmores Vit B12 Tablets",
      "brand": "Blackmores",
      "imageUrls": "https://cdn0.woolworths.media/content/wowproductimages/large/771709.jpg",
      "storeId": "woolworths",
      "packageSize": "75pk",
      "cupPrice": "$500.00 / 100EA",
      "locations": {
        "ALL": { "price": 5, "discountRate": 50, "promo": "", "orgPrice": 10 }
      },
      "categoryIds": ["w-health-beauty"],
      "similarProducts": []
    },
    {
      "id": "w-819600-93555883",
      "name": "Blackmores Vitamin C & Echinacea Effervescent",
      "brand": "Blackmores",
      "imageUrls": "https://cdn0.woolworths.media/content/wowproductimages/large/819600.jpg",
      "storeId": "woolworths",
      "packageSize": "10 pack",
      "cupPrice": "$0.35 / 1EA",
      "locations": {
        "ALL": {
          "price": 3.5,
          "discountRate": 50,
          "promo": "",
          "orgPrice": 7
        }
      },
      "categoryIds": ["w-health-beauty"],
      "similarProducts": []
    },
    {
      "id": "w-86483-9300807318492",
      "name": "Blackmores Vitamin C & Elderberry Gummies",
      "brand": "Blackmores",
      "imageUrls": "https://cdn0.woolworths.media/content/wowproductimages/large/086483.jpg",
      "storeId": "woolworths",
      "packageSize": "120 pack",
      "cupPrice": "$10.42 / 100EA",
      "locations": {
        "ALL": {
          "price": 12.5,
          "discountRate": 50,
          "promo": "",
          "orgPrice": 25
        }
      },
      "categoryIds": ["w-health-beauty"],
      "similarProducts": []
    },
    {
      "id": "w-85697-9300807324172",
      "name": "Blackmores Vitamin C 500 Tablets",
      "brand": "Blackmores",
      "imageUrls": "https://cdn0.woolworths.media/content/wowproductimages/large/085697.jpg",
      "storeId": "woolworths",
      "packageSize": "120 pack",
      "cupPrice": "$5.21 / 100EA",
      "locations": {
        "ALL": {
          "price": 6.25,
          "discountRate": 50,
          "promo": "",
          "orgPrice": 12.5
        }
      },
      "categoryIds": ["w-health-beauty"],
      "similarProducts": []
    },
    {
      "id": "w-134174-93391078",
      "name": "Blackmores Vitamin E 1000iu Capsules",
      "brand": "Blackmores",
      "imageUrls": "https://cdn0.woolworths.media/content/wowproductimages/large/134174.jpg",
      "storeId": "woolworths",
      "packageSize": "30 pack",
      "cupPrice": "$25.00 / 100EA",
      "locations": {
        "ALL": {
          "price": 7.5,
          "discountRate": 50,
          "promo": "",
          "orgPrice": 15
        }
      },
      "categoryIds": ["w-health-beauty"],
      "similarProducts": [
        { "productId": "cw-55289", "storeId": "chemist-warehouse" },
        { "productId": "cw-55297", "storeId": "chemist-warehouse" },
        { "productId": "cw-49749", "storeId": "chemist-warehouse" }
      ]
    },
    {
      "id": "w-142893-9313501031130",
      "name": "Blistex Lip Care Lip Balm Ultra Spf 50+",
      "brand": "Blistex",
      "imageUrls": "https://cdn0.woolworths.media/content/wowproductimages/large/142893.jpg",
      "storeId": "woolworths",
      "packageSize": "4.25g",
      "cupPrice": "$7.53 / 10G",
      "locations": {
        "ALL": {
          "price": 3.2,
          "discountRate": 20,
          "promo": "",
          "orgPrice": 4
        }
      },
      "categoryIds": ["w-health-beauty"],
      "similarProducts": []
    },
    {
      "id": "w-716931-9313501311072",
      "name": "Blistex Medicated Relief Lip Balm",
      "brand": "Blistex",
      "imageUrls": "https://cdn0.woolworths.media/content/wowproductimages/large/716931.jpg",
      "storeId": "woolworths",
      "packageSize": "6g",
      "cupPrice": "$6.67 / 10G",
      "locations": {
        "ALL": { "price": 4, "discountRate": 20, "promo": "", "orgPrice": 5 }
      },
      "categoryIds": ["w-health-beauty"],
      "similarProducts": []
    },
    {
      "id": "w-95857-9349282000560",
      "name": "Bodiez Isotonic Protein Water - Tropic Crush",
      "brand": "Bodiez",
      "imageUrls": "https://cdn0.woolworths.media/content/wowproductimages/large/095857.jpg",
      "storeId": "woolworths",
      "packageSize": "500ml",
      "cupPrice": "$0.50 / 100ML",
      "locations": {
        "ALL": {
          "price": 2.5,
          "discountRate": 50,
          "promo": "",
          "orgPrice": 5
        }
      },
      "categoryIds": ["w-health-beauty"],
      "similarProducts": []
    },
    {
      "id": "w-66760-9349282000591",
      "name": "Bodiez Protein Water Berry Optimum",
      "brand": "Bodiez",
      "imageUrls": "https://cdn0.woolworths.media/content/wowproductimages/large/066760.jpg",
      "storeId": "woolworths",
      "packageSize": "500ml",
      "cupPrice": "$0.55 / 100ML",
      "locations": {
        "ALL": {
          "price": 2.75,
          "discountRate": 50,
          "promo": "",
          "orgPrice": 5.5
        }
      },
      "categoryIds": ["w-health-beauty"],
      "similarProducts": [
        { "productId": "cw-95103", "storeId": "chemist-warehouse" }
      ]
    },
    {
      "id": "w-66761-9349282000607",
      "name": "Bodiez Protein Water Kiwi Optimum",
      "brand": "Bodiez",
      "imageUrls": "https://cdn0.woolworths.media/content/wowproductimages/large/066761.jpeg",
      "storeId": "woolworths",
      "packageSize": "500ml",
      "cupPrice": "$0.55 / 100ML",
      "locations": {
        "ALL": {
          "price": 2.75,
          "discountRate": 50,
          "promo": "",
          "orgPrice": 5.5
        }
      },
      "categoryIds": ["w-health-beauty"],
      "similarProducts": [
        { "productId": "cw-95105", "storeId": "chemist-warehouse" }
      ]
    },
    {
      "id": "w-755302-9300710005175",
      "name": "Bosisto's Eucalyptus Drops Sugar Free",
      "brand": "Bosisto's",
      "imageUrls": "https://cdn0.woolworths.media/content/wowproductimages/large/755302.jpg",
      "storeId": "woolworths",
      "packageSize": "50g",
      "cupPrice": "$5.40 / 100G",
      "locations": {
        "ALL": {
          "price": 2.7,
          "discountRate": 18,
          "promo": "",
          "orgPrice": 3.3
        }
      },
      "categoryIds": ["w-health-beauty"],
      "similarProducts": []
    },
    {
      "id": "w-826468-9300710012609",
      "name": "Bosisto's Nasal Inhaler Eucalyptus",
      "brand": "Bosisto's",
      "imageUrls": "https://cdn0.woolworths.media/content/wowproductimages/large/826468.jpg",
      "storeId": "woolworths",
      "packageSize": "1g",
      "cupPrice": "$48.00 / 10G",
      "locations": {
        "ALL": {
          "price": 4.8,
          "discountRate": 20,
          "promo": "",
          "orgPrice": 6
        }
      },
      "categoryIds": ["w-health-beauty"],
      "similarProducts": []
    },
    {
      "id": "w-755247-9300710012708",
      "name": "Bosisto's Nasal Spray Eucalyptus Saline",
      "brand": "Bosisto's",
      "imageUrls": "https://cdn0.woolworths.media/content/wowproductimages/large/755247.jpg",
      "storeId": "woolworths",
      "packageSize": "50ml",
      "cupPrice": "$12.00 / 100ML",
      "locations": {
        "ALL": { "price": 6, "discountRate": 25, "promo": "", "orgPrice": 8 }
      },
      "categoryIds": ["w-health-beauty"],
      "similarProducts": []
    },
    {
      "id": "w-700604-9335805001626",
      "name": "Bounce Cashew Caramel Energy Ball",
      "brand": "Bounce",
      "imageUrls": "https://cdn0.woolworths.media/content/wowproductimages/large/700604.jpg",
      "storeId": "woolworths",
      "packageSize": "42g",
      "cupPrice": "$3.75 / 100G",
      "locations": {
        "ALL": {
          "price": 1.5,
          "discountRate": 50,
          "promo": "",
          "orgPrice": 3
        }
      },
      "categoryIds": ["w-health-beauty"],
      "similarProducts": []
    },
    {
      "id": "w-98355-9335805002050",
      "name": "Bounce Keto Almond Vanilla Low Carb Bar",
      "brand": "Bounce",
      "imageUrls": "https://cdn0.woolworths.media/content/wowproductimages/large/098355.jpg",
      "storeId": "woolworths",
      "packageSize": "35g",
      "cupPrice": "$4.29 / 100G",
      "locations": {
        "ALL": {
          "price": 1.5,
          "discountRate": 50,
          "promo": "",
          "orgPrice": 3
        }
      },
      "categoryIds": ["w-health-beauty"],
      "similarProducts": []
    },
    {
      "id": "w-95994-9335805002067",
      "name": "Bounce Keto Salted Caramel Low Carb Bar",
      "brand": "Bounce",
      "imageUrls": "https://cdn0.woolworths.media/content/wowproductimages/large/095994.jpg",
      "storeId": "woolworths",
      "packageSize": "35g",
      "cupPrice": "$4.29 / 100G",
      "locations": {
        "ALL": {
          "price": 1.5,
          "discountRate": 50,
          "promo": "",
          "orgPrice": 3
        }
      },
      "categoryIds": ["w-health-beauty"],
      "similarProducts": []
    },
    {
      "id": "w-771791-9335805000322",
      "name": "Bounce Natural Energy Ball Cacao, Mint & Protein Ball",
      "brand": "Bounce",
      "imageUrls": "https://cdn0.woolworths.media/content/wowproductimages/large/771791.jpg",
      "storeId": "woolworths",
      "packageSize": "42g",
      "cupPrice": "$3.57 / 100G",
      "locations": {
        "ALL": {
          "price": 1.5,
          "discountRate": 50,
          "promo": "",
          "orgPrice": 3
        }
      },
      "categoryIds": ["w-health-beauty"],
      "similarProducts": []
    },
    {
      "id": "w-723680-9335805000384",
      "name": "Bounce Natural Energy Ball Coconut Macadamia Protein",
      "brand": "Bounce",
      "imageUrls": "https://cdn0.woolworths.media/content/wowproductimages/large/723680.jpg",
      "storeId": "woolworths",
      "packageSize": "40g",
      "cupPrice": "$3.75 / 100G",
      "locations": {
        "ALL": {
          "price": 1.5,
          "discountRate": 50,
          "promo": "",
          "orgPrice": 3
        }
      },
      "categoryIds": ["w-health-beauty"],
      "similarProducts": []
    },
    {
      "id": "w-281271-9335805000018",
      "name": "Bounce Natural Energy Ball Peanut",
      "brand": "Bounce",
      "imageUrls": "https://cdn0.woolworths.media/content/wowproductimages/large/281271.jpg",
      "storeId": "woolworths",
      "packageSize": "49g",
      "cupPrice": "$3.06 / 100G",
      "locations": {
        "ALL": {
          "price": 1.5,
          "discountRate": 50,
          "promo": "",
          "orgPrice": 3
        }
      },
      "categoryIds": ["w-health-beauty"],
      "similarProducts": []
    },
    {
      "id": "w-802720-9335805001602",
      "name": "Bounce Plant Protein Almond Butter",
      "brand": "Bounce",
      "imageUrls": "https://cdn0.woolworths.media/content/wowproductimages/large/802720.jpg",
      "storeId": "woolworths",
      "packageSize": "42g",
      "cupPrice": "$3.57 / 100G",
      "locations": {
        "ALL": {
          "price": 1.5,
          "discountRate": 50,
          "promo": "",
          "orgPrice": 3
        }
      },
      "categoryIds": ["w-health-beauty"],
      "similarProducts": []
    },
    {
      "id": "w-99367-9335805001961",
      "name": "Bounce Plant Protein Cacao Nut Butter Energy Ball",
      "brand": "Bounce",
      "imageUrls": "https://cdn0.woolworths.media/content/wowproductimages/large/099367.jpg",
      "storeId": "woolworths",
      "packageSize": "40g",
      "cupPrice": "$3.75 / 100G",
      "locations": {
        "ALL": {
          "price": 1.5,
          "discountRate": 50,
          "promo": "",
          "orgPrice": 3
        }
      },
      "categoryIds": ["w-health-beauty"],
      "similarProducts": []
    },
    {
      "id": "w-966493-9421029551839",
      "name": "Brite Organix Semi Permanent Hair Colour Pastel Blue",
      "brand": "Brite",
      "imageUrls": "https://cdn0.woolworths.media/content/wowproductimages/large/966493.jpg",
      "storeId": "woolworths",
      "packageSize": "75ml",
      "cupPrice": "$6.67 / 100ML",
      "locations": {
        "ALL": { "price": 5, "discountRate": 50, "promo": "", "orgPrice": 10 }
      },
      "categoryIds": ["w-health-beauty"],
      "similarProducts": []
    },
    {
      "id": "w-781823-9421903034618",
      "name": "Brite Semi Permanent Hair Colour Colour Limited Edition Red",
      "brand": "Brite",
      "imageUrls": "https://cdn0.woolworths.media/content/wowproductimages/large/781823.jpg",
      "storeId": "woolworths",
      "packageSize": "75ml",
      "cupPrice": "$6.67 / 100ML",
      "locations": {
        "ALL": { "price": 5, "discountRate": 50, "promo": "", "orgPrice": 10 }
      },
      "categoryIds": ["w-health-beauty"],
      "similarProducts": []
    },
    {
      "id": "w-840411-9421029550726",
      "name": "Brite Semi Permanent Hair Colour Colour Pastel Purple",
      "brand": "Brite",
      "imageUrls": "https://cdn0.woolworths.media/content/wowproductimages/large/840411.jpg",
      "storeId": "woolworths",
      "packageSize": "75ml",
      "cupPrice": "$6.67 / 100ML",
      "locations": {
        "ALL": { "price": 5, "discountRate": 50, "promo": "", "orgPrice": 10 }
      },
      "categoryIds": ["w-health-beauty"],
      "similarProducts": []
    },
    {
      "id": "w-755334-9421903034168",
      "name": "Brite Semi Permanent Hair Colour Colour Pink",
      "brand": "Brite",
      "imageUrls": "https://cdn0.woolworths.media/content/wowproductimages/large/755334.jpg",
      "storeId": "woolworths",
      "packageSize": "75ml",
      "cupPrice": "$6.67 / 100ML",
      "locations": {
        "ALL": { "price": 5, "discountRate": 50, "promo": "", "orgPrice": 10 }
      },
      "categoryIds": ["w-health-beauty"],
      "similarProducts": []
    },
    {
      "id": "w-815155-9314807065492",
      "name": "Brut Anti-perspirant Enduro Ice",
      "brand": "Brut",
      "imageUrls": "https://cdn0.woolworths.media/content/wowproductimages/large/815155.jpg",
      "storeId": "woolworths",
      "packageSize": "150g",
      "cupPrice": "$2.00 / 100G",
      "locations": {
        "ALL": {
          "price": 3,
          "discountRate": 52,
          "promo": "",
          "orgPrice": 6.3
        }
      },
      "categoryIds": ["w-health-beauty"],
      "similarProducts": []
    },
    {
      "id": "w-815156-9314807065508",
      "name": "Brut Anti-perspirant Max Defence",
      "brand": "Brut",
      "imageUrls": "https://cdn0.woolworths.media/content/wowproductimages/large/815156.jpg",
      "storeId": "woolworths",
      "packageSize": "150g",
      "cupPrice": "$2.00 / 100G",
      "locations": {
        "ALL": {
          "price": 3,
          "discountRate": 52,
          "promo": "",
          "orgPrice": 6.3
        }
      },
      "categoryIds": ["w-health-beauty"],
      "similarProducts": []
    },
    {
      "id": "w-754728-9314807040833",
      "name": "Brut Body Wash Endurance",
      "brand": "Brut",
      "imageUrls": "https://cdn0.woolworths.media/content/wowproductimages/large/754728.jpg",
      "storeId": "woolworths",
      "packageSize": "400ml",
      "cupPrice": "$0.79 / 100ML",
      "locations": {
        "ALL": {
          "price": 3.15,
          "discountRate": 50,
          "promo": "",
          "orgPrice": 6.3
        }
      },
      "categoryIds": ["w-health-beauty"],
      "similarProducts": []
    },
    {
      "id": "w-43274-9314807008765",
      "name": "Brut Aftershave Boxed",
      "brand": "Brut",
      "imageUrls": "https://cdn0.woolworths.media/content/wowproductimages/large/043274.jpg",
      "storeId": "woolworths",
      "packageSize": "100ml",
      "cupPrice": "$9.00 / 100ML",
      "locations": {
        "ALL": {
          "price": 9,
          "discountRate": 14,
          "promo": "",
          "orgPrice": 10.5
        }
      },
      "categoryIds": ["w-health-beauty"],
      "similarProducts": []
    },
    {
      "id": "w-30495-9314807008772",
      "name": "Brut Aftershave Splash On",
      "brand": "Brut",
      "imageUrls": "https://cdn0.woolworths.media/content/wowproductimages/large/030495.jpg",
      "storeId": "woolworths",
      "packageSize": "200ml",
      "cupPrice": "$4.00 / 100ML",
      "locations": {
        "ALL": { "price": 8, "discountRate": 20, "promo": "", "orgPrice": 10 }
      },
      "categoryIds": ["w-health-beauty"],
      "similarProducts": []
    },
    {
      "id": "w-248071-9314807015480",
      "name": "Brut Deodorant Aerosol Anti Perspirant Endurance",
      "brand": "Brut",
      "imageUrls": "https://cdn0.woolworths.media/content/wowproductimages/large/248071.jpg",
      "storeId": "woolworths",
      "packageSize": "150g",
      "cupPrice": "$1.22 / 100ML",
      "locations": {
        "ALL": {
          "price": 3,
          "discountRate": 52,
          "promo": "",
          "orgPrice": 6.3
        }
      },
      "categoryIds": ["w-health-beauty"],
      "similarProducts": []
    },
    {
      "id": "w-10830-9300666383242",
      "name": "Brut Deodorant Aerosol Anti Perspirant Ultra Dry",
      "brand": "Brut",
      "imageUrls": "https://cdn0.woolworths.media/content/wowproductimages/large/010830.jpg",
      "storeId": "woolworths",
      "packageSize": "150g",
      "cupPrice": "$1.22 / 100ML",
      "locations": {
        "ALL": {
          "price": 3,
          "discountRate": 52,
          "promo": "",
          "orgPrice": 6.3
        }
      },
      "categoryIds": ["w-health-beauty"],
      "similarProducts": []
    },
    {
      "id": "w-10829-9300666383235",
      "name": "Brut Deodorant Aerosol Original",
      "brand": "Brut",
      "imageUrls": "https://cdn0.woolworths.media/content/wowproductimages/large/010829.jpg",
      "storeId": "woolworths",
      "packageSize": "150g",
      "cupPrice": "$1.22 / 100ML",
      "locations": {
        "ALL": {
          "price": 3,
          "discountRate": 52,
          "promo": "",
          "orgPrice": 6.3
        }
      },
      "categoryIds": ["w-health-beauty"],
      "similarProducts": []
    },
    {
      "id": "w-235626-93503037",
      "name": "Brut Deodorant Roll On Original",
      "brand": "Brut",
      "imageUrls": "https://cdn0.woolworths.media/content/wowproductimages/large/235626.jpg",
      "storeId": "woolworths",
      "packageSize": "50ml",
      "cupPrice": "$4.00 / 100ML",
      "locations": {
        "ALL": { "price": 2, "discountRate": 50, "promo": "", "orgPrice": 4 }
      },
      "categoryIds": ["w-health-beauty"],
      "similarProducts": []
    },
    {
      "id": "w-41655-93495042",
      "name": "Brut Deodorant Roll On Stick Original",
      "brand": "Brut",
      "imageUrls": "https://cdn0.woolworths.media/content/wowproductimages/large/041655.jpg",
      "storeId": "woolworths",
      "packageSize": "75g",
      "cupPrice": "$5.33 / 100G",
      "locations": {
        "ALL": {
          "price": 4,
          "discountRate": 27,
          "promo": "",
          "orgPrice": 5.5
        }
      },
      "categoryIds": ["w-health-beauty"],
      "similarProducts": []
    },
    {
      "id": "w-90868-9351669000506",
      "name": "Brutal Truth 2 In 1 Face Wash & Scrub",
      "brand": "Brutal Truth",
      "imageUrls": "https://cdn0.woolworths.media/content/wowproductimages/large/090868.jpg",
      "storeId": "woolworths",
      "packageSize": "250ml",
      "cupPrice": "$4.16 / 100ML",
      "locations": {
        "ALL": {
          "price": 10.4,
          "discountRate": 20,
          "promo": "",
          "orgPrice": 13
        }
      },
      "categoryIds": ["w-health-beauty"],
      "similarProducts": []
    },
    {
      "id": "w-89145-9351669000568",
      "name": "Brutal Truth All In 1 Moisturiser",
      "brand": "Brutal Truth",
      "imageUrls": "https://cdn0.woolworths.media/content/wowproductimages/large/089145.jpg",
      "storeId": "woolworths",
      "packageSize": "100ml",
      "cupPrice": "$10.40 / 100ML",
      "locations": {
        "ALL": {
          "price": 10.4,
          "discountRate": 20,
          "promo": "",
          "orgPrice": 13
        }
      },
      "categoryIds": ["w-health-beauty"],
      "similarProducts": []
    },
    {
      "id": "w-90342-9351669000391",
      "name": "Brutal Truth Hand Balm",
      "brand": "Brutal Truth",
      "imageUrls": "https://cdn0.woolworths.media/content/wowproductimages/large/090342.jpg",
      "storeId": "woolworths",
      "packageSize": "75ml",
      "cupPrice": "$8.53 / 100ML",
      "locations": {
        "ALL": {
          "price": 6.4,
          "discountRate": 20,
          "promo": "",
          "orgPrice": 8
        }
      },
      "categoryIds": ["w-health-beauty"],
      "similarProducts": []
    },
    {
      "id": "w-91643-9351669000544",
      "name": "Brutal Truth Shave Cream",
      "brand": "Brutal Truth",
      "imageUrls": "https://cdn0.woolworths.media/content/wowproductimages/large/091643.jpg",
      "storeId": "woolworths",
      "packageSize": "250ml",
      "cupPrice": "$4.16 / 100ML",
      "locations": {
        "ALL": {
          "price": 10.4,
          "discountRate": 20,
          "promo": "",
          "orgPrice": 13
        }
      },
      "categoryIds": ["w-health-beauty"],
      "similarProducts": []
    },
    {
      "id": "w-53310-5060144644008",
      "name": "Bulldog Oil Control Face Wash",
      "brand": "Bulldog",
      "imageUrls": "https://cdn0.woolworths.media/content/wowproductimages/large/053310.jpg",
      "storeId": "woolworths",
      "packageSize": "150ml",
      "cupPrice": "$3.33 / 100ML",
      "locations": {
        "ALL": { "price": 5, "discountRate": 50, "promo": "", "orgPrice": 10 }
      },
      "categoryIds": ["w-health-beauty"],
      "similarProducts": []
    },
    {
      "id": "w-53343-5060144643988",
      "name": "Bulldog Oil Control Moisturiser",
      "brand": "Bulldog",
      "imageUrls": "https://cdn0.woolworths.media/content/wowproductimages/large/053343.jpg",
      "storeId": "woolworths",
      "packageSize": "100ml",
      "cupPrice": "$6.25 / 100ML",
      "locations": {
        "ALL": {
          "price": 6.25,
          "discountRate": 50,
          "promo": "",
          "orgPrice": 12.5
        }
      },
      "categoryIds": ["w-health-beauty"],
      "similarProducts": []
    },
    {
      "id": "w-673259-5060144643940",
      "name": "Bulldog Original Beard Balm",
      "brand": "Bulldog",
      "imageUrls": "https://cdn0.woolworths.media/content/wowproductimages/large/673259.jpg",
      "storeId": "woolworths",
      "packageSize": "75ml",
      "cupPrice": "$8.00 / 100ML",
      "locations": {
        "ALL": { "price": 6, "discountRate": 50, "promo": "", "orgPrice": 12 }
      },
      "categoryIds": ["w-health-beauty"],
      "similarProducts": []
    },
    {
      "id": "w-673258-5060144643926",
      "name": "Bulldog Original Beard Oil",
      "brand": "Bulldog",
      "imageUrls": "https://cdn0.woolworths.media/content/wowproductimages/large/673258.jpg",
      "storeId": "woolworths",
      "packageSize": "30ml",
      "cupPrice": "$20.00 / 100ML",
      "locations": {
        "ALL": { "price": 6, "discountRate": 50, "promo": "", "orgPrice": 12 }
      },
      "categoryIds": ["w-health-beauty"],
      "similarProducts": []
    },
    {
      "id": "w-765739-5060144640222",
      "name": "Bulldog Face Care Sensitive Moisturizer",
      "brand": "Bulldog",
      "imageUrls": "https://cdn0.woolworths.media/content/wowproductimages/large/765739.jpg",
      "storeId": "woolworths",
      "packageSize": "100ml",
      "cupPrice": "$6.25 / 100ML",
      "locations": {
        "ALL": {
          "price": 6.25,
          "discountRate": 50,
          "promo": "",
          "orgPrice": 12.5
        }
      },
      "categoryIds": ["w-health-beauty"],
      "similarProducts": []
    },
    {
      "id": "w-325463-792850140998",
      "name": "Burt's Bees Beeswax Lip Balm",
      "brand": "Burt's Bees",
      "imageUrls": "https://cdn0.woolworths.media/content/wowproductimages/large/325463.jpg",
      "storeId": "woolworths",
      "packageSize": "4.25g",
      "cupPrice": "$11.76 / 10G",
      "locations": {
        "ALL": {
          "price": 5,
          "discountRate": 23,
          "promo": "",
          "orgPrice": 6.5
        }
      },
      "categoryIds": ["w-health-beauty"],
      "similarProducts": []
    },
    {
      "id": "w-325462-792850146990",
      "name": "Burt's Bees Lip Balm Honey",
      "brand": "Burt's Bees",
      "imageUrls": "https://cdn0.woolworths.media/content/wowproductimages/large/325462.jpg",
      "storeId": "woolworths",
      "packageSize": "each",
      "cupPrice": "$12.50 / 10G",
      "locations": {
        "ALL": {
          "price": 5,
          "discountRate": 23,
          "promo": "",
          "orgPrice": 6.5
        }
      },
      "categoryIds": ["w-health-beauty"],
      "similarProducts": []
    },
    {
      "id": "w-325484-792850164994",
      "name": "Burt's Bees Pomegranate Lip Balm",
      "brand": "Burt's Bees",
      "imageUrls": "https://cdn0.woolworths.media/content/wowproductimages/large/325484.jpg",
      "storeId": "woolworths",
      "packageSize": "4.25g",
      "cupPrice": "$11.76 / 10G",
      "locations": {
        "ALL": {
          "price": 5,
          "discountRate": 23,
          "promo": "",
          "orgPrice": 6.5
        }
      },
      "categoryIds": ["w-health-beauty"],
      "similarProducts": []
    },
    {
      "id": "w-787245-9310488001637",
      "name": "Caltrate 1000iu Bone And Muscle Health Tablets",
      "brand": "Caltrate",
      "imageUrls": "https://cdn0.woolworths.media/content/wowproductimages/large/787245.jpg",
      "storeId": "woolworths",
      "packageSize": "60pk",
      "cupPrice": "$7.50 / 100EA",
      "locations": {
        "ALL": {
          "price": 4.5,
          "discountRate": 50,
          "promo": "",
          "orgPrice": 9
        }
      },
      "categoryIds": ["w-health-beauty"],
      "similarProducts": []
    },
    {
      "id": "w-805415-9310488003532",
      "name": "Caltrate Bone & Muscle 50 Plus",
      "brand": "Caltrate",
      "imageUrls": "https://cdn0.woolworths.media/content/wowproductimages/large/805415.jpg",
      "storeId": "woolworths",
      "packageSize": "100 pack",
      "cupPrice": "$8.50 / 100EA",
      "locations": {
        "ALL": {
          "price": 8.5,
          "discountRate": 50,
          "promo": "",
          "orgPrice": 17
        }
      },
      "categoryIds": ["w-health-beauty"],
      "similarProducts": []
    },
    {
      "id": "w-78060-9326079002341",
      "name": "Caredent Interbrush In A Box",
      "brand": "Caredent",
      "imageUrls": "https://cdn0.woolworths.media/content/wowproductimages/large/078060.jpg",
      "storeId": "woolworths",
      "packageSize": "30 pack",
      "cupPrice": "$0.18 / 1EA",
      "locations": {
        "ALL": {
          "price": 5.5,
          "discountRate": 21,
          "promo": "",
          "orgPrice": 7
        }
      },
      "categoryIds": ["w-health-beauty"],
      "similarProducts": []
    },
    {
      "id": "w-270821-9300607541229",
      "name": "Carefree Barely There Aloe Panty Liners",
      "brand": "Carefree",
      "imageUrls": "https://cdn0.woolworths.media/content/wowproductimages/large/270821.jpg",
      "storeId": "woolworths",
      "packageSize": "42 pack",
      "cupPrice": "$0.09 / 1EA",
      "locations": {
        "ALL": {
          "price": 3.7,
          "discountRate": 18,
          "promo": "",
          "orgPrice": 4.5
        }
      },
      "categoryIds": ["w-health-beauty"],
      "similarProducts": []
    },
    {
      "id": "w-200074-9300607541076",
      "name": "Carefree Barely There Panty Liners Ultra Thin Breathable",
      "brand": "Carefree",
      "imageUrls": "https://cdn0.woolworths.media/content/wowproductimages/large/200074.jpg",
      "storeId": "woolworths",
      "packageSize": "42 pack",
      "cupPrice": "$0.09 / 1EA",
      "locations": {
        "ALL": {
          "price": 3.7,
          "discountRate": 18,
          "promo": "",
          "orgPrice": 4.5
        }
      },
      "categoryIds": ["w-health-beauty"],
      "similarProducts": []
    },
    {
      "id": "w-738842-9333583003900",
      "name": "Celebrity Slim Low Carb Shake Mix 7 Day Meal Replacement Assort",
      "brand": "Celebrity Slim",
      "imageUrls": "https://cdn0.woolworths.media/content/wowproductimages/large/738842.jpg",
      "storeId": "woolworths",
      "packageSize": "14pk",
      "cupPrice": "$1.54 / 1EA",
      "locations": {
        "ALL": {
          "price": 21.5,
          "discountRate": 50,
          "promo": "",
          "orgPrice": 43
        }
      },
      "categoryIds": ["w-health-beauty"],
      "similarProducts": []
    },
    {
      "id": "w-731213-9333583008844",
      "name": "Celebrity Slim Shake Mix Cafe Latte Sachet",
      "brand": "Celebrity Slim",
      "imageUrls": "https://cdn0.woolworths.media/content/wowproductimages/large/731213.jpg",
      "storeId": "woolworths",
      "packageSize": "55g",
      "cupPrice": "$3.18 / 100G",
      "locations": {
        "ALL": {
          "price": 1.75,
          "discountRate": 50,
          "promo": "",
          "orgPrice": 3.5
        }
      },
      "categoryIds": ["w-health-beauty"],
      "similarProducts": []
    },
    {
      "id": "w-780016-9300705604949",
      "name": "Cenovis Cold Sore Complex Tablets",
      "brand": "Cenovis",
      "imageUrls": "https://cdn0.woolworths.media/content/wowproductimages/large/780016.jpg",
      "storeId": "woolworths",
      "packageSize": "30 pack",
      "cupPrice": "$23.33 / 100EA",
      "locations": {
        "ALL": { "price": 7, "discountRate": 50, "promo": "", "orgPrice": 14 }
      },
      "categoryIds": ["w-health-beauty"],
      "similarProducts": [
        { "productId": "cw-71388", "storeId": "chemist-warehouse" }
      ]
    },
    {
      "id": "w-205649-9300705602648",
      "name": "Cenovis Echinacea 5000 Capsules",
      "brand": "Cenovis",
      "imageUrls": "https://cdn0.woolworths.media/content/wowproductimages/large/205649.jpg",
      "storeId": "woolworths",
      "packageSize": "60 pack",
      "cupPrice": "$12.50 / 100EA",
      "locations": {
        "ALL": {
          "price": 7.5,
          "discountRate": 50,
          "promo": "",
          "orgPrice": 15
        }
      },
      "categoryIds": ["w-health-beauty"],
      "similarProducts": [
        { "productId": "cw-51498", "storeId": "chemist-warehouse" }
      ]
    },
    {
      "id": "w-82194-9300705031455",
      "name": "Cenovis Echinacea, Garlic, Zinc + C Tablets",
      "brand": "Cenovis",
      "imageUrls": "https://cdn0.woolworths.media/content/wowproductimages/large/082194.jpg",
      "storeId": "woolworths",
      "packageSize": "60 pack",
      "cupPrice": "$13.33 / 100EA",
      "locations": {
        "ALL": { "price": 8, "discountRate": 50, "promo": "", "orgPrice": 16 }
      },
      "categoryIds": ["w-health-beauty"],
      "similarProducts": [
        { "productId": "cw-57027", "storeId": "chemist-warehouse" }
      ]
    },
    {
      "id": "w-324756-9300705603768",
      "name": "Cenovis Echinacea, Garlic, Zinc + C Tablets",
      "brand": "Cenovis",
      "imageUrls": "https://cdn0.woolworths.media/content/wowproductimages/large/324756.jpg",
      "storeId": "woolworths",
      "packageSize": "125 pack",
      "cupPrice": "$10.40 / 100EA",
      "locations": {
        "ALL": {
          "price": 13,
          "discountRate": 50,
          "promo": "",
          "orgPrice": 26
        }
      },
      "categoryIds": ["w-health-beauty"],
      "similarProducts": [
        { "productId": "cw-57027", "storeId": "chemist-warehouse" }
      ]
    },
    {
      "id": "w-233149-9300705602839",
      "name": "Cenovis Garlic, Horseradish + C Complex Capsules",
      "brand": "Cenovis",
      "imageUrls": "https://cdn0.woolworths.media/content/wowproductimages/large/233149.jpg",
      "storeId": "woolworths",
      "packageSize": "120 pack",
      "cupPrice": "$6.88 / 100EA",
      "locations": {
        "ALL": {
          "price": 8.25,
          "discountRate": 50,
          "promo": "",
          "orgPrice": 16.5
        }
      },
      "categoryIds": ["w-health-beauty"],
      "similarProducts": [
        { "productId": "cw-51146", "storeId": "chemist-warehouse" }
      ]
    },
    {
      "id": "w-85465-9300705605809",
      "name": "Cenovis Glucosamine + Fish Oil Capsules",
      "brand": "Cenovis",
      "imageUrls": "https://cdn0.woolworths.media/content/wowproductimages/large/085465.jpg",
      "storeId": "woolworths",
      "packageSize": "200 pack",
      "cupPrice": "$6.25 / 100EA",
      "locations": {
        "ALL": {
          "price": 12.5,
          "discountRate": 50,
          "promo": "",
          "orgPrice": 25
        }
      },
      "categoryIds": ["w-health-beauty"],
      "similarProducts": []
    },
    {
      "id": "w-85959-9300705605922",
      "name": "Cenovis Hello Calm Tablets",
      "brand": "Cenovis",
      "imageUrls": "https://cdn0.woolworths.media/content/wowproductimages/large/085959.jpg",
      "storeId": "woolworths",
      "packageSize": "30 pack",
      "cupPrice": "$0.33 / 1EA",
      "locations": {
        "ALL": {
          "price": 10,
          "discountRate": 50,
          "promo": "",
          "orgPrice": 20
        }
      },
      "categoryIds": ["w-health-beauty"],
      "similarProducts": [
        { "productId": "cw-94207", "storeId": "chemist-warehouse" }
      ]
    },
    {
      "id": "w-85958-9300705605908",
      "name": "Cenovis Hello Detox Capsules",
      "brand": "Cenovis",
      "imageUrls": "https://cdn0.woolworths.media/content/wowproductimages/large/085958.jpg",
      "storeId": "woolworths",
      "packageSize": "30 pack",
      "cupPrice": "$0.33 / 1EA",
      "locations": {
        "ALL": {
          "price": 10,
          "discountRate": 50,
          "promo": "",
          "orgPrice": 20
        }
      },
      "categoryIds": ["w-health-beauty"],
      "similarProducts": []
    },
    {
      "id": "w-85956-9300705605892",
      "name": "Cenovis Hello Energy Tablets",
      "brand": "Cenovis",
      "imageUrls": "https://cdn0.woolworths.media/content/wowproductimages/large/085956.jpg",
      "storeId": "woolworths",
      "packageSize": "30 pack",
      "cupPrice": "$0.33 / 1EA",
      "locations": {
        "ALL": {
          "price": 10,
          "discountRate": 50,
          "promo": "",
          "orgPrice": 20
        }
      },
      "categoryIds": ["w-health-beauty"],
      "similarProducts": [
        { "productId": "cw-94209", "storeId": "chemist-warehouse" }
      ]
    },
    {
      "id": "w-85962-9300705605885",
      "name": "Cenovis Hello Focus Tablets",
      "brand": "Cenovis",
      "imageUrls": "https://cdn0.woolworths.media/content/wowproductimages/large/085962.jpg",
      "storeId": "woolworths",
      "packageSize": "30 pack",
      "cupPrice": "$0.33 / 1EA",
      "locations": {
        "ALL": {
          "price": 10,
          "discountRate": 50,
          "promo": "",
          "orgPrice": 20
        }
      },
      "categoryIds": ["w-health-beauty"],
      "similarProducts": [
        { "productId": "cw-94210", "storeId": "chemist-warehouse" }
      ]
    },
    {
      "id": "w-85963-9300705605915",
      "name": "Cenovis Hello Immunity Chewable Tablets",
      "brand": "Cenovis",
      "imageUrls": "https://cdn0.woolworths.media/content/wowproductimages/large/085963.jpg",
      "storeId": "woolworths",
      "packageSize": "30 pack",
      "cupPrice": "$0.33 / 1EA",
      "locations": {
        "ALL": {
          "price": 10,
          "discountRate": 50,
          "promo": "",
          "orgPrice": 20
        }
      },
      "categoryIds": ["w-health-beauty"],
      "similarProducts": []
    },
    {
      "id": "w-460962-9300705605441",
      "name": "Cenovis Iron Plus Tablets",
      "brand": "Cenovis",
      "imageUrls": "https://cdn0.woolworths.media/content/wowproductimages/large/460962.jpg",
      "storeId": "woolworths",
      "packageSize": "80 pack",
      "cupPrice": "$8.13 / 100EA",
      "locations": {
        "ALL": {
          "price": 6.5,
          "discountRate": 50,
          "promo": "",
          "orgPrice": 13
        }
      },
      "categoryIds": ["w-health-beauty"],
      "similarProducts": [
        { "productId": "cw-78521", "storeId": "chemist-warehouse" }
      ]
    },
    {
      "id": "w-532114-9300705605649",
      "name": "Cenovis Once Daily Men's Multi Capsules",
      "brand": "Cenovis",
      "imageUrls": "https://cdn0.woolworths.media/content/wowproductimages/large/532114.jpg",
      "storeId": "woolworths",
      "packageSize": "50 pack",
      "cupPrice": "$16.00 / 100EA",
      "locations": {
        "ALL": { "price": 8, "discountRate": 50, "promo": "", "orgPrice": 16 }
      },
      "categoryIds": ["w-health-beauty"],
      "similarProducts": []
    },
    {
      "id": "w-85592-9300705605847",
      "name": "Cenovis Once Daily Men's Multi + Performance Capsules",
      "brand": "Cenovis",
      "imageUrls": "https://cdn0.woolworths.media/content/wowproductimages/large/085592.jpg",
      "storeId": "woolworths",
      "packageSize": "100 pack",
      "cupPrice": "$15.00 / 100EA",
      "locations": {
        "ALL": {
          "price": 15,
          "discountRate": 50,
          "promo": "",
          "orgPrice": 30
        }
      },
      "categoryIds": ["w-health-beauty"],
      "similarProducts": [
        { "productId": "cw-81141", "storeId": "chemist-warehouse" }
      ]
    },
    {
      "id": "w-532118-9300705605823",
      "name": "Cenovis Once Daily Women's Multi Capsules",
      "brand": "Cenovis",
      "imageUrls": "https://cdn0.woolworths.media/content/wowproductimages/large/532118.jpg",
      "storeId": "woolworths",
      "packageSize": "50 pack",
      "cupPrice": "$16.00 / 100EA",
      "locations": {
        "ALL": { "price": 8, "discountRate": 50, "promo": "", "orgPrice": 16 }
      },
      "categoryIds": ["w-health-beauty"],
      "similarProducts": []
    },
    {
      "id": "w-256175-9300705603041",
      "name": "Cenovis St John's Wort 2000 Tablets",
      "brand": "Cenovis",
      "imageUrls": "https://cdn0.woolworths.media/content/wowproductimages/large/256175.jpg",
      "storeId": "woolworths",
      "packageSize": "60 pack",
      "cupPrice": "$11.67 / 100EA",
      "locations": {
        "ALL": { "price": 7, "discountRate": 50, "promo": "", "orgPrice": 14 }
      },
      "categoryIds": ["w-health-beauty"],
      "similarProducts": [
        { "productId": "cw-46630", "storeId": "chemist-warehouse" }
      ]
    },
    {
      "id": "w-85593-9300705606004",
      "name": "Cenovis Sugarless C 500mg Tablets Orange Flavour",
      "brand": "Cenovis",
      "imageUrls": "https://cdn0.woolworths.media/content/wowproductimages/large/085593.jpg",
      "storeId": "woolworths",
      "packageSize": "160 pack",
      "cupPrice": "$3.75 / 100EA",
      "locations": {
        "ALL": { "price": 6, "discountRate": 50, "promo": "", "orgPrice": 12 }
      },
      "categoryIds": ["w-health-beauty"],
      "similarProducts": []
    },
    {
      "id": "w-828923-9300705605229",
      "name": "Cenovis Vitamin C 250mg Tablets Orange Flavour",
      "brand": "Cenovis",
      "imageUrls": "https://cdn0.woolworths.media/content/wowproductimages/large/828923.jpg",
      "storeId": "woolworths",
      "packageSize": "150 pack",
      "cupPrice": "$3.50 / 100EA",
      "locations": {
        "ALL": {
          "price": 5.25,
          "discountRate": 50,
          "promo": "",
          "orgPrice": 10.5
        }
      },
      "categoryIds": ["w-health-beauty"],
      "similarProducts": []
    },
    {
      "id": "w-460958-9300705605397",
      "name": "Cenovis Zinc Plus Tablets",
      "brand": "Cenovis",
      "imageUrls": "https://cdn0.woolworths.media/content/wowproductimages/large/460958.jpg",
      "storeId": "woolworths",
      "packageSize": "150 pack",
      "cupPrice": "$4.33 / 100EA",
      "locations": {
        "ALL": {
          "price": 6.5,
          "discountRate": 50,
          "promo": "",
          "orgPrice": 13
        }
      },
      "categoryIds": ["w-health-beauty"],
      "similarProducts": []
    },
    {
      "id": "w-750905-9310488000517",
      "name": "Centrum For Men Multivitamin",
      "brand": "Centrum",
      "imageUrls": "https://cdn0.woolworths.media/content/wowproductimages/large/750905.jpg",
      "storeId": "woolworths",
      "packageSize": "60pk",
      "cupPrice": "$16.67 / 100EA",
      "locations": {
        "ALL": {
          "price": 10,
          "discountRate": 50,
          "promo": "",
          "orgPrice": 20
        }
      },
      "categoryIds": ["w-health-beauty"],
      "similarProducts": []
    },
    {
      "id": "w-750906-9310488000531",
      "name": "Centrum For Women Multivitamin",
      "brand": "Centrum",
      "imageUrls": "https://cdn0.woolworths.media/content/wowproductimages/large/750906.jpg",
      "storeId": "woolworths",
      "packageSize": "60pk",
      "cupPrice": "$16.67 / 100EA",
      "locations": {
        "ALL": {
          "price": 10,
          "discountRate": 50,
          "promo": "",
          "orgPrice": 20
        }
      },
      "categoryIds": ["w-health-beauty"],
      "similarProducts": []
    },
    {
      "id": "w-706479-9310488023141",
      "name": "Centrum Kids Incremin Iron",
      "brand": "Centrum",
      "imageUrls": "https://cdn0.woolworths.media/content/wowproductimages/large/706479.jpg",
      "storeId": "woolworths",
      "packageSize": "200ml",
      "cupPrice": "$4.25 / 100ML",
      "locations": {
        "ALL": {
          "price": 8.5,
          "discountRate": 50,
          "promo": "",
          "orgPrice": 17
        }
      },
      "categoryIds": ["w-health-beauty"],
      "similarProducts": []
    },
    {
      "id": "w-770207-9318637042241",
      "name": "Cetaphil Body Moisturiser Lotion",
      "brand": "Cetaphil",
      "imageUrls": "https://cdn0.woolworths.media/content/wowproductimages/large/770207.jpg",
      "storeId": "woolworths",
      "packageSize": "500ml",
      "cupPrice": "$2.30 / 100ML",
      "locations": {
        "ALL": {
          "price": 11.5,
          "discountRate": 30,
          "promo": "",
          "orgPrice": 16.5
        }
      },
      "categoryIds": ["w-health-beauty"],
      "similarProducts": []
    },
    {
      "id": "w-379074-9318637042272",
      "name": "Cetaphil Facial Moisturiser Uva/uvb Spf 50+ All Types",
      "brand": "Cetaphil",
      "imageUrls": "https://cdn0.woolworths.media/content/wowproductimages/large/379074.jpg",
      "storeId": "woolworths",
      "packageSize": "50ml",
      "cupPrice": "$32.20 / 100ML",
      "locations": {
        "ALL": {
          "price": 16.1,
          "discountRate": 30,
          "promo": "",
          "orgPrice": 23
        }
      },
      "categoryIds": ["w-health-beauty"],
      "similarProducts": []
    },
    {
      "id": "w-309789-9318637072378",
      "name": "Cetaphil Gentle Skin Cleanser All Skin Types",
      "brand": "Cetaphil",
      "imageUrls": "https://cdn0.woolworths.media/content/wowproductimages/large/309789.jpg",
      "storeId": "woolworths",
      "packageSize": "250ml",
      "cupPrice": "$2.92 / 100ML",
      "locations": {
        "ALL": {
          "price": 7.3,
          "discountRate": 30,
          "promo": "",
          "orgPrice": 10.5
        }
      },
      "categoryIds": ["w-health-beauty"],
      "similarProducts": []
    },
    {
      "id": "w-383490-9318637042234",
      "name": "Cetaphil Moisturising Lotion",
      "brand": "Cetaphil",
      "imageUrls": "https://cdn0.woolworths.media/content/wowproductimages/large/383490.jpg",
      "storeId": "woolworths",
      "packageSize": "250ml",
      "cupPrice": "$3.08 / 100ML",
      "locations": {
        "ALL": {
          "price": 7.7,
          "discountRate": 30,
          "promo": "",
          "orgPrice": 11
        }
      },
      "categoryIds": ["w-health-beauty"],
      "similarProducts": [
        { "productId": "cw-40600", "storeId": "chemist-warehouse" }
      ]
    },
    {
      "id": "w-782593-9318637042326",
      "name": "Cetaphil Oily Skin Cleanser",
      "brand": "Cetaphil",
      "imageUrls": "https://cdn0.woolworths.media/content/wowproductimages/large/782593.jpg",
      "storeId": "woolworths",
      "packageSize": "500ml",
      "cupPrice": "$2.38 / 100ML",
      "locations": {
        "ALL": {
          "price": 11.9,
          "discountRate": 28,
          "promo": "",
          "orgPrice": 16.5
        }
      },
      "categoryIds": ["w-health-beauty"],
      "similarProducts": [
        { "productId": "cw-54100", "storeId": "chemist-warehouse" },
        { "productId": "cw-59430", "storeId": "chemist-warehouse" }
      ]
    },
    {
      "id": "w-232635-4056800252008",
      "name": "Clairol Nice N Easy Root Touch-up 5 Medium Brown",
      "brand": "Clairol",
      "imageUrls": "https://cdn0.woolworths.media/content/wowproductimages/large/232635.jpg",
      "storeId": "woolworths",
      "packageSize": "each",
      "cupPrice": "$0.00 / 0",
      "locations": {
        "ALL": { "price": 9, "discountRate": 31, "promo": "", "orgPrice": 13 }
      },
      "categoryIds": ["w-health-beauty"],
      "similarProducts": [
        { "productId": "cw-53138", "storeId": "chemist-warehouse" },
        { "productId": "cw-53139", "storeId": "chemist-warehouse" },
        { "productId": "cw-87269", "storeId": "chemist-warehouse" },
        { "productId": "cw-83119", "storeId": "chemist-warehouse" }
      ]
    },
    {
      "id": "w-232640-4056800252060",
      "name": "Clairol Nice N Easy Root Touch-up 8 Medium Blonde",
      "brand": "Clairol",
      "imageUrls": "https://cdn0.woolworths.media/content/wowproductimages/large/232640.jpg",
      "storeId": "woolworths",
      "packageSize": "each",
      "cupPrice": "$0.00 / 0",
      "locations": {
        "ALL": { "price": 9, "discountRate": 31, "promo": "", "orgPrice": 13 }
      },
      "categoryIds": ["w-health-beauty"],
      "similarProducts": [
        { "productId": "cw-53139", "storeId": "chemist-warehouse" },
        { "productId": "cw-83119", "storeId": "chemist-warehouse" }
      ]
    },
    {
      "id": "w-852196-3614228300926",
      "name": "Clairol Nice'n Easy Repair Dark Brown 4",
      "brand": "Clairol",
      "imageUrls": "https://cdn0.woolworths.media/content/wowproductimages/large/852196.jpg",
      "storeId": "woolworths",
      "packageSize": "each",
      "cupPrice": "$11.20 / 100ML",
      "locations": {
        "ALL": {
          "price": 11.2,
          "discountRate": 30,
          "promo": "",
          "orgPrice": 16
        }
      },
      "categoryIds": ["w-health-beauty"],
      "similarProducts": [
        { "productId": "cw-92167", "storeId": "chemist-warehouse" }
      ]
    },
    {
      "id": "w-852065-3614228300728",
      "name": "Clairol Nice'n Easy Repair Light Ash Blonde 9a",
      "brand": "Clairol",
      "imageUrls": "https://cdn0.woolworths.media/content/wowproductimages/large/852065.jpg",
      "storeId": "woolworths",
      "packageSize": "each",
      "cupPrice": "$11.20 / 100ML",
      "locations": {
        "ALL": {
          "price": 11.2,
          "discountRate": 30,
          "promo": "",
          "orgPrice": 16
        }
      },
      "categoryIds": ["w-health-beauty"],
      "similarProducts": [
        { "productId": "cw-92174", "storeId": "chemist-warehouse" }
      ]
    },
    {
      "id": "w-852161-3614228300803",
      "name": "Clairol Nice'n Easy Repair Light Auburn 6r",
      "brand": "Clairol",
      "imageUrls": "https://cdn0.woolworths.media/content/wowproductimages/large/852161.jpg",
      "storeId": "woolworths",
      "packageSize": "each",
      "cupPrice": "$11.20 / 100ML",
      "locations": {
        "ALL": {
          "price": 11.2,
          "discountRate": 30,
          "promo": "",
          "orgPrice": 16
        }
      },
      "categoryIds": ["w-health-beauty"],
      "similarProducts": [
        { "productId": "cw-92172", "storeId": "chemist-warehouse" }
      ]
    },
    {
      "id": "w-852108-3614228300766",
      "name": "Clairol Nice'n Easy Repair Medium Ash Blonde 8a",
      "brand": "Clairol",
      "imageUrls": "https://cdn0.woolworths.media/content/wowproductimages/large/852108.jpg",
      "storeId": "woolworths",
      "packageSize": "each",
      "cupPrice": "$11.20 / 100ML",
      "locations": {
        "ALL": {
          "price": 11.2,
          "discountRate": 30,
          "promo": "",
          "orgPrice": 16
        }
      },
      "categoryIds": ["w-health-beauty"],
      "similarProducts": [
        { "productId": "cw-92173", "storeId": "chemist-warehouse" }
      ]
    },
    {
      "id": "w-852182-3614228300872",
      "name": "Clairol Nice'n Easy Repair Medium Brown 5",
      "brand": "Clairol",
      "imageUrls": "https://cdn0.woolworths.media/content/wowproductimages/large/852182.jpg",
      "storeId": "woolworths",
      "packageSize": "each",
      "cupPrice": "$11.20 / 100ML",
      "locations": {
        "ALL": {
          "price": 11.2,
          "discountRate": 30,
          "promo": "",
          "orgPrice": 16
        }
      },
      "categoryIds": ["w-health-beauty"],
      "similarProducts": [
        { "productId": "cw-92168", "storeId": "chemist-warehouse" }
      ]
    },
    {
      "id": "w-852101-3614228300681",
      "name": "Clairol Nice'n Easy Repair Summer Blonde Sb2",
      "brand": "Clairol",
      "imageUrls": "https://cdn0.woolworths.media/content/wowproductimages/large/852101.jpg",
      "storeId": "woolworths",
      "packageSize": "each",
      "cupPrice": "$11.20 / 100ML",
      "locations": {
        "ALL": {
          "price": 11.2,
          "discountRate": 30,
          "promo": "",
          "orgPrice": 16
        }
      },
      "categoryIds": ["w-health-beauty"],
      "similarProducts": []
    },
    {
      "id": "w-706511-8699568538661",
      "name": "Clairol Root Touch Up Light Brown 6",
      "brand": "Clairol",
      "imageUrls": "https://cdn0.woolworths.media/content/wowproductimages/large/706511.jpg",
      "storeId": "woolworths",
      "packageSize": "each",
      "cupPrice": "$0.00 / 0",
      "locations": {
        "ALL": { "price": 9, "discountRate": 31, "promo": "", "orgPrice": 13 }
      },
      "categoryIds": ["w-health-beauty"],
      "similarProducts": []
    },
    {
      "id": "w-700756-3614226619709",
      "name": "Clairol Root Touch Up Spray Dark Brown",
      "brand": "Clairol",
      "imageUrls": "https://cdn0.woolworths.media/content/wowproductimages/large/700756.jpg",
      "storeId": "woolworths",
      "packageSize": "100ml",
      "cupPrice": "$100.00 / 1000ML",
      "locations": {
        "ALL": {
          "price": 10,
          "discountRate": 33,
          "promo": "",
          "orgPrice": 15
        }
      },
      "categoryIds": ["w-health-beauty"],
      "similarProducts": []
    },
    {
      "id": "w-626739-722252102003",
      "name": "Clif Bar Cool Mint Chocolate Energy Bar",
      "brand": "Clif Bar",
      "imageUrls": "https://cdn0.woolworths.media/content/wowproductimages/large/626739.jpg",
      "storeId": "woolworths",
      "packageSize": "68g",
      "cupPrice": "$2.21 / 100G",
      "locations": {
        "ALL": {
          "price": 1.5,
          "discountRate": 50,
          "promo": "",
          "orgPrice": 3
        }
      },
      "categoryIds": ["w-health-beauty"],
      "similarProducts": []
    },
    {
      "id": "w-404245-722252101204",
      "name": "Clif Bar Crunchy Peanut Butter",
      "brand": "Clif Bar",
      "imageUrls": "https://cdn0.woolworths.media/content/wowproductimages/large/404245.jpg",
      "storeId": "woolworths",
      "packageSize": "68g",
      "cupPrice": "$2.21 / 100G",
      "locations": {
        "ALL": {
          "price": 1.5,
          "discountRate": 50,
          "promo": "",
          "orgPrice": 3
        }
      },
      "categoryIds": ["w-health-beauty"],
      "similarProducts": []
    },
    {
      "id": "w-756168-722252130044",
      "name": "Clif Bar Energy Bar Chocolate Chip",
      "brand": "Clif Bar",
      "imageUrls": "https://cdn0.woolworths.media/content/wowproductimages/large/756168.jpg",
      "storeId": "woolworths",
      "packageSize": "68g",
      "cupPrice": "$2.21 / 100G",
      "locations": {
        "ALL": {
          "price": 1.5,
          "discountRate": 50,
          "promo": "",
          "orgPrice": 3
        }
      },
      "categoryIds": ["w-health-beauty"],
      "similarProducts": []
    },
    {
      "id": "w-756172-722252130099",
      "name": "Clif Bar Energy Bar White Chocolate Macadamia",
      "brand": "Clif Bar",
      "imageUrls": "https://cdn0.woolworths.media/content/wowproductimages/large/756172.jpg",
      "storeId": "woolworths",
      "packageSize": "68g",
      "cupPrice": "$2.21 / 100G",
      "locations": {
        "ALL": {
          "price": 1.5,
          "discountRate": 50,
          "promo": "",
          "orgPrice": 3
        }
      },
      "categoryIds": ["w-health-beauty"],
      "similarProducts": []
    },
    {
      "id": "w-59915-9349580004284",
      "name": "Coco Earth Juggernaut Mct Oil",
      "brand": "Coco Earth",
      "imageUrls": "https://cdn0.woolworths.media/content/wowproductimages/large/059915.jpg",
      "storeId": "woolworths",
      "packageSize": "500ml",
      "cupPrice": "$1.50 / 100ML",
      "locations": {
        "ALL": {
          "price": 7.5,
          "discountRate": 50,
          "promo": "",
          "orgPrice": 15
        }
      },
      "categoryIds": ["w-health-beauty"],
      "similarProducts": []
    },
    {
      "id": "w-820671-9300607180763",
      "name": "Codral Plus 16 Lozenges & Decongestant 20 Tablets",
      "brand": "Codral",
      "imageUrls": "https://cdn0.woolworths.media/content/wowproductimages/large/820671.jpg",
      "storeId": "woolworths",
      "packageSize": "combo pack",
      "cupPrice": "$13.00 / 1EA",
      "locations": {
        "ALL": {
          "price": 13,
          "discountRate": 19,
          "promo": "",
          "orgPrice": 16
        }
      },
      "categoryIds": ["w-health-beauty"],
      "similarProducts": []
    },
    {
      "id": "w-755601-9300607180145",
      "name": "Codral Relief 6 Signs Cold & Flu Capsules",
      "brand": "Codral",
      "imageUrls": "https://cdn0.woolworths.media/content/wowproductimages/large/755601.jpg",
      "storeId": "woolworths",
      "packageSize": "16 pack",
      "cupPrice": "$0.78 / 1EA",
      "locations": {
        "ALL": {
          "price": 12.4,
          "discountRate": 20,
          "promo": "",
          "orgPrice": 15.5
        }
      },
      "categoryIds": ["w-health-beauty"],
      "similarProducts": []
    },
    {
      "id": "w-715390-9300607180084",
      "name": "Codral Relief Cold & Flu + Decongestant",
      "brand": "Codral",
      "imageUrls": "https://cdn0.woolworths.media/content/wowproductimages/large/715390.jpg",
      "storeId": "woolworths",
      "packageSize": "20 pack",
      "cupPrice": "$0.65 / 1EA",
      "locations": {
        "ALL": {
          "price": 13,
          "discountRate": 9,
          "promo": "",
          "orgPrice": 14.29
        }
      },
      "categoryIds": ["w-health-beauty"],
      "similarProducts": []
    },
    {
      "id": "w-715384-9300607180152",
      "name": "Codral Relief Mucus Cough & Cold Liquid",
      "brand": "Codral",
      "imageUrls": "https://cdn0.woolworths.media/content/wowproductimages/large/715384.jpg",
      "storeId": "woolworths",
      "packageSize": "200ml",
      "cupPrice": "$5.25 / 100ML",
      "locations": {
        "ALL": {
          "price": 10.5,
          "discountRate": 9,
          "promo": "",
          "orgPrice": 11.5
        }
      },
      "categoryIds": ["w-health-beauty"],
      "similarProducts": []
    },
    {
      "id": "w-214684-8714789183800",
      "name": "Colgate 360 Degrees Whole Mouth Clean Compact Head Toothbrush Medium",
      "brand": "Colgate",
      "imageUrls": "https://cdn0.woolworths.media/content/wowproductimages/large/214684.jpg",
      "storeId": "woolworths",
      "packageSize": "each",
      "cupPrice": "$4.00 / 1EA",
      "locations": {
        "ALL": { "price": 4, "discountRate": 20, "promo": "", "orgPrice": 5 }
      },
      "categoryIds": ["w-health-beauty"],
      "similarProducts": []
    },
    {
      "id": "w-254548-9300632067091",
      "name": "Colgate 360 Degrees Whole Mouth Clean Compact Head Toothbrush Medium",
      "brand": "Colgate",
      "imageUrls": "https://cdn0.woolworths.media/content/wowproductimages/large/254548.jpg",
      "storeId": "woolworths",
      "packageSize": "2 pack",
      "cupPrice": "$2.50 / 1EA",
      "locations": {
        "ALL": { "price": 5, "discountRate": 38, "promo": "", "orgPrice": 8 }
      },
      "categoryIds": ["w-health-beauty"],
      "similarProducts": []
    },
    {
      "id": "w-214489-8714789183824",
      "name": "Colgate 360 Degrees Whole Mouth Clean Compact Head Toothbrush Soft",
      "brand": "Colgate",
      "imageUrls": "https://cdn0.woolworths.media/content/wowproductimages/large/214489.jpg",
      "storeId": "woolworths",
      "packageSize": "each",
      "cupPrice": "$4.00 / 1EA",
      "locations": {
        "ALL": { "price": 4, "discountRate": 20, "promo": "", "orgPrice": 5 }
      },
      "categoryIds": ["w-health-beauty"],
      "similarProducts": [
        { "productId": "cw-65791", "storeId": "chemist-warehouse" }
      ]
    },
    {
      "id": "w-301842-9300632069125",
      "name": "Colgate 360 Degrees Whole Mouth Clean Compact Head Toothbrush Soft",
      "brand": "Colgate",
      "imageUrls": "https://cdn0.woolworths.media/content/wowproductimages/large/301842.jpg",
      "storeId": "woolworths",
      "packageSize": "2 pack",
      "cupPrice": "$2.50 / 1EA",
      "locations": {
        "ALL": { "price": 5, "discountRate": 38, "promo": "", "orgPrice": 8 }
      },
      "categoryIds": ["w-health-beauty"],
      "similarProducts": [
        { "productId": "cw-65791", "storeId": "chemist-warehouse" }
      ]
    },
    {
      "id": "w-678566-9300632088386",
      "name": "Colgate 360 Sensitive Pro-relief Teeth Pain Toothbrush Extra Soft",
      "brand": "Colgate",
      "imageUrls": "https://cdn0.woolworths.media/content/wowproductimages/large/678566.jpg",
      "storeId": "woolworths",
      "packageSize": "2 pack",
      "cupPrice": "$2.50 / 1EA",
      "locations": {
        "ALL": { "price": 5, "discountRate": 38, "promo": "", "orgPrice": 8 }
      },
      "categoryIds": ["w-health-beauty"],
      "similarProducts": []
    },
    {
      "id": "w-819800-6920354823800",
      "name": "Colgate Advanced Whitening Charcoal Fluoride Toothpaste",
      "brand": "Colgate",
      "imageUrls": "https://cdn0.woolworths.media/content/wowproductimages/large/819800.jpg",
      "storeId": "woolworths",
      "packageSize": "170g",
      "cupPrice": "$2.06 / 100G",
      "locations": {
        "ALL": {
          "price": 3.5,
          "discountRate": 50,
          "promo": "",
          "orgPrice": 7
        }
      },
      "categoryIds": ["w-health-beauty"],
      "similarProducts": []
    },
    {
      "id": "w-581409-8850006342701",
      "name": "Colgate Advanced Whitening Fluoride Whiter Teeth Toothpaste",
      "brand": "Colgate",
      "imageUrls": "https://cdn0.woolworths.media/content/wowproductimages/large/581409.jpg",
      "storeId": "woolworths",
      "packageSize": "190g",
      "cupPrice": "$1.84 / 100G",
      "locations": {
        "ALL": {
          "price": 3.5,
          "discountRate": 50,
          "promo": "",
          "orgPrice": 7
        }
      },
      "categoryIds": ["w-health-beauty"],
      "similarProducts": []
    },
    {
      "id": "w-248894-9300632066360",
      "name": "Colgate Advanced Whitening Fluoride Whiter Teeth Toothpaste",
      "brand": "Colgate",
      "imageUrls": "https://cdn0.woolworths.media/content/wowproductimages/large/248894.jpg",
      "storeId": "woolworths",
      "packageSize": "110g",
      "cupPrice": "$2.18 / 100G",
      "locations": {
        "ALL": {
          "price": 2.4,
          "discountRate": 50,
          "promo": "",
          "orgPrice": 4.8
        }
      },
      "categoryIds": ["w-health-beauty"],
      "similarProducts": []
    },
    {
      "id": "w-248895-9300632066346",
      "name": "Colgate Advanced Whitening Tartar Control Toothpaste",
      "brand": "Colgate",
      "imageUrls": "https://cdn0.woolworths.media/content/wowproductimages/large/248895.jpg",
      "storeId": "woolworths",
      "packageSize": "120g",
      "cupPrice": "$2.00 / 100G",
      "locations": {
        "ALL": {
          "price": 2.4,
          "discountRate": 50,
          "promo": "",
          "orgPrice": 4.8
        }
      },
      "categoryIds": ["w-health-beauty"],
      "similarProducts": []
    },
    {
      "id": "w-704088-8850006327517",
      "name": "Colgate Advanced Whitening Tartar Control Toothpaste",
      "brand": "Colgate",
      "imageUrls": "https://cdn0.woolworths.media/content/wowproductimages/large/704088.jpg",
      "storeId": "woolworths",
      "packageSize": "190g",
      "cupPrice": "$1.84 / 100G",
      "locations": {
        "ALL": {
          "price": 3.5,
          "discountRate": 50,
          "promo": "",
          "orgPrice": 7
        }
      },
      "categoryIds": ["w-health-beauty"],
      "similarProducts": []
    },
    {
      "id": "w-65011-8850006932537",
      "name": "Colgate Bamboo Toothbrush",
      "brand": "Colgate",
      "imageUrls": "https://cdn0.woolworths.media/content/wowproductimages/large/065011.jpg",
      "storeId": "woolworths",
      "packageSize": "2 pack",
      "cupPrice": "$8.00 / 1EA",
      "locations": {
        "ALL": { "price": 8, "discountRate": 20, "promo": "", "orgPrice": 10 }
      },
      "categoryIds": ["w-health-beauty"],
      "similarProducts": []
    },
    {
      "id": "w-819803-8718951240650",
      "name": "Colgate Kids Batman Or Barbie Battery Powered Toothbrush",
      "brand": "Colgate",
      "imageUrls": "https://cdn0.woolworths.media/content/wowproductimages/large/819803.jpg",
      "storeId": "woolworths",
      "packageSize": "each",
      "cupPrice": "$9.00 / 1EA",
      "locations": {
        "ALL": { "price": 9, "discountRate": 18, "promo": "", "orgPrice": 11 }
      },
      "categoryIds": ["w-health-beauty"],
      "similarProducts": []
    },
    {
      "id": "w-704025-8850006327487",
      "name": "Colgate Max Fresh Breath Toothpaste Cool Mint",
      "brand": "Colgate",
      "imageUrls": "https://cdn0.woolworths.media/content/wowproductimages/large/704025.jpg",
      "storeId": "woolworths",
      "packageSize": "190g",
      "cupPrice": "$1.84 / 100G",
      "locations": {
        "ALL": {
          "price": 3.5,
          "discountRate": 50,
          "promo": "",
          "orgPrice": 7
        }
      },
      "categoryIds": ["w-health-beauty"],
      "similarProducts": []
    },
    {
      "id": "w-819802-8718951249929",
      "name": "Colgate Minions Kids Toothbrush 6 Years + Extra Soft 2-pack",
      "brand": "Colgate",
      "imageUrls": "https://cdn0.woolworths.media/content/wowproductimages/large/819802.jpg",
      "storeId": "woolworths",
      "packageSize": "2 pack",
      "cupPrice": "$2.50 / 1EA",
      "locations": {
        "ALL": { "price": 5, "discountRate": 29, "promo": "", "orgPrice": 7 }
      },
      "categoryIds": ["w-health-beauty"],
      "similarProducts": [
        { "productId": "cw-90701", "storeId": "chemist-warehouse" }
      ]
    },
    {
      "id": "w-750055-9300632081301",
      "name": "Colgate Optic White Sparkling White Teeth Whitening Toothpaste",
      "brand": "Colgate",
      "imageUrls": "https://cdn0.woolworths.media/content/wowproductimages/large/750055.jpg",
      "storeId": "woolworths",
      "packageSize": "140g",
      "cupPrice": "$3.57 / 100G",
      "locations": {
        "ALL": { "price": 5, "discountRate": 50, "promo": "", "orgPrice": 10 }
      },
      "categoryIds": ["w-health-beauty"],
      "similarProducts": []
    },
    {
      "id": "w-826546-9300632085477",
      "name": "Colgate Optic White Whitening Toothpaste Express Fresh Mint",
      "brand": "Colgate",
      "imageUrls": "https://cdn0.woolworths.media/content/wowproductimages/large/826546.jpg",
      "storeId": "woolworths",
      "packageSize": "125g",
      "cupPrice": "$4.80 / 100G",
      "locations": {
        "ALL": { "price": 6, "discountRate": 50, "promo": "", "orgPrice": 12 }
      },
      "categoryIds": ["w-health-beauty"],
      "similarProducts": []
    },
    {
      "id": "w-248897-9300632066063",
      "name": "Colgate Peppa Pig Kids Toothpaste Sparkling Mint Gel 2-5 Years",
      "brand": "Colgate",
      "imageUrls": "https://cdn0.woolworths.media/content/wowproductimages/large/248897.jpg",
      "storeId": "woolworths",
      "packageSize": "80g",
      "cupPrice": "$2.25 / 100G",
      "locations": {
        "ALL": {
          "price": 1.8,
          "discountRate": 14,
          "promo": "",
          "orgPrice": 2.1
        }
      },
      "categoryIds": ["w-health-beauty"],
      "similarProducts": [
        { "productId": "cw-84389", "storeId": "chemist-warehouse" }
      ]
    },
    {
      "id": "w-24730-9400541425002",
      "name": "Colgate Plax Alcohol Free Freshmint Mouthwash",
      "brand": "Colgate",
      "imageUrls": "https://cdn0.woolworths.media/content/wowproductimages/large/024730.jpg",
      "storeId": "woolworths",
      "packageSize": "500ml",
      "cupPrice": "$1.00 / 100ML",
      "locations": {
        "ALL": { "price": 5, "discountRate": 17, "promo": "", "orgPrice": 6 }
      },
      "categoryIds": ["w-health-beauty"],
      "similarProducts": []
    },
    {
      "id": "w-750056-8850006305355",
      "name": "Colgate Plax Alcohol Free Mouthwash Fresh Tea",
      "brand": "Colgate",
      "imageUrls": "https://cdn0.woolworths.media/content/wowproductimages/large/750056.jpg",
      "storeId": "woolworths",
      "packageSize": "500ml",
      "cupPrice": "$1.00 / 100ML",
      "locations": {
        "ALL": {
          "price": 5,
          "discountRate": 21,
          "promo": "",
          "orgPrice": 6.3
        }
      },
      "categoryIds": ["w-health-beauty"],
      "similarProducts": []
    },
    {
      "id": "w-321727-8850006303306",
      "name": "Colgate Plax Alcohol Free Mouthwash Freshmint",
      "brand": "Colgate",
      "imageUrls": "https://cdn0.woolworths.media/content/wowproductimages/large/321727.jpg",
      "storeId": "woolworths",
      "packageSize": "250ml",
      "cupPrice": "$0.80 / 100ML",
      "locations": {
        "ALL": { "price": 2, "discountRate": 50, "promo": "", "orgPrice": 4 }
      },
      "categoryIds": ["w-health-beauty"],
      "similarProducts": []
    },
    {
      "id": "w-25281-9400541425019",
      "name": "Colgate Plax Alcohol Free Mouthwash Peppermint",
      "brand": "Colgate",
      "imageUrls": "https://cdn0.woolworths.media/content/wowproductimages/large/025281.jpg",
      "storeId": "woolworths",
      "packageSize": "500ml",
      "cupPrice": "$1.00 / 100ML",
      "locations": {
        "ALL": { "price": 5, "discountRate": 17, "promo": "", "orgPrice": 6 }
      },
      "categoryIds": ["w-health-beauty"],
      "similarProducts": []
    },
    {
      "id": "w-80505-8850006932148",
      "name": "Colgate Plax Ice Fusion Antibacterial Mouthwash Cold Mint",
      "brand": "Colgate",
      "imageUrls": "https://cdn0.woolworths.media/content/wowproductimages/large/080505.jpg",
      "storeId": "woolworths",
      "packageSize": "500ml",
      "cupPrice": "$0.70 / 100ML",
      "locations": {
        "ALL": {
          "price": 3.5,
          "discountRate": 50,
          "promo": "",
          "orgPrice": 7
        }
      },
      "categoryIds": ["w-health-beauty"],
      "similarProducts": []
    },
    {
      "id": "w-706711-9300632078431",
      "name": "Colgate Sensitive Prorelief Teeth Pain Toothpaste",
      "brand": "Colgate",
      "imageUrls": "https://cdn0.woolworths.media/content/wowproductimages/large/706711.jpg",
      "storeId": "woolworths",
      "packageSize": "110g",
      "cupPrice": "$4.55 / 100G",
      "locations": {
        "ALL": { "price": 5, "discountRate": 50, "promo": "", "orgPrice": 10 }
      },
      "categoryIds": ["w-health-beauty"],
      "similarProducts": []
    },
    {
      "id": "w-730950-9300632079216",
      "name": "Colgate Sensitive Prorelief Enamel Repair Teeth Pain Toothpaste",
      "brand": "Colgate",
      "imageUrls": "https://cdn0.woolworths.media/content/wowproductimages/large/730950.jpg",
      "storeId": "woolworths",
      "packageSize": "110g",
      "cupPrice": "$4.55 / 100G",
      "locations": {
        "ALL": { "price": 5, "discountRate": 50, "promo": "", "orgPrice": 10 }
      },
      "categoryIds": ["w-health-beauty"],
      "similarProducts": []
    },
    {
      "id": "w-352411-9300632075096",
      "name": "Colgate Sensitive Prorelief Whitening Teeth Pain Toothpaste",
      "brand": "Colgate",
      "imageUrls": "https://cdn0.woolworths.media/content/wowproductimages/large/352411.jpg",
      "storeId": "woolworths",
      "packageSize": "110g",
      "cupPrice": "$4.55 / 100G",
      "locations": {
        "ALL": { "price": 5, "discountRate": 50, "promo": "", "orgPrice": 10 }
      },
      "categoryIds": ["w-health-beauty"],
      "similarProducts": []
    },
    {
      "id": "w-822389-8850006344033",
      "name": "Colgate Total Advanced Clean Fluoride Antibacterial Toothpaste",
      "brand": "Colgate",
      "imageUrls": "https://cdn0.woolworths.media/content/wowproductimages/large/822389.jpg",
      "storeId": "woolworths",
      "packageSize": "115g",
      "cupPrice": "$2.61 / 100G",
      "locations": {
        "ALL": {
          "price": 3,
          "discountRate": 45,
          "promo": "",
          "orgPrice": 5.5
        }
      },
      "categoryIds": ["w-health-beauty"],
      "similarProducts": []
    },
    {
      "id": "w-829375-8850006343999",
      "name": "Colgate Total Advanced Fresh Antibacterial Gel Toothpaste",
      "brand": "Colgate",
      "imageUrls": "https://cdn0.woolworths.media/content/wowproductimages/large/829375.jpg",
      "storeId": "woolworths",
      "packageSize": "115g",
      "cupPrice": "$2.61 / 100G",
      "locations": {
        "ALL": {
          "price": 3,
          "discountRate": 45,
          "promo": "",
          "orgPrice": 5.5
        }
      },
      "categoryIds": ["w-health-beauty"],
      "similarProducts": [
        { "productId": "cw-90688", "storeId": "chemist-warehouse" }
      ]
    },
    {
      "id": "w-819775-8850006344019",
      "name": "Colgate Total Charcoal Deep Clean Antibacterial Toothpaste",
      "brand": "Colgate",
      "imageUrls": "https://cdn0.woolworths.media/content/wowproductimages/large/819775.jpg",
      "storeId": "woolworths",
      "packageSize": "115g",
      "cupPrice": "$2.61 / 100G",
      "locations": {
        "ALL": {
          "price": 3,
          "discountRate": 45,
          "promo": "",
          "orgPrice": 5.5
        }
      },
      "categoryIds": ["w-health-beauty"],
      "similarProducts": [
        { "productId": "cw-90690", "storeId": "chemist-warehouse" }
      ]
    },
    {
      "id": "w-822317-8850006344026",
      "name": "Colgate Total Gum Health Antibacterial Fluoride Toothpaste",
      "brand": "Colgate",
      "imageUrls": "https://cdn0.woolworths.media/content/wowproductimages/large/822317.jpg",
      "storeId": "woolworths",
      "packageSize": "115g",
      "cupPrice": "$2.61 / 100G",
      "locations": {
        "ALL": {
          "price": 3,
          "discountRate": 45,
          "promo": "",
          "orgPrice": 5.5
        }
      },
      "categoryIds": ["w-health-beauty"],
      "similarProducts": [
        { "productId": "cw-90695", "storeId": "chemist-warehouse" }
      ]
    },
    {
      "id": "w-852237-8850006344071",
      "name": "Colgate Total Mint Stripe Antibacterial Gel Toothpaste",
      "brand": "Colgate",
      "imageUrls": "https://cdn0.woolworths.media/content/wowproductimages/large/852237.jpg",
      "storeId": "woolworths",
      "packageSize": "200g",
      "cupPrice": "$2.48 / 100G",
      "locations": {
        "ALL": {
          "price": 4.95,
          "discountRate": 10,
          "promo": "",
          "orgPrice": 5.5
        }
      },
      "categoryIds": ["w-health-beauty"],
      "similarProducts": []
    },
    {
      "id": "w-822391-8850006344064",
      "name": "Colgate Total Original Antibacterial Fluoride Toothpaste",
      "brand": "Colgate",
      "imageUrls": "https://cdn0.woolworths.media/content/wowproductimages/large/822391.jpg",
      "storeId": "woolworths",
      "packageSize": "200g",
      "cupPrice": "$2.48 / 100G",
      "locations": {
        "ALL": {
          "price": 4.95,
          "discountRate": 10,
          "promo": "",
          "orgPrice": 5.5
        }
      },
      "categoryIds": ["w-health-beauty"],
      "similarProducts": [
        { "productId": "cw-90694", "storeId": "chemist-warehouse" },
        { "productId": "cw-90695", "storeId": "chemist-warehouse" },
        { "productId": "cw-90693", "storeId": "chemist-warehouse" }
      ]
    },
    {
      "id": "w-34719-6001067004998",
      "name": "Colgate Zig Zag Deep Interdental Clean Toothbrush Medium Adult",
      "brand": "Colgate",
      "imageUrls": "https://cdn0.woolworths.media/content/wowproductimages/large/034719.jpg",
      "storeId": "woolworths",
      "packageSize": "each",
      "cupPrice": "$2.50 / 1EA",
      "locations": {
        "ALL": {
          "price": 2.5,
          "discountRate": 17,
          "promo": "",
          "orgPrice": 3
        }
      },
      "categoryIds": ["w-health-beauty"],
      "similarProducts": [
        { "productId": "cw-66129", "storeId": "chemist-warehouse" },
        { "productId": "cw-63129", "storeId": "chemist-warehouse" }
      ]
    },
    {
      "id": "w-720688-3574660277364",
      "name": "Compeed Cold Sore Patch Total Care Invisible",
      "brand": "Compeed",
      "imageUrls": "https://cdn0.woolworths.media/content/wowproductimages/large/720688.jpg",
      "storeId": "woolworths",
      "packageSize": "15 pack",
      "cupPrice": "$0.88 / 1EA",
      "locations": {
        "ALL": {
          "price": 13.2,
          "discountRate": 18,
          "promo": "",
          "orgPrice": 16
        }
      },
      "categoryIds": ["w-health-beauty"],
      "similarProducts": []
    },
    {
      "id": "w-476961-9400501202261",
      "name": "Comvita Olive Leaf Extract High Strength Capsules",
      "brand": "Comvita",
      "imageUrls": "https://cdn0.woolworths.media/content/wowproductimages/large/476961.jpg",
      "storeId": "woolworths",
      "packageSize": "60 pack",
      "cupPrice": "$18.33 / 100EA",
      "locations": {
        "ALL": {
          "price": 11,
          "discountRate": 50,
          "promo": "",
          "orgPrice": 22
        }
      },
      "categoryIds": ["w-health-beauty"],
      "similarProducts": [
        {
          "productId": "comvita-olive-leaf-extract-high-strength-capsules",
          "storeId": "coles"
        },
        { "productId": "cw-73761", "storeId": "chemist-warehouse" }
      ]
    },
    {
      "id": "w-79774-9351326002591",
      "name": "Cover Girl & Olay Simply Ageless Foundation 210 Classic Ivory",
      "brand": "Cover Girl",
      "imageUrls": "https://cdn0.woolworths.media/content/wowproductimages/large/079774.jpg",
      "storeId": "woolworths",
      "packageSize": "12g",
      "cupPrice": "$10.83 / 10G",
      "locations": {
        "ALL": {
          "price": 13,
          "discountRate": 50,
          "promo": "",
          "orgPrice": 26
        }
      },
      "categoryIds": ["w-health-beauty"],
      "similarProducts": []
    },
    {
      "id": "w-255189-22700082346",
      "name": "Cover Girl Advanced Radiance Pressed Powder 110 Creamy Natural",
      "brand": "Cover Girl",
      "imageUrls": "https://cdn0.woolworths.media/content/wowproductimages/large/255189.jpg",
      "storeId": "woolworths",
      "packageSize": "11g",
      "cupPrice": "$9.09 / 10G",
      "locations": {
        "ALL": {
          "price": 10,
          "discountRate": 50,
          "promo": "",
          "orgPrice": 20
        }
      },
      "categoryIds": ["w-health-beauty"],
      "similarProducts": []
    },
    {
      "id": "w-822251-3614227997417",
      "name": "Cover Girl Exhbitionist Mascara 800 Very Black",
      "brand": "Cover Girl",
      "imageUrls": "https://cdn0.woolworths.media/content/wowproductimages/large/822251.jpg",
      "storeId": "woolworths",
      "packageSize": "each",
      "cupPrice": "$13.33 / 10ML",
      "locations": {
        "ALL": {
          "price": 12,
          "discountRate": 50,
          "promo": "",
          "orgPrice": 24
        }
      },
      "categoryIds": ["w-health-beauty"],
      "similarProducts": [
        { "productId": "cw-92336", "storeId": "chemist-warehouse" }
      ]
    },
    {
      "id": "w-310628-22700097777",
      "name": "Cover Girl Lash Blast Volume Mascara 800 Very Black",
      "brand": "Cover Girl",
      "imageUrls": "https://cdn0.woolworths.media/content/wowproductimages/large/310628.jpg",
      "storeId": "woolworths",
      "packageSize": "each",
      "cupPrice": "$7.25 / 10ML",
      "locations": {
        "ALL": {
          "price": 9.5,
          "discountRate": 50,
          "promo": "",
          "orgPrice": 19
        }
      },
      "categoryIds": ["w-health-beauty"],
      "similarProducts": []
    },
    {
      "id": "w-506793-9346657000316",
      "name": "Crankt Hplc Protein Shake Banana",
      "brand": "Crankt",
      "imageUrls": "https://cdn0.woolworths.media/content/wowproductimages/large/506793.jpg",
      "storeId": "woolworths",
      "packageSize": "375ml",
      "cupPrice": "$0.53 / 100ML",
      "locations": {
        "ALL": { "price": 2, "discountRate": 50, "promo": "", "orgPrice": 4 }
      },
      "categoryIds": ["w-health-beauty"],
      "similarProducts": []
    },
    {
      "id": "w-506791-9346657000002",
      "name": "Crankt Hplc Protein Shake Chocolate",
      "brand": "Crankt",
      "imageUrls": "https://cdn0.woolworths.media/content/wowproductimages/large/506791.jpg",
      "storeId": "woolworths",
      "packageSize": "375ml",
      "cupPrice": "$0.53 / 100ML",
      "locations": {
        "ALL": { "price": 2, "discountRate": 50, "promo": "", "orgPrice": 4 }
      },
      "categoryIds": ["w-health-beauty"],
      "similarProducts": []
    },
    {
      "id": "w-95659-9315090212013",
      "name": "Crankt Max Premium Protein Bar Chocolate Fudge",
      "brand": "Crankt",
      "imageUrls": "https://cdn0.woolworths.media/content/wowproductimages/large/095659.jpg",
      "storeId": "woolworths",
      "packageSize": "60g",
      "cupPrice": "$3.08 / 100G",
      "locations": {
        "ALL": {
          "price": 1.85,
          "discountRate": 51,
          "promo": "",
          "orgPrice": 3.75
        }
      },
      "categoryIds": ["w-health-beauty"],
      "similarProducts": []
    },
    {
      "id": "w-95613-9315090212037",
      "name": "Crankt Max Premium Protein Bar Raspberry & Coconut",
      "brand": "Crankt",
      "imageUrls": "https://cdn0.woolworths.media/content/wowproductimages/large/095613.jpg",
      "storeId": "woolworths",
      "packageSize": "60g",
      "cupPrice": "$3.08 / 100G",
      "locations": {
        "ALL": {
          "price": 1.85,
          "discountRate": 51,
          "promo": "",
          "orgPrice": 3.75
        }
      },
      "categoryIds": ["w-health-beauty"],
      "similarProducts": []
    },
    {
      "id": "w-94479-9315090211993",
      "name": "Crankt Max Premium Protein Bar Salted Caramel",
      "brand": "Crankt",
      "imageUrls": "https://cdn0.woolworths.media/content/wowproductimages/large/094479.jpg",
      "storeId": "woolworths",
      "packageSize": "60g",
      "cupPrice": "$3.08 / 100G",
      "locations": {
        "ALL": {
          "price": 1.85,
          "discountRate": 51,
          "promo": "",
          "orgPrice": 3.75
        }
      },
      "categoryIds": ["w-health-beauty"],
      "similarProducts": []
    },
    {
      "id": "w-65786-9346657000064",
      "name": "Crankt Vanilla",
      "brand": "Crankt",
      "imageUrls": "https://cdn0.woolworths.media/content/wowproductimages/large/065786.jpg",
      "storeId": "woolworths",
      "packageSize": "375ml",
      "cupPrice": "$0.53 / 100ML",
      "locations": {
        "ALL": { "price": 2, "discountRate": 50, "promo": "", "orgPrice": 4 }
      },
      "categoryIds": ["w-health-beauty"],
      "similarProducts": []
    },
    {
      "id": "w-295786-9300615093710",
      "name": "Cussons Imperial Leather Soap Bar Original",
      "brand": "Cussons",
      "imageUrls": "https://cdn0.woolworths.media/content/wowproductimages/large/295786.jpg",
      "storeId": "woolworths",
      "packageSize": "600g",
      "cupPrice": "$0.53 / 100G",
      "locations": {
        "ALL": {
          "price": 3.2,
          "discountRate": 24,
          "promo": "",
          "orgPrice": 4.2
        }
      },
      "categoryIds": ["w-health-beauty"],
      "similarProducts": []
    },
    {
      "id": "w-21389-9310263021010",
      "name": "Deep Heat Cream Arthritis Extra Strength",
      "brand": "Deep Heat",
      "imageUrls": "https://cdn0.woolworths.media/content/wowproductimages/large/021389.jpg",
      "storeId": "woolworths",
      "packageSize": "100g",
      "cupPrice": "$4.50 / 100G",
      "locations": {
        "ALL": {
          "price": 4.5,
          "discountRate": 22,
          "promo": "",
          "orgPrice": 5.8
        }
      },
      "categoryIds": ["w-health-beauty"],
      "similarProducts": []
    },
    {
      "id": "w-467392-9310088010367",
      "name": "Depend Female Underwear Super Extra-large",
      "brand": "Depend",
      "imageUrls": "https://cdn0.woolworths.media/content/wowproductimages/large/467392.jpg",
      "storeId": "woolworths",
      "packageSize": "8pk",
      "cupPrice": "$1.75 / 1EA",
      "locations": {
        "ALL": {
          "price": 14,
          "discountRate": 18,
          "promo": "",
          "orgPrice": 17
        }
      },
      "categoryIds": ["w-health-beauty"],
      "similarProducts": []
    },
    {
      "id": "w-748543-9310088007947",
      "name": "Depend Real Fit For Men Underwear Large",
      "brand": "Depend",
      "imageUrls": "https://cdn0.woolworths.media/content/wowproductimages/large/748543.jpg",
      "storeId": "woolworths",
      "packageSize": "8 pack",
      "cupPrice": "$1.38 / 1EA",
      "locations": {
        "ALL": {
          "price": 11,
          "discountRate": 15,
          "promo": "",
          "orgPrice": 13
        }
      },
      "categoryIds": ["w-health-beauty"],
      "similarProducts": []
    },
    {
      "id": "w-800809-9310088009521",
      "name": "Depend Real Fit For Women Underwear Large",
      "brand": "Depend",
      "imageUrls": "https://cdn0.woolworths.media/content/wowproductimages/large/800809.jpg",
      "storeId": "woolworths",
      "packageSize": "8pk",
      "cupPrice": "$1.25 / 1EA",
      "locations": {
        "ALL": {
          "price": 10,
          "discountRate": 17,
          "promo": "",
          "orgPrice": 12
        }
      },
      "categoryIds": ["w-health-beauty"],
      "similarProducts": []
    },
    {
      "id": "w-800830-9310088009514",
      "name": "Depend Real Fit For Women Underwear Medium",
      "brand": "Depend",
      "imageUrls": "https://cdn0.woolworths.media/content/wowproductimages/large/800830.jpg",
      "storeId": "woolworths",
      "packageSize": "8pk",
      "cupPrice": "$1.25 / 1EA",
      "locations": {
        "ALL": {
          "price": 10,
          "discountRate": 17,
          "promo": "",
          "orgPrice": 12
        }
      },
      "categoryIds": ["w-health-beauty"],
      "similarProducts": []
    },
    {
      "id": "w-745554-9314057004913",
      "name": "Difflam Forte Throat Spray",
      "brand": "Difflam",
      "imageUrls": "https://cdn0.woolworths.media/content/wowproductimages/large/745554.jpg",
      "storeId": "woolworths",
      "packageSize": "15ml",
      "cupPrice": "$85.33 / 100ML",
      "locations": {
        "ALL": {
          "price": 12.8,
          "discountRate": 20,
          "promo": "",
          "orgPrice": 16
        }
      },
      "categoryIds": ["w-health-beauty"],
      "similarProducts": [
        { "productId": "cw-53267", "storeId": "chemist-warehouse" }
      ]
    },
    {
      "id": "w-681118-9314057009246",
      "name": "Difflam Plus Anaesthetic Lozenges Menthol & Eucalyptus",
      "brand": "Difflam",
      "imageUrls": "https://cdn0.woolworths.media/content/wowproductimages/large/681118.jpg",
      "storeId": "woolworths",
      "packageSize": "16 pack",
      "cupPrice": "$0.50 / 1EA",
      "locations": {
        "ALL": { "price": 8, "discountRate": 20, "promo": "", "orgPrice": 10 }
      },
      "categoryIds": ["w-health-beauty"],
      "similarProducts": []
    },
    {
      "id": "w-681117-9314057009079",
      "name": "Difflam Plus Sore Throat Lozenges Black Current Anaesthetic",
      "brand": "Difflam",
      "imageUrls": "https://cdn0.woolworths.media/content/wowproductimages/large/681117.jpg",
      "storeId": "woolworths",
      "packageSize": "16 pack",
      "cupPrice": "$0.50 / 1EA",
      "locations": {
        "ALL": { "price": 8, "discountRate": 20, "promo": "", "orgPrice": 10 }
      },
      "categoryIds": ["w-health-beauty"],
      "similarProducts": []
    },
    {
      "id": "w-681116-9314057009062",
      "name": "Difflam Plus Sore Throat Lozenges Honey Anaesthetic",
      "brand": "Difflam",
      "imageUrls": "https://cdn0.woolworths.media/content/wowproductimages/large/681116.jpg",
      "storeId": "woolworths",
      "packageSize": "16 pack",
      "cupPrice": "$0.50 / 1EA",
      "locations": {
        "ALL": { "price": 8, "discountRate": 20, "promo": "", "orgPrice": 10 }
      },
      "categoryIds": ["w-health-beauty"],
      "similarProducts": []
    },
    {
      "id": "w-681132-9314057009239",
      "name": "Difflam Plus Sore Throat Lozenges + Anaesthetic Blackcurrant",
      "brand": "Difflam",
      "imageUrls": "https://cdn0.woolworths.media/content/wowproductimages/large/681132.jpg",
      "storeId": "woolworths",
      "packageSize": "16 pack",
      "cupPrice": "$0.50 / 1EA",
      "locations": {
        "ALL": { "price": 8, "discountRate": 20, "promo": "", "orgPrice": 10 }
      },
      "categoryIds": ["w-health-beauty"],
      "similarProducts": []
    },
    {
      "id": "w-745535-9314057001967",
      "name": "Difflam Sore Throat Spray",
      "brand": "Difflam",
      "imageUrls": "https://cdn0.woolworths.media/content/wowproductimages/large/745535.jpg",
      "storeId": "woolworths",
      "packageSize": "30ml",
      "cupPrice": "$40.00 / 100ML",
      "locations": {
        "ALL": {
          "price": 12,
          "discountRate": 20,
          "promo": "",
          "orgPrice": 15
        }
      },
      "categoryIds": ["w-health-beauty"],
      "similarProducts": []
    },
    {
      "id": "w-830164-9310488003389",
      "name": "Dimetapp Kids Cough Plus Immune",
      "brand": "Dimetapp",
      "imageUrls": "https://cdn0.woolworths.media/content/wowproductimages/large/830164.jpg",
      "storeId": "woolworths",
      "packageSize": "200ml",
      "cupPrice": "$7.50 / 100ML",
      "locations": {
        "ALL": {
          "price": 15,
          "discountRate": 21,
          "promo": "",
          "orgPrice": 19
        }
      },
      "categoryIds": ["w-health-beauty"],
      "similarProducts": []
    },
    {
      "id": "w-830201-9310488003853",
      "name": "Dimetapp Cough Cold & Flu With Ivy Leaf",
      "brand": "Dimetapp",
      "imageUrls": "https://cdn0.woolworths.media/content/wowproductimages/large/830201.jpg",
      "storeId": "woolworths",
      "packageSize": "100ml",
      "cupPrice": "$12.00 / 100ML",
      "locations": {
        "ALL": {
          "price": 12,
          "discountRate": 14,
          "promo": "",
          "orgPrice": 14
        }
      },
      "categoryIds": ["w-health-beauty"],
      "similarProducts": []
    },
    {
      "id": "w-61677-9346720001561",
      "name": "Disney Frozen 2 In 1 Shampoo & Conditioner",
      "brand": "Disney",
      "imageUrls": "https://cdn0.woolworths.media/content/wowproductimages/large/061677.jpg",
      "storeId": "woolworths",
      "packageSize": "350ml",
      "cupPrice": "$1.20 / 100ML",
      "locations": {
        "ALL": {
          "price": 4.2,
          "discountRate": 30,
          "promo": "",
          "orgPrice": 6
        }
      },
      "categoryIds": ["w-health-beauty"],
      "similarProducts": []
    },
    {
      "id": "w-61678-9346720001578",
      "name": "Disney Frozen Detangling Sray",
      "brand": "Disney",
      "imageUrls": "https://cdn0.woolworths.media/content/wowproductimages/large/061678.jpg",
      "storeId": "woolworths",
      "packageSize": "200ml",
      "cupPrice": "$2.10 / 100ML",
      "locations": {
        "ALL": {
          "price": 4.2,
          "discountRate": 30,
          "promo": "",
          "orgPrice": 6
        }
      },
      "categoryIds": ["w-health-beauty"],
      "similarProducts": []
    },
    {
      "id": "w-52492-9300830052066",
      "name": "Dove Anti-perspirant Coconut & Jasmine Flower",
      "brand": "Dove",
      "imageUrls": "https://cdn0.woolworths.media/content/wowproductimages/large/052492.jpg",
      "storeId": "woolworths",
      "packageSize": "250ml",
      "cupPrice": "$1.40 / 100ML",
      "locations": {
        "ALL": {
          "price": 3.5,
          "discountRate": 50,
          "promo": "",
          "orgPrice": 7
        }
      },
      "categoryIds": ["w-health-beauty"],
      "similarProducts": []
    },
    {
      "id": "w-700084-9300830048694",
      "name": "Dove Antiperspirant Pear & Aloe Vera Scent",
      "brand": "Dove",
      "imageUrls": "https://cdn0.woolworths.media/content/wowproductimages/large/700084.jpg",
      "storeId": "woolworths",
      "packageSize": "250ml",
      "cupPrice": "$1.40 / 100ML",
      "locations": {
        "ALL": {
          "price": 3.5,
          "discountRate": 50,
          "promo": "",
          "orgPrice": 7
        }
      },
      "categoryIds": ["w-health-beauty"],
      "similarProducts": []
    },
    {
      "id": "w-51585-4800888210975",
      "name": "Dove Antiperspirant Roll On Coconut & Jasmine Flower",
      "brand": "Dove",
      "imageUrls": "https://cdn0.woolworths.media/content/wowproductimages/large/051585.jpg",
      "storeId": "woolworths",
      "packageSize": "50ml",
      "cupPrice": "$3.90 / 100ML",
      "locations": {
        "ALL": {
          "price": 1.95,
          "discountRate": 50,
          "promo": "",
          "orgPrice": 3.9
        }
      },
      "categoryIds": ["w-health-beauty"],
      "similarProducts": []
    },
    {
      "id": "w-700098-9300830048366",
      "name": "Dove Antiperspirant Summer Magnolia & Crisp Apple Scent",
      "brand": "Dove",
      "imageUrls": "https://cdn0.woolworths.media/content/wowproductimages/large/700098.jpg",
      "storeId": "woolworths",
      "packageSize": "250ml",
      "cupPrice": "$1.40 / 100ML",
      "locations": {
        "ALL": {
          "price": 3.5,
          "discountRate": 50,
          "promo": "",
          "orgPrice": 7
        }
      },
      "categoryIds": ["w-health-beauty"],
      "similarProducts": []
    },
    {
      "id": "w-30997-8000700000012",
      "name": "Dove Beauty Bar Soap Original",
      "brand": "Dove",
      "imageUrls": "https://cdn0.woolworths.media/content/wowproductimages/large/030997.jpg",
      "storeId": "woolworths",
      "packageSize": "2x100g",
      "cupPrice": "$0.95 / 100G",
      "locations": {
        "ALL": {
          "price": 1.9,
          "discountRate": 50,
          "promo": "",
          "orgPrice": 3.8
        }
      },
      "categoryIds": ["w-health-beauty"],
      "similarProducts": []
    },
    {
      "id": "w-380810-9300830001101",
      "name": "Dove Body Wash Triple Moisturising",
      "brand": "Dove",
      "imageUrls": "https://cdn0.woolworths.media/content/wowproductimages/large/380810.jpg",
      "storeId": "woolworths",
      "packageSize": "1l",
      "cupPrice": "$0.69 / 100ML",
      "locations": {
        "ALL": {
          "price": 6.85,
          "discountRate": 50,
          "promo": "",
          "orgPrice": 13.7
        }
      },
      "categoryIds": ["w-health-beauty"],
      "similarProducts": [
        { "productId": "cw-53230", "storeId": "chemist-warehouse" }
      ]
    },
    {
      "id": "w-816185-9300830050611",
      "name": "Dove Body Wash Restoring Coconut & Almond Oils",
      "brand": "Dove",
      "imageUrls": "https://cdn0.woolworths.media/content/wowproductimages/large/816185.jpg",
      "storeId": "woolworths",
      "packageSize": "1l",
      "cupPrice": "$0.69 / 100ML",
      "locations": {
        "ALL": {
          "price": 6.85,
          "discountRate": 50,
          "promo": "",
          "orgPrice": 13.7
        }
      },
      "categoryIds": ["w-health-beauty"],
      "similarProducts": []
    },
    {
      "id": "w-609022-8851932374972",
      "name": "Dove Conditioner Daily Care",
      "brand": "Dove",
      "imageUrls": "https://cdn0.woolworths.media/content/wowproductimages/large/609022.jpg",
      "storeId": "woolworths",
      "packageSize": "640ml",
      "cupPrice": "$0.93 / 100ML",
      "locations": {
        "ALL": {
          "price": 5.95,
          "discountRate": 50,
          "promo": "",
          "orgPrice": 11.9
        }
      },
      "categoryIds": ["w-health-beauty"],
      "similarProducts": []
    },
    {
      "id": "w-608986-8851932374996",
      "name": "Dove Conditioner Daily Care",
      "brand": "Dove",
      "imageUrls": "https://cdn0.woolworths.media/content/wowproductimages/large/608986.jpg",
      "storeId": "woolworths",
      "packageSize": "320ml",
      "cupPrice": "$1.08 / 100ML",
      "locations": {
        "ALL": {
          "price": 3.45,
          "discountRate": 50,
          "promo": "",
          "orgPrice": 6.9
        }
      },
      "categoryIds": ["w-health-beauty"],
      "similarProducts": []
    },
    {
      "id": "w-856980-9300830050857",
      "name": "Dove Conditioner Destress Ritual",
      "brand": "Dove",
      "imageUrls": "https://cdn0.woolworths.media/content/wowproductimages/large/856980.jpg",
      "storeId": "woolworths",
      "packageSize": "320ml",
      "cupPrice": "$1.08 / 100ML",
      "locations": {
        "ALL": {
          "price": 3.45,
          "discountRate": 50,
          "promo": "",
          "orgPrice": 6.9
        }
      },
      "categoryIds": ["w-health-beauty"],
      "similarProducts": []
    },
    {
      "id": "w-83128-9300830053599",
      "name": "Dove Conditioner Dermacare Anti Dandruff Clean & Fresh",
      "brand": "Dove",
      "imageUrls": "https://cdn0.woolworths.media/content/wowproductimages/large/083128.jpg",
      "storeId": "woolworths",
      "packageSize": "300ml",
      "cupPrice": "$1.83 / 100ML",
      "locations": {
        "ALL": {
          "price": 5.5,
          "discountRate": 50,
          "promo": "",
          "orgPrice": 11
        }
      },
      "categoryIds": ["w-health-beauty"],
      "similarProducts": []
    },
    {
      "id": "w-83839-9300830053582",
      "name": "Dove Conditioner Dermacare Anti Dandruff Coconut & Hydration",
      "brand": "Dove",
      "imageUrls": "https://cdn0.woolworths.media/content/wowproductimages/large/083839.jpg",
      "storeId": "woolworths",
      "packageSize": "300ml",
      "cupPrice": "$1.83 / 100ML",
      "locations": {
        "ALL": {
          "price": 5.5,
          "discountRate": 50,
          "promo": "",
          "orgPrice": 11
        }
      },
      "categoryIds": ["w-health-beauty"],
      "similarProducts": []
    },
    {
      "id": "w-609209-8710908056505",
      "name": "Dove Dry Shampoo Refresh & Care",
      "brand": "Dove",
      "imageUrls": "https://cdn0.woolworths.media/content/wowproductimages/large/609209.jpg",
      "storeId": "woolworths",
      "packageSize": "250ml",
      "cupPrice": "$2.00 / 100ML",
      "locations": {
        "ALL": { "price": 5, "discountRate": 50, "promo": "", "orgPrice": 10 }
      },
      "categoryIds": ["w-health-beauty"],
      "similarProducts": []
    },
    {
      "id": "w-79703-9300830056996",
      "name": "Dove Go Fresh Antiperspirant Apple & White Tea Scent",
      "brand": "Dove",
      "imageUrls": "https://cdn0.woolworths.media/content/wowproductimages/large/079703.jpg",
      "storeId": "woolworths",
      "packageSize": "250ml",
      "cupPrice": "$1.40 / 100ML",
      "locations": {
        "ALL": {
          "price": 3.5,
          "discountRate": 50,
          "promo": "",
          "orgPrice": 7
        }
      },
      "categoryIds": ["w-health-beauty"],
      "similarProducts": []
    },
    {
      "id": "w-724691-9300830001194",
      "name": "Dove Go Fresh Body Wash Fresh Touch",
      "brand": "Dove",
      "imageUrls": "https://cdn0.woolworths.media/content/wowproductimages/large/724691.jpg",
      "storeId": "woolworths",
      "packageSize": "1l",
      "cupPrice": "$0.69 / 100ML",
      "locations": {
        "ALL": {
          "price": 6.85,
          "discountRate": 50,
          "promo": "",
          "orgPrice": 13.7
        }
      },
      "categoryIds": ["w-health-beauty"],
      "similarProducts": [
        { "productId": "cw-73289", "storeId": "chemist-warehouse" }
      ]
    },
    {
      "id": "w-590250-9300830040889",
      "name": "Dove Go Fresh Body Wash Pear & Aloe Vera",
      "brand": "Dove",
      "imageUrls": "https://cdn0.woolworths.media/content/wowproductimages/large/590250.jpg",
      "storeId": "woolworths",
      "packageSize": "1l",
      "cupPrice": "$0.69 / 100ML",
      "locations": {
        "ALL": {
          "price": 6.85,
          "discountRate": 50,
          "promo": "",
          "orgPrice": 13.7
        }
      },
      "categoryIds": ["w-health-beauty"],
      "similarProducts": []
    },
    {
      "id": "w-758150-9300830018260",
      "name": "Dove Go Fresh Body Wash Pomegranate And Lemon Verbena",
      "brand": "Dove",
      "imageUrls": "https://cdn0.woolworths.media/content/wowproductimages/large/758150.jpg",
      "storeId": "woolworths",
      "packageSize": "1l",
      "cupPrice": "$0.69 / 100ML",
      "locations": {
        "ALL": {
          "price": 6.85,
          "discountRate": 50,
          "promo": "",
          "orgPrice": 13.7
        }
      },
      "categoryIds": ["w-health-beauty"],
      "similarProducts": []
    },
    {
      "id": "w-814814-9300830049677",
      "name": "Dove Men + Care Clinical Protection Aerosol Clean Comfort",
      "brand": "Dove",
      "imageUrls": "https://cdn0.woolworths.media/content/wowproductimages/large/814814.jpg",
      "storeId": "woolworths",
      "packageSize": "180ml",
      "cupPrice": "$2.78 / 100ML",
      "locations": {
        "ALL": { "price": 5, "discountRate": 50, "promo": "", "orgPrice": 10 }
      },
      "categoryIds": ["w-health-beauty"],
      "similarProducts": []
    },
    {
      "id": "w-814797-9300830050543",
      "name": "Dove Men + Care Invisible Fresh Antiperspirant",
      "brand": "Dove",
      "imageUrls": "https://cdn0.woolworths.media/content/wowproductimages/large/814797.jpg",
      "storeId": "woolworths",
      "packageSize": "254ml",
      "cupPrice": "$1.38 / 100ML",
      "locations": {
        "ALL": {
          "price": 3.5,
          "discountRate": 50,
          "promo": "",
          "orgPrice": 7
        }
      },
      "categoryIds": ["w-health-beauty"],
      "similarProducts": []
    },
    {
      "id": "w-824411-9300830022564",
      "name": "Dove Men Antiperspirant Aerosol Deodorant Clean Comfort",
      "brand": "Dove",
      "imageUrls": "https://cdn0.woolworths.media/content/wowproductimages/large/824411.jpg",
      "storeId": "woolworths",
      "packageSize": "254ml",
      "cupPrice": "$1.38 / 100ML",
      "locations": {
        "ALL": {
          "price": 3.5,
          "discountRate": 50,
          "promo": "",
          "orgPrice": 7
        }
      },
      "categoryIds": ["w-health-beauty"],
      "similarProducts": [
        { "productId": "cw-75822", "storeId": "chemist-warehouse" }
      ]
    },
    {
      "id": "w-824415-9300830022595",
      "name": "Dove Men Antiperspirant Aerosol Deodorant Invisible Dry",
      "brand": "Dove",
      "imageUrls": "https://cdn0.woolworths.media/content/wowproductimages/large/824415.jpg",
      "storeId": "woolworths",
      "packageSize": "254ml",
      "cupPrice": "$1.38 / 100ML",
      "locations": {
        "ALL": {
          "price": 3.5,
          "discountRate": 50,
          "promo": "",
          "orgPrice": 7
        }
      },
      "categoryIds": ["w-health-beauty"],
      "similarProducts": [
        { "productId": "cw-75823", "storeId": "chemist-warehouse" },
        { "productId": "cw-75829", "storeId": "chemist-warehouse" }
      ]
    },
    {
      "id": "w-700032-9300830047277",
      "name": "Dove Men Antiperspirant Sport Fresh Deodorant Sports Fresh",
      "brand": "Dove",
      "imageUrls": "https://cdn0.woolworths.media/content/wowproductimages/large/700032.jpg",
      "storeId": "woolworths",
      "packageSize": "254ml",
      "cupPrice": "$1.38 / 100ML",
      "locations": {
        "ALL": {
          "price": 3.5,
          "discountRate": 50,
          "promo": "",
          "orgPrice": 7
        }
      },
      "categoryIds": ["w-health-beauty"],
      "similarProducts": []
    },
    {
      "id": "w-505771-4800888195562",
      "name": "Dove Men Clinical Roll Deodorant Cream Clean Comfort",
      "brand": "Dove",
      "imageUrls": "https://cdn0.woolworths.media/content/wowproductimages/large/505771.jpg",
      "storeId": "woolworths",
      "packageSize": "45ml",
      "cupPrice": "$14.44 / 100ML",
      "locations": {
        "ALL": {
          "price": 6.5,
          "discountRate": 50,
          "promo": "",
          "orgPrice": 13
        }
      },
      "categoryIds": ["w-health-beauty"],
      "similarProducts": []
    },
    {
      "id": "w-79131-9300830057924",
      "name": "Dove Nourishing Body Wash Glowing Mango & Almond Butter",
      "brand": "Dove",
      "imageUrls": "https://cdn0.woolworths.media/content/wowproductimages/large/079131.jpg",
      "storeId": "woolworths",
      "packageSize": "1l",
      "cupPrice": "$0.69 / 100ML",
      "locations": {
        "ALL": {
          "price": 6.85,
          "discountRate": 50,
          "promo": "",
          "orgPrice": 13.7
        }
      },
      "categoryIds": ["w-health-beauty"],
      "similarProducts": []
    },
    {
      "id": "w-681062-8851932386630",
      "name": "Dove Nourishing Secrets Restoring Ritual Conditioner",
      "brand": "Dove",
      "imageUrls": "https://cdn0.woolworths.media/content/wowproductimages/large/681062.jpg",
      "storeId": "woolworths",
      "packageSize": "640ml",
      "cupPrice": "$0.93 / 100ML",
      "locations": {
        "ALL": {
          "price": 5.95,
          "discountRate": 50,
          "promo": "",
          "orgPrice": 11.9
        }
      },
      "categoryIds": ["w-health-beauty"],
      "similarProducts": []
    },
    {
      "id": "w-681061-8851932386647",
      "name": "Dove Nourishing Secrets Restoring Ritual Shampoo",
      "brand": "Dove",
      "imageUrls": "https://cdn0.woolworths.media/content/wowproductimages/large/681061.jpg",
      "storeId": "woolworths",
      "packageSize": "640ml",
      "cupPrice": "$0.93 / 100ML",
      "locations": {
        "ALL": {
          "price": 5.95,
          "discountRate": 50,
          "promo": "",
          "orgPrice": 11.9
        }
      },
      "categoryIds": ["w-health-beauty"],
      "similarProducts": []
    },
    {
      "id": "w-799296-8851932348423",
      "name": "Dove Nutritive Solutions Conditioner Daily Moisture",
      "brand": "Dove",
      "imageUrls": "https://cdn0.woolworths.media/content/wowproductimages/large/799296.jpg",
      "storeId": "woolworths",
      "packageSize": "640ml",
      "cupPrice": "$0.93 / 100ML",
      "locations": {
        "ALL": {
          "price": 5.95,
          "discountRate": 50,
          "promo": "",
          "orgPrice": 11.9
        }
      },
      "categoryIds": ["w-health-beauty"],
      "similarProducts": []
    },
    {
      "id": "w-799320-8851932348393",
      "name": "Dove Nutritive Solutions Conditioner Intensive Repair",
      "brand": "Dove",
      "imageUrls": "https://cdn0.woolworths.media/content/wowproductimages/large/799320.jpg",
      "storeId": "woolworths",
      "packageSize": "320ml",
      "cupPrice": "$1.08 / 100ML",
      "locations": {
        "ALL": {
          "price": 3.45,
          "discountRate": 50,
          "promo": "",
          "orgPrice": 6.9
        }
      },
      "categoryIds": ["w-health-beauty"],
      "similarProducts": []
    },
    {
      "id": "w-799229-8851932348355",
      "name": "Dove Nutritive Solutions Shampoo Intensive Repair",
      "brand": "Dove",
      "imageUrls": "https://cdn0.woolworths.media/content/wowproductimages/large/799229.jpg",
      "storeId": "woolworths",
      "packageSize": "640ml",
      "cupPrice": "$0.93 / 100ML",
      "locations": {
        "ALL": {
          "price": 5.95,
          "discountRate": 50,
          "promo": "",
          "orgPrice": 11.9
        }
      },
      "categoryIds": ["w-health-beauty"],
      "similarProducts": []
    },
    {
      "id": "w-799295-8851932348317",
      "name": "Dove Nutritive Solutions Shampoo Intensive Repair",
      "brand": "Dove",
      "imageUrls": "https://cdn0.woolworths.media/content/wowproductimages/large/799295.jpg",
      "storeId": "woolworths",
      "packageSize": "320ml",
      "cupPrice": "$1.08 / 100ML",
      "locations": {
        "ALL": {
          "price": 3.45,
          "discountRate": 50,
          "promo": "",
          "orgPrice": 6.9
        }
      },
      "categoryIds": ["w-health-beauty"],
      "similarProducts": []
    },
    {
      "id": "w-799332-8851932348348",
      "name": "Dove Nutritive Solutions Daily Moisture Shampoo",
      "brand": "Dove",
      "imageUrls": "https://cdn0.woolworths.media/content/wowproductimages/large/799332.jpg",
      "storeId": "woolworths",
      "packageSize": "640ml",
      "cupPrice": "$0.93 / 100ML",
      "locations": {
        "ALL": {
          "price": 5.95,
          "discountRate": 50,
          "promo": "",
          "orgPrice": 11.9
        }
      },
      "categoryIds": ["w-health-beauty"],
      "similarProducts": []
    },
    {
      "id": "w-799297-8851932348386",
      "name": "Dove Nutritive Solutions Hair Conditioner Daily Moisture",
      "brand": "Dove",
      "imageUrls": "https://cdn0.woolworths.media/content/wowproductimages/large/799297.jpg",
      "storeId": "woolworths",
      "packageSize": "320ml",
      "cupPrice": "$1.08 / 100ML",
      "locations": {
        "ALL": {
          "price": 3.45,
          "discountRate": 50,
          "promo": "",
          "orgPrice": 6.9
        }
      },
      "categoryIds": ["w-health-beauty"],
      "similarProducts": []
    },
    {
      "id": "w-799239-8851932348300",
      "name": "Dove Nutritive Solutions Hair Shampoo Daily Moisture",
      "brand": "Dove",
      "imageUrls": "https://cdn0.woolworths.media/content/wowproductimages/large/799239.jpg",
      "storeId": "woolworths",
      "packageSize": "320ml",
      "cupPrice": "$1.08 / 100ML",
      "locations": {
        "ALL": {
          "price": 3.45,
          "discountRate": 50,
          "promo": "",
          "orgPrice": 6.9
        }
      },
      "categoryIds": ["w-health-beauty"],
      "similarProducts": []
    },
    {
      "id": "w-661640-9300830043057",
      "name": "Dove Restoring Ritual Conditioner",
      "brand": "Dove",
      "imageUrls": "https://cdn0.woolworths.media/content/wowproductimages/large/661640.jpg",
      "storeId": "woolworths",
      "packageSize": "320ml",
      "cupPrice": "$1.08 / 100ML",
      "locations": {
        "ALL": {
          "price": 3.45,
          "discountRate": 50,
          "promo": "",
          "orgPrice": 6.9
        }
      },
      "categoryIds": ["w-health-beauty"],
      "similarProducts": []
    },
    {
      "id": "w-878-9300663278336",
      "name": "Dove Sensitive Beauty Bar Soap Hypo-allergenic",
      "brand": "Dove",
      "imageUrls": "https://cdn0.woolworths.media/content/wowproductimages/large/000878.jpg",
      "storeId": "woolworths",
      "packageSize": "2x100g",
      "cupPrice": "$0.95 / 100G",
      "locations": {
        "ALL": {
          "price": 1.9,
          "discountRate": 50,
          "promo": "",
          "orgPrice": 3.8
        }
      },
      "categoryIds": ["w-health-beauty"],
      "similarProducts": []
    },
    {
      "id": "w-380811-9300830001514",
      "name": "Dove Sensitive Body Wash Hypo-allergenic",
      "brand": "Dove",
      "imageUrls": "https://cdn0.woolworths.media/content/wowproductimages/large/380811.jpg",
      "storeId": "woolworths",
      "packageSize": "1l",
      "cupPrice": "$0.69 / 100ML",
      "locations": {
        "ALL": {
          "price": 6.85,
          "discountRate": 50,
          "promo": "",
          "orgPrice": 13.7
        }
      },
      "categoryIds": ["w-health-beauty"],
      "similarProducts": []
    },
    {
      "id": "w-609021-8851932374965",
      "name": "Dove Shampoo Daily Care",
      "brand": "Dove",
      "imageUrls": "https://cdn0.woolworths.media/content/wowproductimages/large/609021.jpg",
      "storeId": "woolworths",
      "packageSize": "640ml",
      "cupPrice": "$0.93 / 100ML",
      "locations": {
        "ALL": {
          "price": 5.95,
          "discountRate": 50,
          "promo": "",
          "orgPrice": 11.9
        }
      },
      "categoryIds": ["w-health-beauty"],
      "similarProducts": []
    },
    {
      "id": "w-609020-8851932374989",
      "name": "Dove Shampoo Daily Care",
      "brand": "Dove",
      "imageUrls": "https://cdn0.woolworths.media/content/wowproductimages/large/609020.jpg",
      "storeId": "woolworths",
      "packageSize": "320ml",
      "cupPrice": "$1.08 / 100ML",
      "locations": {
        "ALL": {
          "price": 3.45,
          "discountRate": 50,
          "promo": "",
          "orgPrice": 6.9
        }
      },
      "categoryIds": ["w-health-beauty"],
      "similarProducts": []
    },
    {
      "id": "w-856956-9300830050802",
      "name": "Dove Shampoo Destress Ritual",
      "brand": "Dove",
      "imageUrls": "https://cdn0.woolworths.media/content/wowproductimages/large/856956.jpg",
      "storeId": "woolworths",
      "packageSize": "320ml",
      "cupPrice": "$1.08 / 100ML",
      "locations": {
        "ALL": {
          "price": 3.45,
          "discountRate": 50,
          "promo": "",
          "orgPrice": 6.9
        }
      },
      "categoryIds": ["w-health-beauty"],
      "similarProducts": []
    },
    {
      "id": "w-82541-9300830053568",
      "name": "Dove Shampoo Dermacare Anti Dandruff Clean & Fresh",
      "brand": "Dove",
      "imageUrls": "https://cdn0.woolworths.media/content/wowproductimages/large/082541.jpg",
      "storeId": "woolworths",
      "packageSize": "300ml",
      "cupPrice": "$1.83 / 100ML",
      "locations": {
        "ALL": {
          "price": 5.5,
          "discountRate": 50,
          "promo": "",
          "orgPrice": 11
        }
      },
      "categoryIds": ["w-health-beauty"],
      "similarProducts": []
    },
    {
      "id": "w-85693-9300830053612",
      "name": "Dove Shampoo Dermacare Anti Dandruff Coconut & Hydration",
      "brand": "Dove",
      "imageUrls": "https://cdn0.woolworths.media/content/wowproductimages/large/085693.jpg",
      "storeId": "woolworths",
      "packageSize": "300ml",
      "cupPrice": "$1.83 / 100ML",
      "locations": {
        "ALL": {
          "price": 5.5,
          "discountRate": 50,
          "promo": "",
          "orgPrice": 11
        }
      },
      "categoryIds": ["w-health-beauty"],
      "similarProducts": []
    },
    {
      "id": "w-661636-9300830043200",
      "name": "Dove Strengthen Ritual Conditioner",
      "brand": "Dove",
      "imageUrls": "https://cdn0.woolworths.media/content/wowproductimages/large/661636.jpg",
      "storeId": "woolworths",
      "packageSize": "320ml",
      "cupPrice": "$1.08 / 100ML",
      "locations": {
        "ALL": {
          "price": 3.45,
          "discountRate": 50,
          "promo": "",
          "orgPrice": 6.9
        }
      },
      "categoryIds": ["w-health-beauty"],
      "similarProducts": []
    },
    {
      "id": "w-661507-9300830043095",
      "name": "Dove Strengthen Ritual Shampoo",
      "brand": "Dove",
      "imageUrls": "https://cdn0.woolworths.media/content/wowproductimages/large/661507.jpg",
      "storeId": "woolworths",
      "packageSize": "320ml",
      "cupPrice": "$1.08 / 100ML",
      "locations": {
        "ALL": {
          "price": 3.45,
          "discountRate": 50,
          "promo": "",
          "orgPrice": 6.9
        }
      },
      "categoryIds": ["w-health-beauty"],
      "similarProducts": []
    },
    {
      "id": "w-841525-9300830024469",
      "name": "Dove Women Antiperspirant Deodorant Spray Original",
      "brand": "Dove",
      "imageUrls": "https://cdn0.woolworths.media/content/wowproductimages/large/841525.jpg",
      "storeId": "woolworths",
      "packageSize": "250ml",
      "cupPrice": "$1.40 / 100ML",
      "locations": {
        "ALL": {
          "price": 3.5,
          "discountRate": 50,
          "promo": "",
          "orgPrice": 7
        }
      },
      "categoryIds": ["w-health-beauty"],
      "similarProducts": []
    },
    {
      "id": "w-637133-9300830038169",
      "name": "Dove Women Antiperspirant Aerosol Deodorant Go Fresh",
      "brand": "Dove",
      "imageUrls": "https://cdn0.woolworths.media/content/wowproductimages/large/637133.jpg",
      "storeId": "woolworths",
      "packageSize": "169ml",
      "cupPrice": "$1.48 / 100ML",
      "locations": {
        "ALL": {
          "price": 2.5,
          "discountRate": 50,
          "promo": "",
          "orgPrice": 5
        }
      },
      "categoryIds": ["w-health-beauty"],
      "similarProducts": []
    },
    {
      "id": "w-1096-9300663404100",
      "name": "Dove Women Antiperspirant Aerosol Deodorant Original",
      "brand": "Dove",
      "imageUrls": "https://cdn0.woolworths.media/content/wowproductimages/large/001096.jpg",
      "storeId": "woolworths",
      "packageSize": "169ml",
      "cupPrice": "$1.48 / 100ML",
      "locations": {
        "ALL": {
          "price": 2.5,
          "discountRate": 50,
          "promo": "",
          "orgPrice": 5
        }
      },
      "categoryIds": ["w-health-beauty"],
      "similarProducts": [
        { "productId": "cw-3595", "storeId": "chemist-warehouse" },
        { "productId": "cw-75826", "storeId": "chemist-warehouse" }
      ]
    },
    {
      "id": "w-841538-9300830024476",
      "name": "Dove Women Antiperspirant Aerosol Invisible Dry Anti White Marks",
      "brand": "Dove",
      "imageUrls": "https://cdn0.woolworths.media/content/wowproductimages/large/841538.jpg",
      "storeId": "woolworths",
      "packageSize": "250ml",
      "cupPrice": "$1.40 / 100ML",
      "locations": {
        "ALL": {
          "price": 3.5,
          "discountRate": 50,
          "promo": "",
          "orgPrice": 7
        }
      },
      "categoryIds": ["w-health-beauty"],
      "similarProducts": []
    },
    {
      "id": "w-328360-93830317",
      "name": "Dove Women Antiperspirant Deodorant Stick Original",
      "brand": "Dove",
      "imageUrls": "https://cdn0.woolworths.media/content/wowproductimages/large/328360.jpg",
      "storeId": "woolworths",
      "packageSize": "40g",
      "cupPrice": "$7.50 / 100G",
      "locations": {
        "ALL": { "price": 3, "discountRate": 50, "promo": "", "orgPrice": 6 }
      },
      "categoryIds": ["w-health-beauty"],
      "similarProducts": []
    },
    {
      "id": "w-672033-9300830043033",
      "name": "Dove Women Antiperspirant Floral Deodorant Invisible Dry Touch",
      "brand": "Dove",
      "imageUrls": "https://cdn0.woolworths.media/content/wowproductimages/large/672033.jpg",
      "storeId": "woolworths",
      "packageSize": "250ml",
      "cupPrice": "$1.40 / 100ML",
      "locations": {
        "ALL": {
          "price": 3.5,
          "discountRate": 50,
          "promo": "",
          "orgPrice": 7
        }
      },
      "categoryIds": ["w-health-beauty"],
      "similarProducts": [
        { "productId": "cw-75823", "storeId": "chemist-warehouse" },
        { "productId": "cw-75829", "storeId": "chemist-warehouse" }
      ]
    },
    {
      "id": "w-841537-9300830024483",
      "name": "Dove Women Antiperspirant Go Fresh Cucumber & Green Tea",
      "brand": "Dove",
      "imageUrls": "https://cdn0.woolworths.media/content/wowproductimages/large/841537.jpg",
      "storeId": "woolworths",
      "packageSize": "250ml",
      "cupPrice": "$1.40 / 100ML",
      "locations": {
        "ALL": {
          "price": 3.5,
          "discountRate": 50,
          "promo": "",
          "orgPrice": 7
        }
      },
      "categoryIds": ["w-health-beauty"],
      "similarProducts": []
    },
    {
      "id": "w-841546-4800888189684",
      "name": "Dove Women Antiperspirant Roll On Deodorant Pomegranate",
      "brand": "Dove",
      "imageUrls": "https://cdn0.woolworths.media/content/wowproductimages/large/841546.jpg",
      "storeId": "woolworths",
      "packageSize": "50ml",
      "cupPrice": "$3.90 / 100ML",
      "locations": {
        "ALL": {
          "price": 1.95,
          "discountRate": 50,
          "promo": "",
          "orgPrice": 3.9
        }
      },
      "categoryIds": ["w-health-beauty"],
      "similarProducts": [
        { "productId": "cw-3595", "storeId": "chemist-warehouse" },
        { "productId": "cw-79212", "storeId": "chemist-warehouse" }
      ]
    },
    {
      "id": "w-328741-9300663459612",
      "name": "Dove Women Clinical Protection Antiperspirant Fresh Touch",
      "brand": "Dove",
      "imageUrls": "https://cdn0.woolworths.media/content/wowproductimages/large/328741.jpg",
      "storeId": "woolworths",
      "packageSize": "45ml",
      "cupPrice": "$14.44 / 100ML",
      "locations": {
        "ALL": {
          "price": 6.5,
          "discountRate": 50,
          "promo": "",
          "orgPrice": 13
        }
      },
      "categoryIds": ["w-health-beauty"],
      "similarProducts": [
        { "productId": "cw-90349", "storeId": "chemist-warehouse" }
      ]
    },
    {
      "id": "w-815595-4800888208415",
      "name": "Dove Women Clinical Roll On Fresh Touch",
      "brand": "Dove",
      "imageUrls": "https://cdn0.woolworths.media/content/wowproductimages/large/815595.jpg",
      "storeId": "woolworths",
      "packageSize": "50ml",
      "cupPrice": "$8.00 / 100ML",
      "locations": {
        "ALL": { "price": 4, "discountRate": 50, "promo": "", "orgPrice": 8 }
      },
      "categoryIds": ["w-health-beauty"],
      "similarProducts": []
    },
    {
      "id": "w-814820-9300830049196",
      "name": "Dove Women Clinical Spray Fresh Touch",
      "brand": "Dove",
      "imageUrls": "https://cdn0.woolworths.media/content/wowproductimages/large/814820.jpg",
      "storeId": "woolworths",
      "packageSize": "180ml",
      "cupPrice": "$2.78 / 100ML",
      "locations": {
        "ALL": { "price": 5, "discountRate": 50, "promo": "", "orgPrice": 10 }
      },
      "categoryIds": ["w-health-beauty"],
      "similarProducts": []
    },
    {
      "id": "w-1597-93666466",
      "name": "Dove Women Deodorant Original Clean Alcohol Free",
      "brand": "Dove",
      "imageUrls": "https://cdn0.woolworths.media/content/wowproductimages/large/001597.jpg",
      "storeId": "woolworths",
      "packageSize": "45ml",
      "cupPrice": "$3.90 / 100ML",
      "locations": {
        "ALL": {
          "price": 1.95,
          "discountRate": 50,
          "promo": "",
          "orgPrice": 3.9
        }
      },
      "categoryIds": ["w-health-beauty"],
      "similarProducts": []
    },
    {
      "id": "w-667516-4800888202147",
      "name": "Dove Women Deodorant Stick Fresh Pomegranate",
      "brand": "Dove",
      "imageUrls": "https://cdn0.woolworths.media/content/wowproductimages/large/667516.jpg",
      "storeId": "woolworths",
      "packageSize": "40g",
      "cupPrice": "$7.50 / 100G",
      "locations": {
        "ALL": { "price": 3, "discountRate": 50, "promo": "", "orgPrice": 6 }
      },
      "categoryIds": ["w-health-beauty"],
      "similarProducts": []
    },
    {
      "id": "w-841533-9300830024490",
      "name": "Dove Women Antiperspirant Aerosol Deodorant Go Fresh Pomegranate",
      "brand": "Dove",
      "imageUrls": "https://cdn0.woolworths.media/content/wowproductimages/large/841533.jpg",
      "storeId": "woolworths",
      "packageSize": "250ml",
      "cupPrice": "$1.40 / 100ML",
      "locations": {
        "ALL": {
          "price": 3.5,
          "discountRate": 50,
          "promo": "",
          "orgPrice": 7
        }
      },
      "categoryIds": ["w-health-beauty"],
      "similarProducts": [
        { "productId": "cw-76435", "storeId": "chemist-warehouse" },
        { "productId": "cw-75827", "storeId": "chemist-warehouse" }
      ]
    },
    {
      "id": "w-805876-9300631537458",
      "name": "E45 Moisturising Cream For Dry Skin And Eczema",
      "brand": "E45",
      "imageUrls": "https://cdn0.woolworths.media/content/wowproductimages/large/805876.jpg",
      "storeId": "woolworths",
      "packageSize": "50g",
      "cupPrice": "$9.00 / 100G",
      "locations": {
        "ALL": {
          "price": 4.5,
          "discountRate": 31,
          "promo": "",
          "orgPrice": 6.5
        }
      },
      "categoryIds": ["w-health-beauty"],
      "similarProducts": [
        { "productId": "cw-91148", "storeId": "chemist-warehouse" },
        { "productId": "cw-91147", "storeId": "chemist-warehouse" },
        { "productId": "cw-91149", "storeId": "chemist-warehouse" }
      ]
    },
    {
      "id": "w-805230-9300631467021",
      "name": "E45 Moisturising Cream For Dry Skin And Eczema",
      "brand": "E45",
      "imageUrls": "https://cdn0.woolworths.media/content/wowproductimages/large/805230.jpg",
      "storeId": "woolworths",
      "packageSize": "125g",
      "cupPrice": "$6.16 / 100G",
      "locations": {
        "ALL": {
          "price": 7.7,
          "discountRate": 30,
          "promo": "",
          "orgPrice": 11
        }
      },
      "categoryIds": ["w-health-beauty"],
      "similarProducts": [
        { "productId": "cw-91148", "storeId": "chemist-warehouse" },
        { "productId": "cw-91147", "storeId": "chemist-warehouse" },
        { "productId": "cw-91149", "storeId": "chemist-warehouse" }
      ]
    },
    {
      "id": "w-805240-9300631537434",
      "name": "E45 Moisturising Lotion For Dry Skin",
      "brand": "E45",
      "imageUrls": "https://cdn0.woolworths.media/content/wowproductimages/large/805240.jpg",
      "storeId": "woolworths",
      "packageSize": "200ml",
      "cupPrice": "$4.35 / 100ML",
      "locations": {
        "ALL": {
          "price": 8.7,
          "discountRate": 30,
          "promo": "",
          "orgPrice": 12.5
        }
      },
      "categoryIds": ["w-health-beauty"],
      "similarProducts": [
        { "productId": "cw-91151", "storeId": "chemist-warehouse" },
        { "productId": "cw-91150", "storeId": "chemist-warehouse" }
      ]
    },
    {
      "id": "w-476708-9314807049638",
      "name": "Ease A Cold Day Cough Cold & Flu Capsules",
      "brand": "Ease A Cold",
      "imageUrls": "https://cdn0.woolworths.media/content/wowproductimages/large/476708.jpg",
      "storeId": "woolworths",
      "packageSize": "20 pack",
      "cupPrice": "$0.70 / 1EA",
      "locations": {
        "ALL": {
          "price": 14,
          "discountRate": 22,
          "promo": "",
          "orgPrice": 18
        }
      },
      "categoryIds": ["w-health-beauty"],
      "similarProducts": []
    },
    {
      "id": "w-169812-9314807021207",
      "name": "Ease A Cold Tablets Day & Night",
      "brand": "Ease A Cold",
      "imageUrls": "https://cdn0.woolworths.media/content/wowproductimages/large/169812.jpg",
      "storeId": "woolworths",
      "packageSize": "30pk",
      "cupPrice": "$0.33 / 1EA",
      "locations": {
        "ALL": {
          "price": 10,
          "discountRate": 31,
          "promo": "",
          "orgPrice": 14.5
        }
      },
      "categoryIds": ["w-health-beauty"],
      "similarProducts": []
    },
    {
      "id": "w-677751-9420015013467",
      "name": "Ecostore Conditioner Normal Hair",
      "brand": "Ecostore",
      "imageUrls": "https://cdn0.woolworths.media/content/wowproductimages/large/677751.jpg",
      "storeId": "woolworths",
      "packageSize": "350ml",
      "cupPrice": "$2.00 / 100ML",
      "locations": {
        "ALL": { "price": 7, "discountRate": 50, "promo": "", "orgPrice": 14 }
      },
      "categoryIds": ["w-health-beauty"],
      "similarProducts": []
    },
    {
      "id": "w-688723-9420015012538",
      "name": "Ecostore Mouthwash Complete Care",
      "brand": "Ecostore",
      "imageUrls": "https://cdn0.woolworths.media/content/wowproductimages/large/688723.jpg",
      "storeId": "woolworths",
      "packageSize": "450ml",
      "cupPrice": "$1.00 / 100ML",
      "locations": {
        "ALL": {
          "price": 4.5,
          "discountRate": 50,
          "promo": "",
          "orgPrice": 9
        }
      },
      "categoryIds": ["w-health-beauty"],
      "similarProducts": []
    },
    {
      "id": "w-677750-9420015013511",
      "name": "Ecostore Shampoo Normal Hair",
      "brand": "Ecostore",
      "imageUrls": "https://cdn0.woolworths.media/content/wowproductimages/large/677750.jpg",
      "storeId": "woolworths",
      "packageSize": "350ml",
      "cupPrice": "$2.00 / 100ML",
      "locations": {
        "ALL": { "price": 7, "discountRate": 50, "promo": "", "orgPrice": 14 }
      },
      "categoryIds": ["w-health-beauty"],
      "similarProducts": []
    },
    {
      "id": "w-307400-9420015001228",
      "name": "Ecostore Soap Bar Coconut",
      "brand": "Ecostore",
      "imageUrls": "https://cdn0.woolworths.media/content/wowproductimages/large/307400.jpg",
      "storeId": "woolworths",
      "packageSize": "80g",
      "cupPrice": "$1.88 / 100G",
      "locations": {
        "ALL": {
          "price": 1.5,
          "discountRate": 42,
          "promo": "",
          "orgPrice": 2.59
        }
      },
      "categoryIds": ["w-health-beauty"],
      "similarProducts": []
    },
    {
      "id": "w-268168-9420015001204",
      "name": "Ecostore Soap Bar Lemongrass",
      "brand": "Ecostore",
      "imageUrls": "https://cdn0.woolworths.media/content/wowproductimages/large/268168.jpg",
      "storeId": "woolworths",
      "packageSize": "80g",
      "cupPrice": "$1.88 / 100G",
      "locations": {
        "ALL": {
          "price": 1.5,
          "discountRate": 42,
          "promo": "",
          "orgPrice": 2.59
        }
      },
      "categoryIds": ["w-health-beauty"],
      "similarProducts": []
    },
    {
      "id": "w-688721-9420015012453",
      "name": "Ecostore Toothpaste Whitening Care",
      "brand": "Ecostore",
      "imageUrls": "https://cdn0.woolworths.media/content/wowproductimages/large/688721.jpg",
      "storeId": "woolworths",
      "packageSize": "100g",
      "cupPrice": "$3.50 / 100G",
      "locations": {
        "ALL": {
          "price": 3.5,
          "discountRate": 50,
          "promo": "",
          "orgPrice": 7
        }
      },
      "categoryIds": ["w-health-beauty"],
      "similarProducts": []
    },
    {
      "id": "w-195254-4005800043000",
      "name": "Elastoplast Aqua Protect Plasters Waterproof",
      "brand": "Elastoplast",
      "imageUrls": "https://cdn0.woolworths.media/content/wowproductimages/large/195254.jpg",
      "storeId": "woolworths",
      "packageSize": "40pk",
      "cupPrice": "$0.11 / 1EA",
      "locations": {
        "ALL": {
          "price": 4.5,
          "discountRate": 10,
          "promo": "",
          "orgPrice": 5
        }
      },
      "categoryIds": ["w-health-beauty"],
      "similarProducts": []
    },
    {
      "id": "w-661630-4005802178441",
      "name": "Elastoplast Be Happy Plasters",
      "brand": "Elastoplast",
      "imageUrls": "https://cdn0.woolworths.media/content/wowproductimages/large/661630.jpg",
      "storeId": "woolworths",
      "packageSize": "16 pack",
      "cupPrice": "$0.14 / 1EA",
      "locations": {
        "ALL": {
          "price": 2.2,
          "discountRate": 15,
          "promo": "",
          "orgPrice": 2.6
        }
      },
      "categoryIds": ["w-health-beauty"],
      "similarProducts": []
    },
    {
      "id": "w-710384-4005800004117",
      "name": "Elastoplast Fabric Plasters Antibacterial",
      "brand": "Elastoplast",
      "imageUrls": "https://cdn0.woolworths.media/content/wowproductimages/large/710384.jpg",
      "storeId": "woolworths",
      "packageSize": "20pk",
      "cupPrice": "$0.19 / 1EA",
      "locations": {
        "ALL": {
          "price": 3.7,
          "discountRate": 12,
          "promo": "",
          "orgPrice": 4.2
        }
      },
      "categoryIds": ["w-health-beauty"],
      "similarProducts": []
    },
    {
      "id": "w-30276-4005800246258",
      "name": "Elastoplast Fabric Plasters Extra Flexible",
      "brand": "Elastoplast",
      "imageUrls": "https://cdn0.woolworths.media/content/wowproductimages/large/030276.jpg",
      "storeId": "woolworths",
      "packageSize": "20pk",
      "cupPrice": "$0.15 / 1EA",
      "locations": {
        "ALL": {
          "price": 3,
          "discountRate": 9,
          "promo": "",
          "orgPrice": 3.29
        }
      },
      "categoryIds": ["w-health-beauty"],
      "similarProducts": []
    },
    {
      "id": "w-195124-4005800246241",
      "name": "Elastoplast Fabric Strips Sterile",
      "brand": "Elastoplast",
      "imageUrls": "https://cdn0.woolworths.media/content/wowproductimages/large/195124.jpg",
      "storeId": "woolworths",
      "packageSize": "40pk",
      "cupPrice": "$0.09 / 1EA",
      "locations": {
        "ALL": {
          "price": 3.6,
          "discountRate": 10,
          "promo": "",
          "orgPrice": 4
        }
      },
      "categoryIds": ["w-health-beauty"],
      "similarProducts": []
    },
    {
      "id": "w-720363-4005800030567",
      "name": "Elastoplast Fabric Strips Waterproof",
      "brand": "Elastoplast",
      "imageUrls": "https://cdn0.woolworths.media/content/wowproductimages/large/720363.jpg",
      "storeId": "woolworths",
      "packageSize": "16pk",
      "cupPrice": "$0.23 / 1EA",
      "locations": {
        "ALL": {
          "price": 3.65,
          "discountRate": 15,
          "promo": "",
          "orgPrice": 4.29
        }
      },
      "categoryIds": ["w-health-beauty"],
      "similarProducts": []
    },
    {
      "id": "w-200814-4005800246203",
      "name": "Elastoplast Plastic Plasters Water-resistant",
      "brand": "Elastoplast",
      "imageUrls": "https://cdn0.woolworths.media/content/wowproductimages/large/200814.jpg",
      "storeId": "woolworths",
      "packageSize": "40pk",
      "cupPrice": "$0.07 / 1EA",
      "locations": {
        "ALL": {
          "price": 2.7,
          "discountRate": 10,
          "promo": "",
          "orgPrice": 3
        }
      },
      "categoryIds": ["w-health-beauty"],
      "similarProducts": []
    },
    {
      "id": "w-485734-9421008702443",
      "name": "Essano Argan Oil Hair Recovery Serum",
      "brand": "Essano",
      "imageUrls": "https://cdn0.woolworths.media/content/wowproductimages/large/485734.jpg",
      "storeId": "woolworths",
      "packageSize": "50ml",
      "cupPrice": "$16.00 / 100ML",
      "locations": {
        "ALL": { "price": 8, "discountRate": 50, "promo": "", "orgPrice": 16 }
      },
      "categoryIds": ["w-health-beauty"],
      "similarProducts": [
        { "productId": "cw-82760", "storeId": "chemist-warehouse" }
      ]
    },
    {
      "id": "w-487314-9421008702610",
      "name": "Essano Certified Organic Mist Toner",
      "brand": "Essano",
      "imageUrls": "https://cdn0.woolworths.media/content/wowproductimages/large/487314.jpg",
      "storeId": "woolworths",
      "packageSize": "120ml",
      "cupPrice": "$7.50 / 100ML",
      "locations": {
        "ALL": { "price": 9, "discountRate": 31, "promo": "", "orgPrice": 13 }
      },
      "categoryIds": ["w-health-beauty"],
      "similarProducts": []
    },
    {
      "id": "w-34483-9421008705215",
      "name": "Essano Collagen Boost Dar Cr?me",
      "brand": "Essano",
      "imageUrls": "https://cdn0.woolworths.media/content/wowproductimages/large/034483.jpg",
      "storeId": "woolworths",
      "packageSize": "140ml",
      "cupPrice": "$12.50 / 100ML",
      "locations": {
        "ALL": {
          "price": 17.5,
          "discountRate": 30,
          "promo": "",
          "orgPrice": 25
        }
      },
      "categoryIds": ["w-health-beauty"],
      "similarProducts": []
    },
    {
      "id": "w-36055-9421008705154",
      "name": "Essano Collagen Boost Eye Cr?me",
      "brand": "Essano",
      "imageUrls": "https://cdn0.woolworths.media/content/wowproductimages/large/036055.jpg",
      "storeId": "woolworths",
      "packageSize": "10g",
      "cupPrice": "$140.00 / 100G",
      "locations": {
        "ALL": {
          "price": 14,
          "discountRate": 30,
          "promo": "",
          "orgPrice": 20
        }
      },
      "categoryIds": ["w-health-beauty"],
      "similarProducts": []
    },
    {
      "id": "w-34475-9421008705161",
      "name": "Essano Collagen Boost Facial Oil",
      "brand": "Essano",
      "imageUrls": "https://cdn0.woolworths.media/content/wowproductimages/large/034475.jpg",
      "storeId": "woolworths",
      "packageSize": "20ml",
      "cupPrice": "$70.00 / 100ML",
      "locations": {
        "ALL": {
          "price": 14,
          "discountRate": 30,
          "promo": "",
          "orgPrice": 20
        }
      },
      "categoryIds": ["w-health-beauty"],
      "similarProducts": []
    },
    {
      "id": "w-485733-9421008702436",
      "name": "Essano Conditioner Hydrating Coconut Milk",
      "brand": "Essano",
      "imageUrls": "https://cdn0.woolworths.media/content/wowproductimages/large/485733.jpg",
      "storeId": "woolworths",
      "packageSize": "300ml",
      "cupPrice": "$2.67 / 100ML",
      "locations": {
        "ALL": { "price": 8, "discountRate": 50, "promo": "", "orgPrice": 16 }
      },
      "categoryIds": ["w-health-beauty"],
      "similarProducts": []
    },
    {
      "id": "w-485730-9421008702399",
      "name": "Essano Conditioner Nourishing Argan Oil",
      "brand": "Essano",
      "imageUrls": "https://cdn0.woolworths.media/content/wowproductimages/large/485730.jpg",
      "storeId": "woolworths",
      "packageSize": "300ml",
      "cupPrice": "$2.67 / 100ML",
      "locations": {
        "ALL": { "price": 8, "discountRate": 50, "promo": "", "orgPrice": 16 }
      },
      "categoryIds": ["w-health-beauty"],
      "similarProducts": []
    },
    {
      "id": "w-485731-9421008702412",
      "name": "Essano Conditioner Soothing Keratin Complex",
      "brand": "Essano",
      "imageUrls": "https://cdn0.woolworths.media/content/wowproductimages/large/485731.jpg",
      "storeId": "woolworths",
      "packageSize": "300ml",
      "cupPrice": "$2.67 / 100ML",
      "locations": {
        "ALL": { "price": 8, "discountRate": 50, "promo": "", "orgPrice": 16 }
      },
      "categoryIds": ["w-health-beauty"],
      "similarProducts": []
    },
    {
      "id": "w-794600-9421008702573",
      "name": "Essano Conditioner Micellar Water",
      "brand": "Essano",
      "imageUrls": "https://cdn0.woolworths.media/content/wowproductimages/large/794600.jpg",
      "storeId": "woolworths",
      "packageSize": "300ml",
      "cupPrice": "$2.67 / 100ML",
      "locations": {
        "ALL": { "price": 8, "discountRate": 50, "promo": "", "orgPrice": 16 }
      },
      "categoryIds": ["w-health-beauty"],
      "similarProducts": []
    },
    {
      "id": "w-968353-9421008702368",
      "name": "Essano Rosehip Collagen Repair Night Cream",
      "brand": "Essano",
      "imageUrls": "https://cdn0.woolworths.media/content/wowproductimages/large/968353.jpg",
      "storeId": "woolworths",
      "packageSize": "50g",
      "cupPrice": "$0.00 / 100",
      "locations": {
        "ALL": {
          "price": 17.5,
          "discountRate": 30,
          "promo": "",
          "orgPrice": 25
        }
      },
      "categoryIds": ["w-health-beauty"],
      "similarProducts": []
    },
    {
      "id": "w-966925-9421008702375",
      "name": "Essano Rosehip Facial Cleansing Gentle Micellar Water",
      "brand": "Essano",
      "imageUrls": "https://cdn0.woolworths.media/content/wowproductimages/large/966925.jpg",
      "storeId": "woolworths",
      "packageSize": "400ml",
      "cupPrice": "$2.25 / 100ML",
      "locations": {
        "ALL": { "price": 9, "discountRate": 31, "promo": "", "orgPrice": 13 }
      },
      "categoryIds": ["w-health-beauty"],
      "similarProducts": []
    },
    {
      "id": "w-802157-9421008702153",
      "name": "Essano Rosehip Facial Exfoliator Gentle",
      "brand": "Essano",
      "imageUrls": "https://cdn0.woolworths.media/content/wowproductimages/large/802157.jpg",
      "storeId": "woolworths",
      "packageSize": "100ml",
      "cupPrice": "$10.50 / 100ML",
      "locations": {
        "ALL": {
          "price": 10.5,
          "discountRate": 30,
          "promo": "",
          "orgPrice": 15
        }
      },
      "categoryIds": ["w-health-beauty"],
      "similarProducts": [
        { "productId": "cw-86655", "storeId": "chemist-warehouse" }
      ]
    },
    {
      "id": "w-772431-9421008702023",
      "name": "Essano Rosehip Facial Moisturiser",
      "brand": "Essano",
      "imageUrls": "https://cdn0.woolworths.media/content/wowproductimages/large/772431.jpg",
      "storeId": "woolworths",
      "packageSize": "140ml",
      "cupPrice": "$10.00 / 100ML",
      "locations": {
        "ALL": {
          "price": 14,
          "discountRate": 30,
          "promo": "",
          "orgPrice": 20
        }
      },
      "categoryIds": ["w-health-beauty"],
      "similarProducts": []
    },
    {
      "id": "w-772397-9421008702047",
      "name": "Essano Rosehip Moisture Restorative Night Creme",
      "brand": "Essano",
      "imageUrls": "https://cdn0.woolworths.media/content/wowproductimages/large/772397.jpg",
      "storeId": "woolworths",
      "packageSize": "50g",
      "cupPrice": "$28.00 / 100G",
      "locations": {
        "ALL": {
          "price": 14,
          "discountRate": 30,
          "promo": "",
          "orgPrice": 20
        }
      },
      "categoryIds": ["w-health-beauty"],
      "similarProducts": [
        { "productId": "cw-82643", "storeId": "chemist-warehouse" }
      ]
    },
    {
      "id": "w-487315-9421008702269",
      "name": "Essano Rosehip Moisturising Creme Cleanser",
      "brand": "Essano",
      "imageUrls": "https://cdn0.woolworths.media/content/wowproductimages/large/487315.jpg",
      "storeId": "woolworths",
      "packageSize": "100ml",
      "cupPrice": "$10.50 / 100ML",
      "locations": {
        "ALL": {
          "price": 10.5,
          "discountRate": 30,
          "promo": "",
          "orgPrice": 15
        }
      },
      "categoryIds": ["w-health-beauty"],
      "similarProducts": []
    },
    {
      "id": "w-772386-9421008702115",
      "name": "Essano Rosehip Treat Your Skin Pack",
      "brand": "Essano",
      "imageUrls": "https://cdn0.woolworths.media/content/wowproductimages/large/772386.jpg",
      "storeId": "woolworths",
      "packageSize": "102ml",
      "cupPrice": "$0.00 / 0",
      "locations": {
        "ALL": {
          "price": 17.5,
          "discountRate": 30,
          "promo": "",
          "orgPrice": 25
        }
      },
      "categoryIds": ["w-health-beauty"],
      "similarProducts": []
    },
    {
      "id": "w-485732-9421008702429",
      "name": "Essano Shampoo Hydrating Coconut Milk",
      "brand": "Essano",
      "imageUrls": "https://cdn0.woolworths.media/content/wowproductimages/large/485732.jpg",
      "storeId": "woolworths",
      "packageSize": "300ml",
      "cupPrice": "$2.67 / 100ML",
      "locations": {
        "ALL": { "price": 8, "discountRate": 50, "promo": "", "orgPrice": 16 }
      },
      "categoryIds": ["w-health-beauty"],
      "similarProducts": []
    },
    {
      "id": "w-485724-9421008702382",
      "name": "Essano Shampoo Nourishing Argan Oil",
      "brand": "Essano",
      "imageUrls": "https://cdn0.woolworths.media/content/wowproductimages/large/485724.jpg",
      "storeId": "woolworths",
      "packageSize": "300ml",
      "cupPrice": "$2.67 / 100ML",
      "locations": {
        "ALL": { "price": 8, "discountRate": 50, "promo": "", "orgPrice": 16 }
      },
      "categoryIds": ["w-health-beauty"],
      "similarProducts": []
    },
    {
      "id": "w-485725-9421008702405",
      "name": "Essano Shampoo Soothing Keratin Complex",
      "brand": "Essano",
      "imageUrls": "https://cdn0.woolworths.media/content/wowproductimages/large/485725.jpg",
      "storeId": "woolworths",
      "packageSize": "300ml",
      "cupPrice": "$2.67 / 100ML",
      "locations": {
        "ALL": { "price": 8, "discountRate": 50, "promo": "", "orgPrice": 16 }
      },
      "categoryIds": ["w-health-beauty"],
      "similarProducts": []
    },
    {
      "id": "w-791444-9421008702566",
      "name": "Essano Shampoo Micellar Water",
      "brand": "Essano",
      "imageUrls": "https://cdn0.woolworths.media/content/wowproductimages/large/791444.jpg",
      "storeId": "woolworths",
      "packageSize": "300ml",
      "cupPrice": "$2.67 / 100ML",
      "locations": {
        "ALL": { "price": 8, "discountRate": 50, "promo": "", "orgPrice": 16 }
      },
      "categoryIds": ["w-health-beauty"],
      "similarProducts": []
    },
    {
      "id": "w-803891-9310714222416",
      "name": "Extra Care Colour Protect & Shine Shampoo",
      "brand": "Extra Care",
      "imageUrls": "https://cdn0.woolworths.media/content/wowproductimages/large/803891.jpg",
      "storeId": "woolworths",
      "packageSize": "900ml",
      "cupPrice": "$0.78 / 100ML",
      "locations": {
        "ALL": { "price": 7, "discountRate": 50, "promo": "", "orgPrice": 14 }
      },
      "categoryIds": ["w-health-beauty"],
      "similarProducts": []
    },
    {
      "id": "w-803894-9310714222447",
      "name": "Extra Care Fibre Therapy Conditioner",
      "brand": "Extra Care",
      "imageUrls": "https://cdn0.woolworths.media/content/wowproductimages/large/803894.jpg",
      "storeId": "woolworths",
      "packageSize": "900ml",
      "cupPrice": "$0.78 / 100ML",
      "locations": {
        "ALL": { "price": 7, "discountRate": 50, "promo": "", "orgPrice": 14 }
      },
      "categoryIds": ["w-health-beauty"],
      "similarProducts": []
    },
    {
      "id": "w-683991-9310714222065",
      "name": "Extra Care Grape Seed Oil Elixir",
      "brand": "Extra Care",
      "imageUrls": "https://cdn0.woolworths.media/content/wowproductimages/large/683991.jpg",
      "storeId": "woolworths",
      "packageSize": "80ml",
      "cupPrice": "$12.50 / 100ML",
      "locations": {
        "ALL": {
          "price": 10,
          "discountRate": 50,
          "promo": "",
          "orgPrice": 20
        }
      },
      "categoryIds": ["w-health-beauty"],
      "similarProducts": []
    },
    {
      "id": "w-684000-9310714222058",
      "name": "Extra Care Rose Hip Oil Elixir",
      "brand": "Extra Care",
      "imageUrls": "https://cdn0.woolworths.media/content/wowproductimages/large/684000.jpg",
      "storeId": "woolworths",
      "packageSize": "80ml",
      "cupPrice": "$12.50 / 100ML",
      "locations": {
        "ALL": {
          "price": 10,
          "discountRate": 50,
          "promo": "",
          "orgPrice": 20
        }
      },
      "categoryIds": ["w-health-beauty"],
      "similarProducts": []
    },
    {
      "id": "w-803890-9310714222386",
      "name": "Extra Care Ultimate Repair Conditioner",
      "brand": "Extra Care",
      "imageUrls": "https://cdn0.woolworths.media/content/wowproductimages/large/803890.jpg",
      "storeId": "woolworths",
      "packageSize": "900ml",
      "cupPrice": "$0.78 / 100ML",
      "locations": {
        "ALL": { "price": 7, "discountRate": 50, "promo": "", "orgPrice": 14 }
      },
      "categoryIds": ["w-health-beauty"],
      "similarProducts": []
    },
    {
      "id": "w-803889-9310714222379",
      "name": "Extra Care Ultimate Repair Shampoo",
      "brand": "Extra Care",
      "imageUrls": "https://cdn0.woolworths.media/content/wowproductimages/large/803889.jpg",
      "storeId": "woolworths",
      "packageSize": "900ml",
      "cupPrice": "$0.78 / 100ML",
      "locations": {
        "ALL": { "price": 7, "discountRate": 50, "promo": "", "orgPrice": 14 }
      },
      "categoryIds": ["w-health-beauty"],
      "similarProducts": []
    },
    {
      "id": "w-755542-9312426006131",
      "name": "Four Seasons Condoms Naked Closer",
      "brand": "Four Seasons",
      "imageUrls": "https://cdn0.woolworths.media/content/wowproductimages/large/755542.jpg",
      "storeId": "woolworths",
      "packageSize": "12 pack",
      "cupPrice": "$0.53 / 1EA",
      "locations": {
        "ALL": {
          "price": 6.3,
          "discountRate": 10,
          "promo": "",
          "orgPrice": 7
        }
      },
      "categoryIds": ["w-health-beauty"],
      "similarProducts": [
        { "productId": "cw-86976", "storeId": "chemist-warehouse" }
      ]
    },
    {
      "id": "w-341145-9312426005158",
      "name": "Four Seasons Naked Condoms Larger Pack",
      "brand": "Four Seasons",
      "imageUrls": "https://cdn0.woolworths.media/content/wowproductimages/large/341145.jpg",
      "storeId": "woolworths",
      "packageSize": "12 pack",
      "cupPrice": "$0.53 / 1EA",
      "locations": {
        "ALL": {
          "price": 6.3,
          "discountRate": 10,
          "promo": "",
          "orgPrice": 7
        }
      },
      "categoryIds": ["w-health-beauty"],
      "similarProducts": []
    },
    {
      "id": "w-814413-9348918001001",
      "name": "Freshwater Farm Australia Hemp Seed Oil Hydrating Body Bar",
      "brand": "Freshwater Farm Australia",
      "imageUrls": "https://cdn0.woolworths.media/content/wowproductimages/large/814413.jpg",
      "storeId": "woolworths",
      "packageSize": "200g",
      "cupPrice": "$1.13 / 100G",
      "locations": {
        "ALL": {
          "price": 2.25,
          "discountRate": 50,
          "promo": "",
          "orgPrice": 4.5
        }
      },
      "categoryIds": ["w-health-beauty"],
      "similarProducts": [
        { "productId": "cw-98661", "storeId": "chemist-warehouse" }
      ]
    },
    {
      "id": "w-814358-9348918001018",
      "name": "Freshwater Farm Australia Rosewater & Pink Clay Cleansing Bar",
      "brand": "Freshwater Farm Australia",
      "imageUrls": "https://cdn0.woolworths.media/content/wowproductimages/large/814358.jpg",
      "storeId": "woolworths",
      "packageSize": "200g",
      "cupPrice": "$1.13 / 100G",
      "locations": {
        "ALL": {
          "price": 2.25,
          "discountRate": 50,
          "promo": "",
          "orgPrice": 4.5
        }
      },
      "categoryIds": ["w-health-beauty"],
      "similarProducts": [
        { "productId": "cw-98663", "storeId": "chemist-warehouse" }
      ]
    },
    {
      "id": "w-80924-9348918001032",
      "name": "Freshwater Farm Australia Coconut & Desert Lime Refreshing Body Bar",
      "brand": "Freshwater Farm Australia",
      "imageUrls": "https://cdn0.woolworths.media/content/wowproductimages/large/080924.jpg",
      "storeId": "woolworths",
      "packageSize": "200g",
      "cupPrice": "$1.13 / 100G",
      "locations": {
        "ALL": {
          "price": 2.25,
          "discountRate": 50,
          "promo": "",
          "orgPrice": 4.5
        }
      },
      "categoryIds": ["w-health-beauty"],
      "similarProducts": []
    },
    {
      "id": "w-80734-9348918000905",
      "name": "Freshwater Farm Australia Hemp Seed Oil Hydrating Castile Hand Wash",
      "brand": "Freshwater Farm Australia",
      "imageUrls": "https://cdn0.woolworths.media/content/wowproductimages/large/080734.jpg",
      "storeId": "woolworths",
      "packageSize": "500ml",
      "cupPrice": "$1.00 / 100ML",
      "locations": {
        "ALL": { "price": 5, "discountRate": 50, "promo": "", "orgPrice": 10 }
      },
      "categoryIds": ["w-health-beauty"],
      "similarProducts": []
    },
    {
      "id": "w-77845-9348918001933",
      "name": "Freshwater Farm Australia Kakadu Plum & Australian Red Clay Replenishing Body Bar",
      "brand": "Freshwater Farm Australia",
      "imageUrls": "https://cdn0.woolworths.media/content/wowproductimages/large/077845.jpg",
      "storeId": "woolworths",
      "packageSize": "200g",
      "cupPrice": "$1.13 / 100G",
      "locations": {
        "ALL": {
          "price": 2.25,
          "discountRate": 50,
          "promo": "",
          "orgPrice": 4.5
        }
      },
      "categoryIds": ["w-health-beauty"],
      "similarProducts": []
    },
    {
      "id": "w-78588-9348918001940",
      "name": "Freshwater Farm Australia Lemon Myrtle Oil + Manuka Honey Soothing Body Bar",
      "brand": "Freshwater Farm Australia",
      "imageUrls": "https://cdn0.woolworths.media/content/wowproductimages/large/078588.jpg",
      "storeId": "woolworths",
      "packageSize": "200g",
      "cupPrice": "$1.13 / 100G",
      "locations": {
        "ALL": {
          "price": 2.25,
          "discountRate": 50,
          "promo": "",
          "orgPrice": 4.5
        }
      },
      "categoryIds": ["w-health-beauty"],
      "similarProducts": []
    },
    {
      "id": "w-46670-9346720001752",
      "name": "Frozen Elsa Hair Ties",
      "brand": "Frozen",
      "imageUrls": "https://cdn0.woolworths.media/content/wowproductimages/large/046670.jpg",
      "storeId": "woolworths",
      "packageSize": "4 pack",
      "cupPrice": "$0.00 / 0",
      "locations": {
        "ALL": {
          "price": 3.5,
          "discountRate": 30,
          "promo": "",
          "orgPrice": 5
        }
      },
      "categoryIds": ["w-health-beauty"],
      "similarProducts": []
    },
    {
      "id": "w-46817-9346720002209",
      "name": "Frozen Hair Brush",
      "brand": "Frozen",
      "imageUrls": "https://cdn0.woolworths.media/content/wowproductimages/large/046817.jpg",
      "storeId": "woolworths",
      "packageSize": "each",
      "cupPrice": "$0.00 / 0",
      "locations": {
        "ALL": { "price": 7, "discountRate": 30, "promo": "", "orgPrice": 10 }
      },
      "categoryIds": ["w-health-beauty"],
      "similarProducts": []
    },
    {
      "id": "w-46801-9346720001790",
      "name": "Frozen Hair Tie & Clips",
      "brand": "Frozen",
      "imageUrls": "https://cdn0.woolworths.media/content/wowproductimages/large/046801.jpg",
      "storeId": "woolworths",
      "packageSize": "each",
      "cupPrice": "$0.00 / 0",
      "locations": {
        "ALL": {
          "price": 3.5,
          "discountRate": 30,
          "promo": "",
          "orgPrice": 5
        }
      },
      "categoryIds": ["w-health-beauty"],
      "similarProducts": []
    },
    {
      "id": "w-46803-9346720001738",
      "name": "Frozen Heart Hair Clips",
      "brand": "Frozen",
      "imageUrls": "https://cdn0.woolworths.media/content/wowproductimages/large/046803.jpg",
      "storeId": "woolworths",
      "packageSize": "2 pack",
      "cupPrice": "$0.00 / 0",
      "locations": {
        "ALL": {
          "price": 3.5,
          "discountRate": 30,
          "promo": "",
          "orgPrice": 5
        }
      },
      "categoryIds": ["w-health-beauty"],
      "similarProducts": []
    },
    {
      "id": "w-345022-9312396000061",
      "name": "Fudge Urban Matte Wax With No Shine & Firm Hold",
      "brand": "Fudge Urban",
      "imageUrls": "https://cdn0.woolworths.media/content/wowproductimages/large/345022.jpg",
      "storeId": "woolworths",
      "packageSize": "70ml",
      "cupPrice": "$11.43 / 100ML",
      "locations": {
        "ALL": { "price": 8, "discountRate": 20, "promo": "", "orgPrice": 10 }
      },
      "categoryIds": ["w-health-beauty"],
      "similarProducts": []
    },
    {
      "id": "w-772004-3600541228528",
      "name": "Garnier Bb Cream Anti Age Light",
      "brand": "Garnier",
      "imageUrls": "https://cdn0.woolworths.media/content/wowproductimages/large/772004.jpg",
      "storeId": "woolworths",
      "packageSize": "50ml",
      "cupPrice": "$18.90 / 100ML",
      "locations": {
        "ALL": {
          "price": 9.45,
          "discountRate": 40,
          "promo": "",
          "orgPrice": 15.75
        }
      },
      "categoryIds": ["w-health-beauty"],
      "similarProducts": []
    },
    {
      "id": "w-772014-3600541228535",
      "name": "Garnier Bb Cream Anti Age Medium",
      "brand": "Garnier",
      "imageUrls": "https://cdn0.woolworths.media/content/wowproductimages/large/772014.jpg",
      "storeId": "woolworths",
      "packageSize": "50ml",
      "cupPrice": "$18.90 / 100ML",
      "locations": {
        "ALL": {
          "price": 9.45,
          "discountRate": 40,
          "promo": "",
          "orgPrice": 15.75
        }
      },
      "categoryIds": ["w-health-beauty"],
      "similarProducts": []
    },
    {
      "id": "w-52871-3600542221061",
      "name": "Garnier Fructis Aloe Vera Hair Food Mask",
      "brand": "Garnier",
      "imageUrls": "https://cdn0.woolworths.media/content/wowproductimages/large/052871.jpg",
      "storeId": "woolworths",
      "packageSize": "390ml",
      "cupPrice": "$1.53 / 100ML",
      "locations": {
        "ALL": {
          "price": 5.95,
          "discountRate": 50,
          "promo": "",
          "orgPrice": 12
        }
      },
      "categoryIds": ["w-health-beauty"],
      "similarProducts": []
    },
    {
      "id": "w-802568-8901526541263",
      "name": "Garnier Fructis Coconut No Frizz Conditioner",
      "brand": "Garnier",
      "imageUrls": "https://cdn0.woolworths.media/content/wowproductimages/large/802568.jpg",
      "storeId": "woolworths",
      "packageSize": "315ml",
      "cupPrice": "$1.10 / 100ML",
      "locations": {
        "ALL": {
          "price": 3.45,
          "discountRate": 51,
          "promo": "",
          "orgPrice": 7
        }
      },
      "categoryIds": ["w-health-beauty"],
      "similarProducts": [
        { "productId": "cw-90122", "storeId": "chemist-warehouse" }
      ]
    },
    {
      "id": "w-802567-8901526540761",
      "name": "Garnier Fructis Coconut No Frizz Shampoo",
      "brand": "Garnier",
      "imageUrls": "https://cdn0.woolworths.media/content/wowproductimages/large/802567.jpg",
      "storeId": "woolworths",
      "packageSize": "315ml",
      "cupPrice": "$1.10 / 100ML",
      "locations": {
        "ALL": {
          "price": 3.45,
          "discountRate": 51,
          "promo": "",
          "orgPrice": 7
        }
      },
      "categoryIds": ["w-health-beauty"],
      "similarProducts": [
        { "productId": "cw-90123", "storeId": "chemist-warehouse" }
      ]
    },
    {
      "id": "w-802560-8901526537068",
      "name": "Garnier Fructis Coconut Water Conditioner",
      "brand": "Garnier",
      "imageUrls": "https://cdn0.woolworths.media/content/wowproductimages/large/802560.jpg",
      "storeId": "woolworths",
      "packageSize": "315ml",
      "cupPrice": "$1.10 / 100ML",
      "locations": {
        "ALL": {
          "price": 3.45,
          "discountRate": 51,
          "promo": "",
          "orgPrice": 7
        }
      },
      "categoryIds": ["w-health-beauty"],
      "similarProducts": [
        { "productId": "cw-90124", "storeId": "chemist-warehouse" }
      ]
    },
    {
      "id": "w-802575-8901526538768",
      "name": "Garnier Fructis Coconut Water Conditioner",
      "brand": "Garnier",
      "imageUrls": "https://cdn0.woolworths.media/content/wowproductimages/large/802575.jpg",
      "storeId": "woolworths",
      "packageSize": "850ml",
      "cupPrice": "$0.88 / 100ML",
      "locations": {
        "ALL": {
          "price": 7.45,
          "discountRate": 50,
          "promo": "",
          "orgPrice": 15
        }
      },
      "categoryIds": ["w-health-beauty"],
      "similarProducts": [
        { "productId": "cw-90124", "storeId": "chemist-warehouse" }
      ]
    },
    {
      "id": "w-802539-8901526536764",
      "name": "Garnier Fructis Coconut Water Shampoo",
      "brand": "Garnier",
      "imageUrls": "https://cdn0.woolworths.media/content/wowproductimages/large/802539.jpg",
      "storeId": "woolworths",
      "packageSize": "315ml",
      "cupPrice": "$1.10 / 100ML",
      "locations": {
        "ALL": {
          "price": 3.45,
          "discountRate": 51,
          "promo": "",
          "orgPrice": 7
        }
      },
      "categoryIds": ["w-health-beauty"],
      "similarProducts": [
        { "productId": "cw-90125", "storeId": "chemist-warehouse" }
      ]
    },
    {
      "id": "w-802576-8901526537365",
      "name": "Garnier Fructis Coconut Water Shampoo",
      "brand": "Garnier",
      "imageUrls": "https://cdn0.woolworths.media/content/wowproductimages/large/802576.jpg",
      "storeId": "woolworths",
      "packageSize": "850ml",
      "cupPrice": "$0.88 / 100ML",
      "locations": {
        "ALL": {
          "price": 7.45,
          "discountRate": 50,
          "promo": "",
          "orgPrice": 15
        }
      },
      "categoryIds": ["w-health-beauty"],
      "similarProducts": [
        { "productId": "cw-90125", "storeId": "chemist-warehouse" }
      ]
    },
    {
      "id": "w-802538-8901526537112",
      "name": "Garnier Fructis Colour Last Conditioner",
      "brand": "Garnier",
      "imageUrls": "https://cdn0.woolworths.media/content/wowproductimages/large/802538.jpg",
      "storeId": "woolworths",
      "packageSize": "315ml",
      "cupPrice": "$1.10 / 100ML",
      "locations": {
        "ALL": {
          "price": 3.45,
          "discountRate": 51,
          "promo": "",
          "orgPrice": 7
        }
      },
      "categoryIds": ["w-health-beauty"],
      "similarProducts": [
        { "productId": "cw-90126", "storeId": "chemist-warehouse" }
      ]
    },
    {
      "id": "w-804092-8901526537662",
      "name": "Garnier Fructis Colour Last Conditioner",
      "brand": "Garnier",
      "imageUrls": "https://cdn0.woolworths.media/content/wowproductimages/large/804092.jpg",
      "storeId": "woolworths",
      "packageSize": "850ml",
      "cupPrice": "$0.88 / 100ML",
      "locations": {
        "ALL": {
          "price": 7.45,
          "discountRate": 50,
          "promo": "",
          "orgPrice": 15
        }
      },
      "categoryIds": ["w-health-beauty"],
      "similarProducts": [
        { "productId": "cw-90126", "storeId": "chemist-warehouse" }
      ]
    },
    {
      "id": "w-802537-8901526536818",
      "name": "Garnier Fructis Colour Last Shampoo",
      "brand": "Garnier",
      "imageUrls": "https://cdn0.woolworths.media/content/wowproductimages/large/802537.jpg",
      "storeId": "woolworths",
      "packageSize": "315ml",
      "cupPrice": "$1.10 / 100ML",
      "locations": {
        "ALL": {
          "price": 3.45,
          "discountRate": 51,
          "promo": "",
          "orgPrice": 7
        }
      },
      "categoryIds": ["w-health-beauty"],
      "similarProducts": [
        { "productId": "cw-90127", "storeId": "chemist-warehouse" }
      ]
    },
    {
      "id": "w-802562-8901526537167",
      "name": "Garnier Fructis Full & Luscious Conditioner",
      "brand": "Garnier",
      "imageUrls": "https://cdn0.woolworths.media/content/wowproductimages/large/802562.jpg",
      "storeId": "woolworths",
      "packageSize": "315ml",
      "cupPrice": "$1.10 / 100ML",
      "locations": {
        "ALL": {
          "price": 3.45,
          "discountRate": 51,
          "promo": "",
          "orgPrice": 7
        }
      },
      "categoryIds": ["w-health-beauty"],
      "similarProducts": [
        { "productId": "cw-90128", "storeId": "chemist-warehouse" }
      ]
    },
    {
      "id": "w-802561-8901526536863",
      "name": "Garnier Fructis Full & Luscious Shampoo",
      "brand": "Garnier",
      "imageUrls": "https://cdn0.woolworths.media/content/wowproductimages/large/802561.jpg",
      "storeId": "woolworths",
      "packageSize": "315ml",
      "cupPrice": "$1.10 / 100ML",
      "locations": {
        "ALL": {
          "price": 3.45,
          "discountRate": 51,
          "promo": "",
          "orgPrice": 7
        }
      },
      "categoryIds": ["w-health-beauty"],
      "similarProducts": [
        { "productId": "cw-90129", "storeId": "chemist-warehouse" }
      ]
    },
    {
      "id": "w-227749-3600540359339",
      "name": "Garnier Fructis Mousse Normal Weightless Curls & Hold",
      "brand": "Garnier",
      "imageUrls": "https://cdn0.woolworths.media/content/wowproductimages/large/227749.jpg",
      "storeId": "woolworths",
      "packageSize": "200ml",
      "cupPrice": "$2.00 / 100ML",
      "locations": {
        "ALL": { "price": 4, "discountRate": 50, "promo": "", "orgPrice": 8 }
      },
      "categoryIds": ["w-health-beauty"],
      "similarProducts": []
    },
    {
      "id": "w-802570-8901526538812",
      "name": "Garnier Fructis Normal Strength & Shine Conditioner",
      "brand": "Garnier",
      "imageUrls": "https://cdn0.woolworths.media/content/wowproductimages/large/802570.jpg",
      "storeId": "woolworths",
      "packageSize": "850ml",
      "cupPrice": "$0.88 / 100ML",
      "locations": {
        "ALL": {
          "price": 7.45,
          "discountRate": 50,
          "promo": "",
          "orgPrice": 15
        }
      },
      "categoryIds": ["w-health-beauty"],
      "similarProducts": [
        { "productId": "cw-90131", "storeId": "chemist-warehouse" }
      ]
    },
    {
      "id": "w-802535-8901526537266",
      "name": "Garnier Fructis Normal Strength & Shine Conditioner",
      "brand": "Garnier",
      "imageUrls": "https://cdn0.woolworths.media/content/wowproductimages/large/802535.jpg",
      "storeId": "woolworths",
      "packageSize": "315ml",
      "cupPrice": "$1.10 / 100ML",
      "locations": {
        "ALL": {
          "price": 3.45,
          "discountRate": 51,
          "promo": "",
          "orgPrice": 7
        }
      },
      "categoryIds": ["w-health-beauty"],
      "similarProducts": [
        { "productId": "cw-90131", "storeId": "chemist-warehouse" }
      ]
    },
    {
      "id": "w-802536-8901526536962",
      "name": "Garnier Fructis Normal Strength & Shine Shampoo",
      "brand": "Garnier",
      "imageUrls": "https://cdn0.woolworths.media/content/wowproductimages/large/802536.jpg",
      "storeId": "woolworths",
      "packageSize": "315ml",
      "cupPrice": "$1.10 / 100ML",
      "locations": {
        "ALL": {
          "price": 3.45,
          "discountRate": 51,
          "promo": "",
          "orgPrice": 7
        }
      },
      "categoryIds": ["w-health-beauty"],
      "similarProducts": [
        { "productId": "cw-90132", "storeId": "chemist-warehouse" }
      ]
    },
    {
      "id": "w-682765-3600542143585",
      "name": "Garnier Fructis Nourishing Banana Hair Food",
      "brand": "Garnier",
      "imageUrls": "https://cdn0.woolworths.media/content/wowproductimages/large/682765.jpg",
      "storeId": "woolworths",
      "packageSize": "390ml",
      "cupPrice": "$1.53 / 100ML",
      "locations": {
        "ALL": {
          "price": 5.95,
          "discountRate": 50,
          "promo": "",
          "orgPrice": 12
        }
      },
      "categoryIds": ["w-health-beauty"],
      "similarProducts": []
    },
    {
      "id": "w-802564-8901526537310",
      "name": "Garnier Fructis Nutri-repair 3 Conditioner",
      "brand": "Garnier",
      "imageUrls": "https://cdn0.woolworths.media/content/wowproductimages/large/802564.jpg",
      "storeId": "woolworths",
      "packageSize": "315ml",
      "cupPrice": "$1.10 / 100ML",
      "locations": {
        "ALL": {
          "price": 3.45,
          "discountRate": 51,
          "promo": "",
          "orgPrice": 7
        }
      },
      "categoryIds": ["w-health-beauty"],
      "similarProducts": [
        { "productId": "cw-90133", "storeId": "chemist-warehouse" }
      ]
    },
    {
      "id": "w-802571-8901526537617",
      "name": "Garnier Fructis Nutri-repair 3 Shampoo",
      "brand": "Garnier",
      "imageUrls": "https://cdn0.woolworths.media/content/wowproductimages/large/802571.jpg",
      "storeId": "woolworths",
      "packageSize": "850ml",
      "cupPrice": "$0.88 / 100ML",
      "locations": {
        "ALL": {
          "price": 7.45,
          "discountRate": 50,
          "promo": "",
          "orgPrice": 15
        }
      },
      "categoryIds": ["w-health-beauty"],
      "similarProducts": [
        { "productId": "cw-90134", "storeId": "chemist-warehouse" }
      ]
    },
    {
      "id": "w-744980-3600541214804",
      "name": "Garnier Fructis Oil Treatment Miraculous",
      "brand": "Garnier",
      "imageUrls": "https://cdn0.woolworths.media/content/wowproductimages/large/744980.jpg",
      "storeId": "woolworths",
      "packageSize": "150ml",
      "cupPrice": "$3.97 / 100ML",
      "locations": {
        "ALL": {
          "price": 5.95,
          "discountRate": 50,
          "promo": "",
          "orgPrice": 11.95
        }
      },
      "categoryIds": ["w-health-beauty"],
      "similarProducts": []
    },
    {
      "id": "w-700247-6970175255823",
      "name": "Garnier Hydra Bomb Eye Tissue Mask",
      "brand": "Garnier",
      "imageUrls": "https://cdn0.woolworths.media/content/wowproductimages/large/700247.jpg",
      "storeId": "woolworths",
      "packageSize": "each",
      "cupPrice": "$40.00 / 100G",
      "locations": {
        "ALL": {
          "price": 2.4,
          "discountRate": 40,
          "promo": "",
          "orgPrice": 4
        }
      },
      "categoryIds": ["w-health-beauty"],
      "similarProducts": []
    },
    {
      "id": "w-56453-6923700950922",
      "name": "Garnier Hydra Bomb Camomile Mask",
      "brand": "Garnier",
      "imageUrls": "https://cdn0.woolworths.media/content/wowproductimages/large/056453.jpg",
      "storeId": "woolworths",
      "packageSize": "32g",
      "cupPrice": "$10.94 / 100G",
      "locations": {
        "ALL": {
          "price": 3.5,
          "discountRate": 42,
          "promo": "",
          "orgPrice": 6
        }
      },
      "categoryIds": ["w-health-beauty"],
      "similarProducts": []
    },
    {
      "id": "w-56439-6923700952308",
      "name": "Garnier Hydra Bomb Eye Tissue Mask Mask",
      "brand": "Garnier",
      "imageUrls": "https://cdn0.woolworths.media/content/wowproductimages/large/056439.jpg",
      "storeId": "woolworths",
      "packageSize": "6g",
      "cupPrice": "$40.00 / 100G",
      "locations": {
        "ALL": {
          "price": 2.4,
          "discountRate": 40,
          "promo": "",
          "orgPrice": 4
        }
      },
      "categoryIds": ["w-health-beauty"],
      "similarProducts": []
    },
    {
      "id": "w-56448-6923700950939",
      "name": "Garnier Hydra Bomb Green Tea Mask",
      "brand": "Garnier",
      "imageUrls": "https://cdn0.woolworths.media/content/wowproductimages/large/056448.jpg",
      "storeId": "woolworths",
      "packageSize": "32g",
      "cupPrice": "$10.94 / 100G",
      "locations": {
        "ALL": {
          "price": 3.5,
          "discountRate": 42,
          "promo": "",
          "orgPrice": 6
        }
      },
      "categoryIds": ["w-health-beauty"],
      "similarProducts": []
    },
    {
      "id": "w-56452-6923700950953",
      "name": "Garnier Hydra Bomb Pomegranate Mask",
      "brand": "Garnier",
      "imageUrls": "https://cdn0.woolworths.media/content/wowproductimages/large/056452.jpg",
      "storeId": "woolworths",
      "packageSize": "32g",
      "cupPrice": "$10.94 / 100G",
      "locations": {
        "ALL": {
          "price": 3.5,
          "discountRate": 42,
          "promo": "",
          "orgPrice": 6
        }
      },
      "categoryIds": ["w-health-beauty"],
      "similarProducts": []
    },
    {
      "id": "w-56444-6923700952315",
      "name": "Garnier Hydra Bomb Tissue Mask",
      "brand": "Garnier",
      "imageUrls": "https://cdn0.woolworths.media/content/wowproductimages/large/056444.jpg",
      "storeId": "woolworths",
      "packageSize": "each",
      "cupPrice": "$10.94 / 100G",
      "locations": {
        "ALL": {
          "price": 3.5,
          "discountRate": 42,
          "promo": "",
          "orgPrice": 6
        }
      },
      "categoryIds": ["w-health-beauty"],
      "similarProducts": []
    },
    {
      "id": "w-779452-3600541416086",
      "name": "Garnier Make Up Remover Wipes Pink",
      "brand": "Garnier",
      "imageUrls": "https://cdn0.woolworths.media/content/wowproductimages/large/779452.jpg",
      "storeId": "woolworths",
      "packageSize": "25 pack",
      "cupPrice": "$0.17 / 1EA",
      "locations": {
        "ALL": {
          "price": 4.2,
          "discountRate": 40,
          "promo": "",
          "orgPrice": 7
        }
      },
      "categoryIds": ["w-health-beauty"],
      "similarProducts": []
    },
    {
      "id": "w-700323-3600542011044",
      "name": "Garnier Micellar Cleansing Gel Wash",
      "brand": "Garnier",
      "imageUrls": "https://cdn0.woolworths.media/content/wowproductimages/large/700323.jpg",
      "storeId": "woolworths",
      "packageSize": "200ml",
      "cupPrice": "$4.15 / 100ML",
      "locations": {
        "ALL": {
          "price": 8.3,
          "discountRate": 41,
          "promo": "",
          "orgPrice": 14
        }
      },
      "categoryIds": ["w-health-beauty"],
      "similarProducts": []
    },
    {
      "id": "w-822585-3600542137355",
      "name": "Garnier Micellar Cleansing Milky Water",
      "brand": "Garnier",
      "imageUrls": "https://cdn0.woolworths.media/content/wowproductimages/large/822585.jpg",
      "storeId": "woolworths",
      "packageSize": "400ml",
      "cupPrice": "$2.23 / 100ML",
      "locations": {
        "ALL": {
          "price": 8.9,
          "discountRate": 40,
          "promo": "",
          "orgPrice": 14.95
        }
      },
      "categoryIds": ["w-health-beauty"],
      "similarProducts": []
    },
    {
      "id": "w-779445-3600541358560",
      "name": "Garnier Micellar Cleansing Water All In 1",
      "brand": "Garnier",
      "imageUrls": "https://cdn0.woolworths.media/content/wowproductimages/large/779445.jpg",
      "storeId": "woolworths",
      "packageSize": "400ml",
      "cupPrice": "$2.03 / 100ML",
      "locations": {
        "ALL": {
          "price": 8.1,
          "discountRate": 40,
          "promo": "",
          "orgPrice": 13.5
        }
      },
      "categoryIds": ["w-health-beauty"],
      "similarProducts": []
    },
    {
      "id": "w-820279-3600542098021",
      "name": "Garnier Micellar Cleansing Water In Oil",
      "brand": "Garnier",
      "imageUrls": "https://cdn0.woolworths.media/content/wowproductimages/large/820279.jpg",
      "storeId": "woolworths",
      "packageSize": "400ml",
      "cupPrice": "$2.08 / 100ML",
      "locations": {
        "ALL": {
          "price": 8.3,
          "discountRate": 41,
          "promo": "",
          "orgPrice": 14
        }
      },
      "categoryIds": ["w-health-beauty"],
      "similarProducts": []
    },
    {
      "id": "w-611753-3600541975071",
      "name": "Garnier Micellar Cleansing Water",
      "brand": "Garnier",
      "imageUrls": "https://cdn0.woolworths.media/content/wowproductimages/large/611753.jpg",
      "storeId": "woolworths",
      "packageSize": "700ml",
      "cupPrice": "$1.71 / 100ML",
      "locations": {
        "ALL": {
          "price": 12,
          "discountRate": 40,
          "promo": "",
          "orgPrice": 20
        }
      },
      "categoryIds": ["w-health-beauty"],
      "similarProducts": [
        { "productId": "cw-76915", "storeId": "chemist-warehouse" }
      ]
    },
    {
      "id": "w-503287-3600541744431",
      "name": "Garnier Micellar Water Infused Oil",
      "brand": "Garnier",
      "imageUrls": "https://cdn0.woolworths.media/content/wowproductimages/large/503287.jpg",
      "storeId": "woolworths",
      "packageSize": "400ml",
      "cupPrice": "$2.25 / 100ML",
      "locations": {
        "ALL": { "price": 9, "discountRate": 40, "promo": "", "orgPrice": 15 }
      },
      "categoryIds": ["w-health-beauty"],
      "similarProducts": []
    },
    {
      "id": "w-381571-3600541124738",
      "name": "Garnier Miracle Skin Perfector Daily All In One Tinted Light",
      "brand": "Garnier",
      "imageUrls": "https://cdn0.woolworths.media/content/wowproductimages/large/381571.jpg",
      "storeId": "woolworths",
      "packageSize": "50ml",
      "cupPrice": "$18.90 / 100ML",
      "locations": {
        "ALL": {
          "price": 9.45,
          "discountRate": 40,
          "promo": "",
          "orgPrice": 15.75
        }
      },
      "categoryIds": ["w-health-beauty"],
      "similarProducts": []
    },
    {
      "id": "w-107466-9312825678052",
      "name": "Garnier Nutrisse 4.0 Tamarind Dark Brown",
      "brand": "Garnier",
      "imageUrls": "https://cdn0.woolworths.media/content/wowproductimages/large/107466.jpg",
      "storeId": "woolworths",
      "packageSize": "each",
      "cupPrice": "$0.00 / 0",
      "locations": {
        "ALL": {
          "price": 7.45,
          "discountRate": 50,
          "promo": "",
          "orgPrice": 14.95
        }
      },
      "categoryIds": ["w-health-beauty"],
      "similarProducts": []
    },
    {
      "id": "w-107470-9312825678083",
      "name": "Garnier Nutrisse 4.3 Cappuccino",
      "brand": "Garnier",
      "imageUrls": "https://cdn0.woolworths.media/content/wowproductimages/large/107470.jpg",
      "storeId": "woolworths",
      "packageSize": "1pk",
      "cupPrice": "$0.00 / 0",
      "locations": {
        "ALL": {
          "price": 7.45,
          "discountRate": 50,
          "promo": "",
          "orgPrice": 14.95
        }
      },
      "categoryIds": ["w-health-beauty"],
      "similarProducts": []
    },
    {
      "id": "w-226712-3600540254290",
      "name": "Garnier Nutrisse 5.0 Chocolate Brown",
      "brand": "Garnier",
      "imageUrls": "https://cdn0.woolworths.media/content/wowproductimages/large/226712.jpg",
      "storeId": "woolworths",
      "packageSize": "each",
      "cupPrice": "$0.00 / 0",
      "locations": {
        "ALL": {
          "price": 7.45,
          "discountRate": 50,
          "promo": "",
          "orgPrice": 14.95
        }
      },
      "categoryIds": ["w-health-beauty"],
      "similarProducts": []
    },
    {
      "id": "w-753975-3600541248175",
      "name": "Garnier Olia 4.0 Dark Brown",
      "brand": "Garnier",
      "imageUrls": "https://cdn0.woolworths.media/content/wowproductimages/large/753975.jpg",
      "storeId": "woolworths",
      "packageSize": "each",
      "cupPrice": "$0.00 / 0",
      "locations": {
        "ALL": {
          "price": 3.4,
          "discountRate": 80,
          "promo": "",
          "orgPrice": 17
        }
      },
      "categoryIds": ["w-health-beauty"],
      "similarProducts": []
    },
    {
      "id": "w-753968-3600541248328",
      "name": "Garnier Olia 5.0 Brown",
      "brand": "Garnier",
      "imageUrls": "https://cdn0.woolworths.media/content/wowproductimages/large/753968.jpg",
      "storeId": "woolworths",
      "packageSize": "each",
      "cupPrice": "$0.00 / 0",
      "locations": {
        "ALL": {
          "price": 3.4,
          "discountRate": 80,
          "promo": "",
          "orgPrice": 17
        }
      },
      "categoryIds": ["w-health-beauty"],
      "similarProducts": []
    },
    {
      "id": "w-753970-3600541248526",
      "name": "Garnier Olia 6.0 Light Brown",
      "brand": "Garnier",
      "imageUrls": "https://cdn0.woolworths.media/content/wowproductimages/large/753970.jpg",
      "storeId": "woolworths",
      "packageSize": "each",
      "cupPrice": "$0.00 / 0",
      "locations": {
        "ALL": {
          "price": 3.4,
          "discountRate": 80,
          "promo": "",
          "orgPrice": 17
        }
      },
      "categoryIds": ["w-health-beauty"],
      "similarProducts": []
    },
    {
      "id": "w-754029-3600541248670",
      "name": "Garnier Olia 7.0 Dark Blonde",
      "brand": "Garnier",
      "imageUrls": "https://cdn0.woolworths.media/content/wowproductimages/large/754029.jpg",
      "storeId": "woolworths",
      "packageSize": "each",
      "cupPrice": "$0.00 / 0",
      "locations": {
        "ALL": {
          "price": 3.4,
          "discountRate": 80,
          "promo": "",
          "orgPrice": 17
        }
      },
      "categoryIds": ["w-health-beauty"],
      "similarProducts": []
    },
    {
      "id": "w-683526-3600542122863",
      "name": "Garnier Olia Bold 4.26 Rose Violet",
      "brand": "Garnier",
      "imageUrls": "https://cdn0.woolworths.media/content/wowproductimages/large/683526.jpg",
      "storeId": "woolworths",
      "packageSize": "each",
      "cupPrice": "$0.00 / 0",
      "locations": {
        "ALL": {
          "price": 3.4,
          "discountRate": 80,
          "promo": "",
          "orgPrice": 17
        }
      },
      "categoryIds": ["w-health-beauty"],
      "similarProducts": [
        { "productId": "cw-86897", "storeId": "chemist-warehouse" }
      ]
    },
    {
      "id": "w-754004-3600541247970",
      "name": "Garnier Olia Permanent Hair Colour - 1.0 Deep Black",
      "brand": "Garnier",
      "imageUrls": "https://cdn0.woolworths.media/content/wowproductimages/large/754004.jpg",
      "storeId": "woolworths",
      "packageSize": "1pk",
      "cupPrice": "$0.00 / 0",
      "locations": {
        "ALL": {
          "price": 3.4,
          "discountRate": 80,
          "promo": "",
          "orgPrice": 17
        }
      },
      "categoryIds": ["w-health-beauty"],
      "similarProducts": []
    },
    {
      "id": "w-504775-3600541921122",
      "name": "Garnier Pure Active Charcoal Scrub",
      "brand": "Garnier",
      "imageUrls": "https://cdn0.woolworths.media/content/wowproductimages/large/504775.jpg",
      "storeId": "woolworths",
      "packageSize": "150ml",
      "cupPrice": "$5.20 / 100ML",
      "locations": {
        "ALL": {
          "price": 7.8,
          "discountRate": 40,
          "promo": "",
          "orgPrice": 13
        }
      },
      "categoryIds": ["w-health-beauty"],
      "similarProducts": []
    },
    {
      "id": "w-56441-6923700950977",
      "name": "Garnier Pure Charcoal Black Algae Mask",
      "brand": "Garnier",
      "imageUrls": "https://cdn0.woolworths.media/content/wowproductimages/large/056441.jpg",
      "storeId": "woolworths",
      "packageSize": "28g",
      "cupPrice": "$12.50 / 100G",
      "locations": {
        "ALL": {
          "price": 3.5,
          "discountRate": 42,
          "promo": "",
          "orgPrice": 6
        }
      },
      "categoryIds": ["w-health-beauty"],
      "similarProducts": [
        { "productId": "cw-93062", "storeId": "chemist-warehouse" },
        { "productId": "cw-93061", "storeId": "chemist-warehouse" }
      ]
    },
    {
      "id": "w-892601-3600541729476",
      "name": "Garnier Skin Naturals Micellar Cleansing Water",
      "brand": "Garnier",
      "imageUrls": "https://cdn0.woolworths.media/content/wowproductimages/large/892601.jpg",
      "storeId": "woolworths",
      "packageSize": "125ml",
      "cupPrice": "$3.28 / 100ML",
      "locations": {
        "ALL": {
          "price": 4.1,
          "discountRate": 41,
          "promo": "",
          "orgPrice": 6.95
        }
      },
      "categoryIds": ["w-health-beauty"],
      "similarProducts": []
    },
    {
      "id": "w-730599-3600541194755",
      "name": "Garnier Skin Naturals Oil Free Bb Cream",
      "brand": "Garnier",
      "imageUrls": "https://cdn0.woolworths.media/content/wowproductimages/large/730599.jpg",
      "storeId": "woolworths",
      "packageSize": "40ml",
      "cupPrice": "$23.63 / 100ML",
      "locations": {
        "ALL": {
          "price": 9.45,
          "discountRate": 40,
          "promo": "",
          "orgPrice": 15.75
        }
      },
      "categoryIds": ["w-health-beauty"],
      "similarProducts": []
    },
    {
      "id": "w-730623-3600541194762",
      "name": "Garnier Skin Naturals Bb Face Cream Medium",
      "brand": "Garnier",
      "imageUrls": "https://cdn0.woolworths.media/content/wowproductimages/large/730623.jpg",
      "storeId": "woolworths",
      "packageSize": "40ml",
      "cupPrice": "$23.63 / 100ML",
      "locations": {
        "ALL": {
          "price": 9.45,
          "discountRate": 40,
          "promo": "",
          "orgPrice": 15.75
        }
      },
      "categoryIds": ["w-health-beauty"],
      "similarProducts": []
    },
    {
      "id": "w-58310-6923700952339",
      "name": "Garnier Skinactive Hydra Bomb Tissue Face Night Mask",
      "brand": "Garnier",
      "imageUrls": "https://cdn0.woolworths.media/content/wowproductimages/large/058310.jpg",
      "storeId": "woolworths",
      "packageSize": "each",
      "cupPrice": "$10.94 / 100G",
      "locations": {
        "ALL": {
          "price": 3.5,
          "discountRate": 42,
          "promo": "",
          "orgPrice": 6
        }
      },
      "categoryIds": ["w-health-beauty"],
      "similarProducts": []
    },
    {
      "id": "w-567559-3600541751897",
      "name": "Garnier Bb Cream Sheer",
      "brand": "Garnier",
      "imageUrls": "https://cdn0.woolworths.media/content/wowproductimages/large/567559.jpg",
      "storeId": "woolworths",
      "packageSize": "50ml",
      "cupPrice": "$19.20 / 100ML",
      "locations": {
        "ALL": {
          "price": 9.6,
          "discountRate": 40,
          "promo": "",
          "orgPrice": 16
        }
      },
      "categoryIds": ["w-health-beauty"],
      "similarProducts": []
    },
    {
      "id": "w-682780-3600542143608",
      "name": "Garnier Fructis Repairing Papaya Hair Food",
      "brand": "Garnier Fructis",
      "imageUrls": "https://cdn0.woolworths.media/content/wowproductimages/large/682780.jpg",
      "storeId": "woolworths",
      "packageSize": "390ml",
      "cupPrice": "$1.53 / 100ML",
      "locations": {
        "ALL": {
          "price": 5.95,
          "discountRate": 50,
          "promo": "",
          "orgPrice": 12
        }
      },
      "categoryIds": ["w-health-beauty"],
      "similarProducts": []
    },
    {
      "id": "w-91582-4902430259736",
      "name": "Gillette 5 Sport Razor",
      "brand": "Gillette",
      "imageUrls": "https://cdn0.woolworths.media/content/wowproductimages/large/091582.jpg",
      "storeId": "woolworths",
      "packageSize": "each",
      "cupPrice": "$10.50 / 1EA",
      "locations": {
        "ALL": {
          "price": 10.5,
          "discountRate": 30,
          "promo": "",
          "orgPrice": 15
        }
      },
      "categoryIds": ["w-health-beauty"],
      "similarProducts": []
    },
    {
      "id": "w-341040-7702018945689",
      "name": "Gillette Blue 3 Disposable Shaving Razor",
      "brand": "Gillette",
      "imageUrls": "https://cdn0.woolworths.media/content/wowproductimages/large/341040.jpg",
      "storeId": "woolworths",
      "packageSize": "8 pack",
      "cupPrice": "$0.74 / 1EA",
      "locations": {
        "ALL": {
          "price": 5.95,
          "discountRate": 30,
          "promo": "",
          "orgPrice": 8.5
        }
      },
      "categoryIds": ["w-health-beauty"],
      "similarProducts": []
    },
    {
      "id": "w-194278-9300627505973",
      "name": "Gillette Blue Ii Disposable Shaving Razor Plus",
      "brand": "Gillette",
      "imageUrls": "https://cdn0.woolworths.media/content/wowproductimages/large/194278.jpg",
      "storeId": "woolworths",
      "packageSize": "20 pack",
      "cupPrice": "$0.58 / 1EA",
      "locations": {
        "ALL": {
          "price": 11.5,
          "discountRate": 30,
          "promo": "",
          "orgPrice": 16.5
        }
      },
      "categoryIds": ["w-health-beauty"],
      "similarProducts": []
    },
    {
      "id": "w-168701-9300627503702",
      "name": "Gillette Blue Ii Disposable Shaving Razor Ultra Grip Pivot",
      "brand": "Gillette",
      "imageUrls": "https://cdn0.woolworths.media/content/wowproductimages/large/168701.jpg",
      "storeId": "woolworths",
      "packageSize": "16 pack",
      "cupPrice": "$0.59 / 1EA",
      "locations": {
        "ALL": {
          "price": 9.45,
          "discountRate": 30,
          "promo": "",
          "orgPrice": 13.5
        }
      },
      "categoryIds": ["w-health-beauty"],
      "similarProducts": []
    },
    {
      "id": "w-821991-4902430843805",
      "name": "Gillette Blue Iii Disposable Razors Pack",
      "brand": "Gillette",
      "imageUrls": "https://cdn0.woolworths.media/content/wowproductimages/large/821991.jpg",
      "storeId": "woolworths",
      "packageSize": "each",
      "cupPrice": "$0.66 / 1EA",
      "locations": {
        "ALL": {
          "price": 10.5,
          "discountRate": 30,
          "promo": "",
          "orgPrice": 15
        }
      },
      "categoryIds": ["w-health-beauty"],
      "similarProducts": [
        { "productId": "cw-85705", "storeId": "chemist-warehouse" }
      ]
    },
    {
      "id": "w-822152-4902430842846",
      "name": "Gillette Blue2 Pivot Plus Razor",
      "brand": "Gillette",
      "imageUrls": "https://cdn0.woolworths.media/content/wowproductimages/large/822152.jpg",
      "storeId": "woolworths",
      "packageSize": "each",
      "cupPrice": "$0.56 / 1EA",
      "locations": {
        "ALL": {
          "price": 6.2,
          "discountRate": 30,
          "promo": "",
          "orgPrice": 8.9
        }
      },
      "categoryIds": ["w-health-beauty"],
      "similarProducts": []
    },
    {
      "id": "w-82914-4902430930260",
      "name": "Gillette Foam Lemon Lime",
      "brand": "Gillette",
      "imageUrls": "https://cdn0.woolworths.media/content/wowproductimages/large/082914.jpg",
      "storeId": "woolworths",
      "packageSize": "333g",
      "cupPrice": "$0.96 / 100G",
      "locations": {
        "ALL": {
          "price": 3.2,
          "discountRate": 30,
          "promo": "",
          "orgPrice": 4.6
        }
      },
      "categoryIds": ["w-health-beauty"],
      "similarProducts": []
    },
    {
      "id": "w-82913-4902430930253",
      "name": "Gillette Foam Sensitive Skin",
      "brand": "Gillette",
      "imageUrls": "https://cdn0.woolworths.media/content/wowproductimages/large/082913.jpg",
      "storeId": "woolworths",
      "packageSize": "333g",
      "cupPrice": "$0.96 / 100G",
      "locations": {
        "ALL": {
          "price": 3.2,
          "discountRate": 30,
          "promo": "",
          "orgPrice": 4.6
        }
      },
      "categoryIds": ["w-health-beauty"],
      "similarProducts": []
    },
    {
      "id": "w-257437-7702018864607",
      "name": "Gillette Fusion Hydra Shaving Gel Sensitive Skin",
      "brand": "Gillette",
      "imageUrls": "https://cdn0.woolworths.media/content/wowproductimages/large/257437.jpg",
      "storeId": "woolworths",
      "packageSize": "195g",
      "cupPrice": "$2.69 / 100G",
      "locations": {
        "ALL": {
          "price": 5.25,
          "discountRate": 30,
          "promo": "",
          "orgPrice": 7.5
        }
      },
      "categoryIds": ["w-health-beauty"],
      "similarProducts": []
    },
    {
      "id": "w-340804-4902430633826",
      "name": "Gillette Fusion Power Shaving Razor & Battery",
      "brand": "Gillette",
      "imageUrls": "https://cdn0.woolworths.media/content/wowproductimages/large/340804.jpg",
      "storeId": "woolworths",
      "packageSize": "each",
      "cupPrice": "$0.00 / 0",
      "locations": {
        "ALL": {
          "price": 11.2,
          "discountRate": 30,
          "promo": "",
          "orgPrice": 16
        }
      },
      "categoryIds": ["w-health-beauty"],
      "similarProducts": []
    },
    {
      "id": "w-90400-4902430236645",
      "name": "Gillette Mach3 Turbo 3d Razor",
      "brand": "Gillette",
      "imageUrls": "https://cdn0.woolworths.media/content/wowproductimages/large/090400.jpg",
      "storeId": "woolworths",
      "packageSize": "each",
      "cupPrice": "$10.50 / 1EA",
      "locations": {
        "ALL": {
          "price": 10.5,
          "discountRate": 30,
          "promo": "",
          "orgPrice": 15
        }
      },
      "categoryIds": ["w-health-beauty"],
      "similarProducts": [
        { "productId": "cw-100833", "storeId": "chemist-warehouse" }
      ]
    },
    {
      "id": "w-90972-4902430341783",
      "name": "Gillette Mach3+ Razor",
      "brand": "Gillette",
      "imageUrls": "https://cdn0.woolworths.media/content/wowproductimages/large/090972.jpg",
      "storeId": "woolworths",
      "packageSize": "each",
      "cupPrice": "$8.40 / 1EA",
      "locations": {
        "ALL": {
          "price": 8.4,
          "discountRate": 30,
          "promo": "",
          "orgPrice": 12
        }
      },
      "categoryIds": ["w-health-beauty"],
      "similarProducts": []
    },
    {
      "id": "w-54748-4902430873420",
      "name": "Gillette Sensor 3 Comfort Razors Pack",
      "brand": "Gillette",
      "imageUrls": "https://cdn0.woolworths.media/content/wowproductimages/large/054748.jpg",
      "storeId": "woolworths",
      "packageSize": "each",
      "cupPrice": "$0.93 / 1EA",
      "locations": {
        "ALL": {
          "price": 11.2,
          "discountRate": 30,
          "promo": "",
          "orgPrice": 16
        }
      },
      "categoryIds": ["w-health-beauty"],
      "similarProducts": []
    },
    {
      "id": "w-53188-4902430873444",
      "name": "Gillette Sensor3 Sensitive",
      "brand": "Gillette",
      "imageUrls": "https://cdn0.woolworths.media/content/wowproductimages/large/053188.jpg",
      "storeId": "woolworths",
      "packageSize": "4 pack",
      "cupPrice": "$1.14 / 1EA",
      "locations": {
        "ALL": {
          "price": 4.55,
          "discountRate": 30,
          "promo": "",
          "orgPrice": 6.5
        }
      },
      "categoryIds": ["w-health-beauty"],
      "similarProducts": []
    },
    {
      "id": "w-54626-4902430873383",
      "name": "Gillette Sensor3 Comfort Razor",
      "brand": "Gillette",
      "imageUrls": "https://cdn0.woolworths.media/content/wowproductimages/large/054626.jpg",
      "storeId": "woolworths",
      "packageSize": "8 pack",
      "cupPrice": "$1.00 / 1EA",
      "locations": {
        "ALL": {
          "price": 8,
          "discountRate": 30,
          "promo": "",
          "orgPrice": 11.5
        }
      },
      "categoryIds": ["w-health-beauty"],
      "similarProducts": []
    },
    {
      "id": "w-42926-3014260220051",
      "name": "Gillette Series Shaving Gel Moisturising",
      "brand": "Gillette",
      "imageUrls": "https://cdn0.woolworths.media/content/wowproductimages/large/042926.jpg",
      "storeId": "woolworths",
      "packageSize": "200ml",
      "cupPrice": "$2.21 / 100G",
      "locations": {
        "ALL": {
          "price": 4.3,
          "discountRate": 31,
          "promo": "",
          "orgPrice": 6.2
        }
      },
      "categoryIds": ["w-health-beauty"],
      "similarProducts": []
    },
    {
      "id": "w-5545-3014260113896",
      "name": "Gillette Shaving Gel Sensitive Skin",
      "brand": "Gillette",
      "imageUrls": "https://cdn0.woolworths.media/content/wowproductimages/large/005545.jpg",
      "storeId": "woolworths",
      "packageSize": "200ml",
      "cupPrice": "$2.19 / 100G",
      "locations": {
        "ALL": {
          "price": 4.3,
          "discountRate": 31,
          "promo": "",
          "orgPrice": 6.2
        }
      },
      "categoryIds": ["w-health-beauty"],
      "similarProducts": []
    },
    {
      "id": "w-53183-4902430870689",
      "name": "Gillette Skinguard Razor",
      "brand": "Gillette",
      "imageUrls": "https://cdn0.woolworths.media/content/wowproductimages/large/053183.jpg",
      "storeId": "woolworths",
      "packageSize": "each",
      "cupPrice": "$10.50 / 1EA",
      "locations": {
        "ALL": {
          "price": 10.5,
          "discountRate": 30,
          "promo": "",
          "orgPrice": 15
        }
      },
      "categoryIds": ["w-health-beauty"],
      "similarProducts": []
    },
    {
      "id": "w-694920-9421027312456",
      "name": "Glow Lab Body Scrub",
      "brand": "Glow Lab",
      "imageUrls": "https://cdn0.woolworths.media/content/wowproductimages/large/694920.jpg",
      "storeId": "woolworths",
      "packageSize": "200ml",
      "cupPrice": "$3.00 / 100ML",
      "locations": {
        "ALL": { "price": 6, "discountRate": 50, "promo": "", "orgPrice": 12 }
      },
      "categoryIds": ["w-health-beauty"],
      "similarProducts": []
    },
    {
      "id": "w-43945-9421027313088",
      "name": "Glow Lab Citrus & Bergamot Body Wash",
      "brand": "Glow Lab",
      "imageUrls": "https://cdn0.woolworths.media/content/wowproductimages/large/043945.jpg",
      "storeId": "woolworths",
      "packageSize": "400ml",
      "cupPrice": "$1.13 / 100ML",
      "locations": {
        "ALL": {
          "price": 4.5,
          "discountRate": 50,
          "promo": "",
          "orgPrice": 9
        }
      },
      "categoryIds": ["w-health-beauty"],
      "similarProducts": []
    },
    {
      "id": "w-683379-9421027312128",
      "name": "Glow Lab Colour Protect Conditioner",
      "brand": "Glow Lab",
      "imageUrls": "https://cdn0.woolworths.media/content/wowproductimages/large/683379.jpg",
      "storeId": "woolworths",
      "packageSize": "300ml",
      "cupPrice": "$3.00 / 100ML",
      "locations": {
        "ALL": { "price": 9, "discountRate": 50, "promo": "", "orgPrice": 18 }
      },
      "categoryIds": ["w-health-beauty"],
      "similarProducts": []
    },
    {
      "id": "w-683380-9421027312081",
      "name": "Glow Lab Colour Protect Shampoo",
      "brand": "Glow Lab",
      "imageUrls": "https://cdn0.woolworths.media/content/wowproductimages/large/683380.jpg",
      "storeId": "woolworths",
      "packageSize": "300ml",
      "cupPrice": "$4.20 / 100ML",
      "locations": {
        "ALL": {
          "price": 12.6,
          "discountRate": 30,
          "promo": "",
          "orgPrice": 18
        }
      },
      "categoryIds": ["w-health-beauty"],
      "similarProducts": []
    },
    {
      "id": "w-683386-9421027312159",
      "name": "Glow Lab Hair Mask",
      "brand": "Glow Lab",
      "imageUrls": "https://cdn0.woolworths.media/content/wowproductimages/large/683386.jpg",
      "storeId": "woolworths",
      "packageSize": "200ml",
      "cupPrice": "$4.50 / 100ML",
      "locations": {
        "ALL": { "price": 9, "discountRate": 50, "promo": "", "orgPrice": 18 }
      },
      "categoryIds": ["w-health-beauty"],
      "similarProducts": []
    },
    {
      "id": "w-683385-9421027312142",
      "name": "Glow Lab Hair Serum",
      "brand": "Glow Lab",
      "imageUrls": "https://cdn0.woolworths.media/content/wowproductimages/large/683385.jpg",
      "storeId": "woolworths",
      "packageSize": "50ml",
      "cupPrice": "$18.00 / 100ML",
      "locations": {
        "ALL": { "price": 9, "discountRate": 50, "promo": "", "orgPrice": 18 }
      },
      "categoryIds": ["w-health-beauty"],
      "similarProducts": []
    },
    {
      "id": "w-821336-9421027312678",
      "name": "Glow Lab Purple Conditioner",
      "brand": "Glow Lab",
      "imageUrls": "https://cdn0.woolworths.media/content/wowproductimages/large/821336.jpg",
      "storeId": "woolworths",
      "packageSize": "300ml",
      "cupPrice": "$3.00 / 100ML",
      "locations": {
        "ALL": { "price": 9, "discountRate": 50, "promo": "", "orgPrice": 18 }
      },
      "categoryIds": ["w-health-beauty"],
      "similarProducts": []
    },
    {
      "id": "w-821335-9421027312661",
      "name": "Glow Lab Purple Shampoo",
      "brand": "Glow Lab",
      "imageUrls": "https://cdn0.woolworths.media/content/wowproductimages/large/821335.jpg",
      "storeId": "woolworths",
      "packageSize": "300ml",
      "cupPrice": "$3.00 / 100ML",
      "locations": {
        "ALL": { "price": 9, "discountRate": 50, "promo": "", "orgPrice": 18 }
      },
      "categoryIds": ["w-health-beauty"],
      "similarProducts": []
    },
    {
      "id": "w-683383-9421027312104",
      "name": "Glow Lab Hydrating Conditioner",
      "brand": "Glow Lab",
      "imageUrls": "https://cdn0.woolworths.media/content/wowproductimages/large/683383.jpg",
      "storeId": "woolworths",
      "packageSize": "300ml",
      "cupPrice": "$3.00 / 100ML",
      "locations": {
        "ALL": { "price": 9, "discountRate": 50, "promo": "", "orgPrice": 18 }
      },
      "categoryIds": ["w-health-beauty"],
      "similarProducts": []
    },
    {
      "id": "w-683318-9421027312067",
      "name": "Glow Lab Hydrating Shampoo",
      "brand": "Glow Lab",
      "imageUrls": "https://cdn0.woolworths.media/content/wowproductimages/large/683318.jpg",
      "storeId": "woolworths",
      "packageSize": "300ml",
      "cupPrice": "$3.00 / 100ML",
      "locations": {
        "ALL": { "price": 9, "discountRate": 50, "promo": "", "orgPrice": 18 }
      },
      "categoryIds": ["w-health-beauty"],
      "similarProducts": []
    },
    {
      "id": "w-683378-9421027312111",
      "name": "Glow Lab Repairing Conditioner",
      "brand": "Glow Lab",
      "imageUrls": "https://cdn0.woolworths.media/content/wowproductimages/large/683378.jpg",
      "storeId": "woolworths",
      "packageSize": "300ml",
      "cupPrice": "$3.00 / 100ML",
      "locations": {
        "ALL": { "price": 9, "discountRate": 50, "promo": "", "orgPrice": 18 }
      },
      "categoryIds": ["w-health-beauty"],
      "similarProducts": []
    },
    {
      "id": "w-683319-9421027312074",
      "name": "Glow Lab Repairing Shampoo",
      "brand": "Glow Lab",
      "imageUrls": "https://cdn0.woolworths.media/content/wowproductimages/large/683319.jpg",
      "storeId": "woolworths",
      "packageSize": "300ml",
      "cupPrice": "$3.00 / 100ML",
      "locations": {
        "ALL": { "price": 9, "discountRate": 50, "promo": "", "orgPrice": 18 }
      },
      "categoryIds": ["w-health-beauty"],
      "similarProducts": []
    },
    {
      "id": "w-683390-9421027312135",
      "name": "Glow Lab Volumising Conditioner",
      "brand": "Glow Lab",
      "imageUrls": "https://cdn0.woolworths.media/content/wowproductimages/large/683390.jpg",
      "storeId": "woolworths",
      "packageSize": "300ml",
      "cupPrice": "$3.00 / 100ML",
      "locations": {
        "ALL": { "price": 9, "discountRate": 50, "promo": "", "orgPrice": 18 }
      },
      "categoryIds": ["w-health-beauty"],
      "similarProducts": []
    },
    {
      "id": "w-683381-9421027312098",
      "name": "Glow Lab Volumising Shampoo",
      "brand": "Glow Lab",
      "imageUrls": "https://cdn0.woolworths.media/content/wowproductimages/large/683381.jpg",
      "storeId": "woolworths",
      "packageSize": "300ml",
      "cupPrice": "$3.00 / 100ML",
      "locations": {
        "ALL": { "price": 9, "discountRate": 50, "promo": "", "orgPrice": 18 }
      },
      "categoryIds": ["w-health-beauty"],
      "similarProducts": []
    },
    {
      "id": "w-58197-9310846500123",
      "name": "Go Natural Beauty Capsules",
      "brand": "Go Natural",
      "imageUrls": "https://cdn0.woolworths.media/content/wowproductimages/large/058197.jpg",
      "storeId": "woolworths",
      "packageSize": "30 pack",
      "cupPrice": "$33.33 / 100EA",
      "locations": {
        "ALL": {
          "price": 10,
          "discountRate": 50,
          "promo": "",
          "orgPrice": 20
        }
      },
      "categoryIds": ["w-health-beauty"],
      "similarProducts": []
    },
    {
      "id": "w-58198-9310846500109",
      "name": "Go Natural Digestion Capsules",
      "brand": "Go Natural",
      "imageUrls": "https://cdn0.woolworths.media/content/wowproductimages/large/058198.jpg",
      "storeId": "woolworths",
      "packageSize": "30 pack",
      "cupPrice": "$33.33 / 100EA",
      "locations": {
        "ALL": {
          "price": 10,
          "discountRate": 50,
          "promo": "",
          "orgPrice": 20
        }
      },
      "categoryIds": ["w-health-beauty"],
      "similarProducts": []
    },
    {
      "id": "w-58187-9310846500154",
      "name": "Go Natural Energise Capsules",
      "brand": "Go Natural",
      "imageUrls": "https://cdn0.woolworths.media/content/wowproductimages/large/058187.jpg",
      "storeId": "woolworths",
      "packageSize": "30 pack",
      "cupPrice": "$33.33 / 100EA",
      "locations": {
        "ALL": {
          "price": 10,
          "discountRate": 50,
          "promo": "",
          "orgPrice": 20
        }
      },
      "categoryIds": ["w-health-beauty"],
      "similarProducts": []
    },
    {
      "id": "w-58186-9310846500161",
      "name": "Go Natural Focus Capsules",
      "brand": "Go Natural",
      "imageUrls": "https://cdn0.woolworths.media/content/wowproductimages/large/058186.jpg",
      "storeId": "woolworths",
      "packageSize": "30 pack",
      "cupPrice": "$33.33 / 100EA",
      "locations": {
        "ALL": {
          "price": 10,
          "discountRate": 50,
          "promo": "",
          "orgPrice": 20
        }
      },
      "categoryIds": ["w-health-beauty"],
      "similarProducts": []
    },
    {
      "id": "w-58188-9310846500147",
      "name": "Go Natural Immune Capsules",
      "brand": "Go Natural",
      "imageUrls": "https://cdn0.woolworths.media/content/wowproductimages/large/058188.jpg",
      "storeId": "woolworths",
      "packageSize": "30 pack",
      "cupPrice": "$33.33 / 100EA",
      "locations": {
        "ALL": {
          "price": 10,
          "discountRate": 50,
          "promo": "",
          "orgPrice": 20
        }
      },
      "categoryIds": ["w-health-beauty"],
      "similarProducts": []
    },
    {
      "id": "w-58199-9310846500093",
      "name": "Go Natural Stress Capsules",
      "brand": "Go Natural",
      "imageUrls": "https://cdn0.woolworths.media/content/wowproductimages/large/058199.jpg",
      "storeId": "woolworths",
      "packageSize": "30 pack",
      "cupPrice": "$33.33 / 100EA",
      "locations": {
        "ALL": {
          "price": 10,
          "discountRate": 50,
          "promo": "",
          "orgPrice": 20
        }
      },
      "categoryIds": ["w-health-beauty"],
      "similarProducts": []
    },
    {
      "id": "w-91225-5060221204767",
      "name": "Grenade Carb Killa Biscuit Salted Caramel",
      "brand": "Grenade",
      "imageUrls": "https://cdn0.woolworths.media/content/wowproductimages/large/091225.jpg",
      "storeId": "woolworths",
      "packageSize": "50g",
      "cupPrice": "$4.50 / 100G",
      "locations": {
        "ALL": {
          "price": 2.25,
          "discountRate": 50,
          "promo": "",
          "orgPrice": 4.5
        }
      },
      "categoryIds": ["w-health-beauty"],
      "similarProducts": []
    },
    {
      "id": "w-92058-5060221201391",
      "name": "Grenade Carb Killa High Protein Bar Caramel Chaos",
      "brand": "Grenade",
      "imageUrls": "https://cdn0.woolworths.media/content/wowproductimages/large/092058.jpg",
      "storeId": "woolworths",
      "packageSize": "60g",
      "cupPrice": "$3.33 / 100G",
      "locations": {
        "ALL": { "price": 2, "discountRate": 50, "promo": "", "orgPrice": 4 }
      },
      "categoryIds": ["w-health-beauty"],
      "similarProducts": []
    },
    {
      "id": "w-91910-5060221201575",
      "name": "Grenade Carb Killa High Protein Bar Cookies & Cream",
      "brand": "Grenade",
      "imageUrls": "https://cdn0.woolworths.media/content/wowproductimages/large/091910.jpg",
      "storeId": "woolworths",
      "packageSize": "60g",
      "cupPrice": "$3.33 / 100G",
      "locations": {
        "ALL": { "price": 2, "discountRate": 50, "promo": "", "orgPrice": 4 }
      },
      "categoryIds": ["w-health-beauty"],
      "similarProducts": []
    },
    {
      "id": "w-92220-5060221201605",
      "name": "Grenade Carb Killa High Protein Bar Fudge Brownie",
      "brand": "Grenade",
      "imageUrls": "https://cdn0.woolworths.media/content/wowproductimages/large/092220.jpg",
      "storeId": "woolworths",
      "packageSize": "60g",
      "cupPrice": "$3.33 / 100G",
      "locations": {
        "ALL": { "price": 2, "discountRate": 50, "promo": "", "orgPrice": 4 }
      },
      "categoryIds": ["w-health-beauty"],
      "similarProducts": []
    },
    {
      "id": "w-92061-5060221203753",
      "name": "Grenade Carb Killa High Protein Bar Peanut Nutter",
      "brand": "Grenade",
      "imageUrls": "https://cdn0.woolworths.media/content/wowproductimages/large/092061.jpg",
      "storeId": "woolworths",
      "packageSize": "60g",
      "cupPrice": "$3.33 / 100G",
      "locations": {
        "ALL": { "price": 2, "discountRate": 50, "promo": "", "orgPrice": 4 }
      },
      "categoryIds": ["w-health-beauty"],
      "similarProducts": []
    },
    {
      "id": "w-92326-5060221201810",
      "name": "Grenade Carb Killa High Protein Bar White Chocolate Cookie",
      "brand": "Grenade",
      "imageUrls": "https://cdn0.woolworths.media/content/wowproductimages/large/092326.jpg",
      "storeId": "woolworths",
      "packageSize": "60g",
      "cupPrice": "$3.33 / 100G",
      "locations": {
        "ALL": { "price": 2, "discountRate": 50, "promo": "", "orgPrice": 4 }
      },
      "categoryIds": ["w-health-beauty"],
      "similarProducts": []
    },
    {
      "id": "w-156888-4902430461764",
      "name": "Head & Shoulders Clean & Balanced Anti-dandruff Shampoo",
      "brand": "Head & Shoulders",
      "imageUrls": "https://cdn0.woolworths.media/content/wowproductimages/large/156888.jpg",
      "storeId": "woolworths",
      "packageSize": "400ml",
      "cupPrice": "$1.38 / 100ML",
      "locations": {
        "ALL": {
          "price": 5.5,
          "discountRate": 50,
          "promo": "",
          "orgPrice": 11
        }
      },
      "categoryIds": ["w-health-beauty"],
      "similarProducts": [
        { "productId": "cw-75801", "storeId": "chemist-warehouse" },
        { "productId": "cw-54444", "storeId": "chemist-warehouse" },
        { "productId": "cw-43182", "storeId": "chemist-warehouse" }
      ]
    },
    {
      "id": "w-363467-4902430462518",
      "name": "Head & Shoulders Clean & Balanced Hair Scalp Care Anti Dandruff Conditioner",
      "brand": "Head & Shoulders",
      "imageUrls": "https://cdn0.woolworths.media/content/wowproductimages/large/363467.jpg",
      "storeId": "woolworths",
      "packageSize": "400ml",
      "cupPrice": "$1.38 / 100ML",
      "locations": {
        "ALL": {
          "price": 5.5,
          "discountRate": 50,
          "promo": "",
          "orgPrice": 11
        }
      },
      "categoryIds": ["w-health-beauty"],
      "similarProducts": [
        { "productId": "cw-51478", "storeId": "chemist-warehouse" }
      ]
    },
    {
      "id": "w-53293-4902430891646",
      "name": "Head & Shoulders Cool Menthol Conditioner",
      "brand": "Head & Shoulders",
      "imageUrls": "https://cdn0.woolworths.media/content/wowproductimages/large/053293.jpg",
      "storeId": "woolworths",
      "packageSize": "400ml",
      "cupPrice": "$1.38 / 100ML",
      "locations": {
        "ALL": {
          "price": 5.5,
          "discountRate": 50,
          "promo": "",
          "orgPrice": 11
        }
      },
      "categoryIds": ["w-health-beauty"],
      "similarProducts": []
    },
    {
      "id": "w-53281-4902430891615",
      "name": "Head & Shoulders Cool Menthol Shampoo",
      "brand": "Head & Shoulders",
      "imageUrls": "https://cdn0.woolworths.media/content/wowproductimages/large/053281.jpg",
      "storeId": "woolworths",
      "packageSize": "400ml",
      "cupPrice": "$1.38 / 100ML",
      "locations": {
        "ALL": {
          "price": 5.5,
          "discountRate": 50,
          "promo": "",
          "orgPrice": 11
        }
      },
      "categoryIds": ["w-health-beauty"],
      "similarProducts": []
    },
    {
      "id": "w-363470-4902430284820",
      "name": "Head & Shoulders Dry Scalp Care With Almond Oil Anti Dandruff Conditioner",
      "brand": "Head & Shoulders",
      "imageUrls": "https://cdn0.woolworths.media/content/wowproductimages/large/363470.jpg",
      "storeId": "woolworths",
      "packageSize": "400ml",
      "cupPrice": "$1.38 / 100ML",
      "locations": {
        "ALL": {
          "price": 5.5,
          "discountRate": 50,
          "promo": "",
          "orgPrice": 11
        }
      },
      "categoryIds": ["w-health-beauty"],
      "similarProducts": []
    },
    {
      "id": "w-174359-4902430055864",
      "name": "Head & Shoulders Dry Scalp Care With Almond Oil Anti Dandruff Shampoo",
      "brand": "Head & Shoulders",
      "imageUrls": "https://cdn0.woolworths.media/content/wowproductimages/large/174359.jpg",
      "storeId": "woolworths",
      "packageSize": "400ml",
      "cupPrice": "$1.38 / 100ML",
      "locations": {
        "ALL": {
          "price": 5.5,
          "discountRate": 50,
          "promo": "",
          "orgPrice": 11
        }
      },
      "categoryIds": ["w-health-beauty"],
      "similarProducts": [
        { "productId": "cw-54694", "storeId": "chemist-warehouse" }
      ]
    },
    {
      "id": "w-852217-4902430859141",
      "name": "Head & Shoulders Shampoo Moisture",
      "brand": "Head & Shoulders",
      "imageUrls": "https://cdn0.woolworths.media/content/wowproductimages/large/852217.jpg",
      "storeId": "woolworths",
      "packageSize": "550ml",
      "cupPrice": "$1.73 / 100ML",
      "locations": {
        "ALL": {
          "price": 9.5,
          "discountRate": 50,
          "promo": "",
          "orgPrice": 19
        }
      },
      "categoryIds": ["w-health-beauty"],
      "similarProducts": []
    },
    {
      "id": "w-363469-4902430282703",
      "name": "Head & Shoulders Smooth & Silky Scalp Care Anti Dandruff Conditioner",
      "brand": "Head & Shoulders",
      "imageUrls": "https://cdn0.woolworths.media/content/wowproductimages/large/363469.jpg",
      "storeId": "woolworths",
      "packageSize": "400ml",
      "cupPrice": "$1.38 / 100ML",
      "locations": {
        "ALL": {
          "price": 5.5,
          "discountRate": 50,
          "promo": "",
          "orgPrice": 11
        }
      },
      "categoryIds": ["w-health-beauty"],
      "similarProducts": []
    },
    {
      "id": "w-679018-4902430752817",
      "name": "Head & Shoulders Supreme Moisture Conditioner",
      "brand": "Head & Shoulders",
      "imageUrls": "https://cdn0.woolworths.media/content/wowproductimages/large/679018.jpg",
      "storeId": "woolworths",
      "packageSize": "400ml",
      "cupPrice": "$1.88 / 100ML",
      "locations": {
        "ALL": {
          "price": 7.5,
          "discountRate": 50,
          "promo": "",
          "orgPrice": 15
        }
      },
      "categoryIds": ["w-health-beauty"],
      "similarProducts": [
        { "productId": "cw-87062", "storeId": "chemist-warehouse" },
        { "productId": "cw-87063", "storeId": "chemist-warehouse" },
        { "productId": "cw-100677", "storeId": "chemist-warehouse" },
        { "productId": "cw-87061", "storeId": "chemist-warehouse" }
      ]
    },
    {
      "id": "w-679035-4902430752756",
      "name": "Head & Shoulders Supreme Moisture Shampoo",
      "brand": "Head & Shoulders",
      "imageUrls": "https://cdn0.woolworths.media/content/wowproductimages/large/679035.jpg",
      "storeId": "woolworths",
      "packageSize": "400ml",
      "cupPrice": "$1.88 / 100ML",
      "locations": {
        "ALL": {
          "price": 7.5,
          "discountRate": 50,
          "promo": "",
          "orgPrice": 15
        }
      },
      "categoryIds": ["w-health-beauty"],
      "similarProducts": [
        { "productId": "cw-87066", "storeId": "chemist-warehouse" },
        { "productId": "cw-87065", "storeId": "chemist-warehouse" },
        { "productId": "cw-87064", "storeId": "chemist-warehouse" },
        { "productId": "cw-91572", "storeId": "chemist-warehouse" }
      ]
    },
    {
      "id": "w-679009-4902430752787",
      "name": "Head & Shoulders Supreme Moisture Shampoo",
      "brand": "Head & Shoulders",
      "imageUrls": "https://cdn0.woolworths.media/content/wowproductimages/large/679009.jpg",
      "storeId": "woolworths",
      "packageSize": "200ml",
      "cupPrice": "$2.00 / 100ML",
      "locations": {
        "ALL": { "price": 4, "discountRate": 50, "promo": "", "orgPrice": 8 }
      },
      "categoryIds": ["w-health-beauty"],
      "similarProducts": [
        { "productId": "cw-87066", "storeId": "chemist-warehouse" },
        { "productId": "cw-87065", "storeId": "chemist-warehouse" },
        { "productId": "cw-87064", "storeId": "chemist-warehouse" },
        { "productId": "cw-91572", "storeId": "chemist-warehouse" }
      ]
    },
    {
      "id": "w-81903-4902430921152",
      "name": "Head & Shoulders Supreme Purify & Volume Conditioner",
      "brand": "Head & Shoulders",
      "imageUrls": "https://cdn0.woolworths.media/content/wowproductimages/large/081903.jpg",
      "storeId": "woolworths",
      "packageSize": "400ml",
      "cupPrice": "$1.88 / 100ML",
      "locations": {
        "ALL": {
          "price": 7.5,
          "discountRate": 50,
          "promo": "",
          "orgPrice": 15
        }
      },
      "categoryIds": ["w-health-beauty"],
      "similarProducts": [
        { "productId": "cw-100669", "storeId": "chemist-warehouse" },
        { "productId": "cw-100676", "storeId": "chemist-warehouse" }
      ]
    },
    {
      "id": "w-81861-4902430921121",
      "name": "Head & Shoulders Supreme Purify & Volume Shampoo",
      "brand": "Head & Shoulders",
      "imageUrls": "https://cdn0.woolworths.media/content/wowproductimages/large/081861.jpg",
      "storeId": "woolworths",
      "packageSize": "400ml",
      "cupPrice": "$1.88 / 100ML",
      "locations": {
        "ALL": {
          "price": 7.5,
          "discountRate": 50,
          "promo": "",
          "orgPrice": 15
        }
      },
      "categoryIds": ["w-health-beauty"],
      "similarProducts": [
        { "productId": "cw-100674", "storeId": "chemist-warehouse" },
        { "productId": "cw-100675", "storeId": "chemist-warehouse" }
      ]
    },
    {
      "id": "w-81904-4902430921114",
      "name": "Head & Shoulders Supreme Purify & Volume Shampoo",
      "brand": "Head & Shoulders",
      "imageUrls": "https://cdn0.woolworths.media/content/wowproductimages/large/081904.jpg",
      "storeId": "woolworths",
      "packageSize": "200ml",
      "cupPrice": "$2.00 / 100ML",
      "locations": {
        "ALL": { "price": 4, "discountRate": 50, "promo": "", "orgPrice": 8 }
      },
      "categoryIds": ["w-health-beauty"],
      "similarProducts": [
        { "productId": "cw-100674", "storeId": "chemist-warehouse" },
        { "productId": "cw-100675", "storeId": "chemist-warehouse" }
      ]
    },
    {
      "id": "w-81902-4902430921145",
      "name": "Head & Shoulders Supreme Purrify & Volume Conditioner",
      "brand": "Head & Shoulders",
      "imageUrls": "https://cdn0.woolworths.media/content/wowproductimages/large/081902.jpg",
      "storeId": "woolworths",
      "packageSize": "200ml",
      "cupPrice": "$2.00 / 100ML",
      "locations": {
        "ALL": { "price": 4, "discountRate": 50, "promo": "", "orgPrice": 8 }
      },
      "categoryIds": ["w-health-beauty"],
      "similarProducts": [
        { "productId": "cw-100669", "storeId": "chemist-warehouse" },
        { "productId": "cw-100676", "storeId": "chemist-warehouse" }
      ]
    },
    {
      "id": "w-679040-4902430752770",
      "name": "Head & Shoulders Supreme Smooth Shampoo",
      "brand": "Head & Shoulders",
      "imageUrls": "https://cdn0.woolworths.media/content/wowproductimages/large/679040.jpg",
      "storeId": "woolworths",
      "packageSize": "400ml",
      "cupPrice": "$1.88 / 100ML",
      "locations": {
        "ALL": {
          "price": 7.5,
          "discountRate": 50,
          "promo": "",
          "orgPrice": 15
        }
      },
      "categoryIds": ["w-health-beauty"],
      "similarProducts": [
        { "productId": "cw-87070", "storeId": "chemist-warehouse" },
        { "productId": "cw-100678", "storeId": "chemist-warehouse" }
      ]
    },
    {
      "id": "w-852401-4902430856485",
      "name": "Head & Shoulders Ultra Men Shampoo Deep Clean",
      "brand": "Head & Shoulders",
      "imageUrls": "https://cdn0.woolworths.media/content/wowproductimages/large/852401.jpg",
      "storeId": "woolworths",
      "packageSize": "200ml",
      "cupPrice": "$2.00 / 100ML",
      "locations": {
        "ALL": { "price": 4, "discountRate": 50, "promo": "", "orgPrice": 8 }
      },
      "categoryIds": ["w-health-beauty"],
      "similarProducts": []
    },
    {
      "id": "w-852410-4902430857345",
      "name": "Head & Shoulders Ultra Men Shampoo Deep Clean",
      "brand": "Head & Shoulders",
      "imageUrls": "https://cdn0.woolworths.media/content/wowproductimages/large/852410.jpg",
      "storeId": "woolworths",
      "packageSize": "550ml",
      "cupPrice": "$1.73 / 100ML",
      "locations": {
        "ALL": {
          "price": 9.5,
          "discountRate": 50,
          "promo": "",
          "orgPrice": 19
        }
      },
      "categoryIds": ["w-health-beauty"],
      "similarProducts": []
    },
    {
      "id": "w-820442-4902430856492",
      "name": "Head & Shoulders Ultra Men Shampoo Deep Clean",
      "brand": "Head & Shoulders",
      "imageUrls": "https://cdn0.woolworths.media/content/wowproductimages/large/820442.jpg",
      "storeId": "woolworths",
      "packageSize": "400ml",
      "cupPrice": "$1.88 / 100ML",
      "locations": {
        "ALL": {
          "price": 7.5,
          "discountRate": 50,
          "promo": "",
          "orgPrice": 15
        }
      },
      "categoryIds": ["w-health-beauty"],
      "similarProducts": []
    },
    {
      "id": "w-820432-4902430856515",
      "name": "Head & Shoulders Ultra Men Shampoo Hair Retain",
      "brand": "Head & Shoulders",
      "imageUrls": "https://cdn0.woolworths.media/content/wowproductimages/large/820432.jpg",
      "storeId": "woolworths",
      "packageSize": "400ml",
      "cupPrice": "$1.88 / 100ML",
      "locations": {
        "ALL": {
          "price": 7.5,
          "discountRate": 50,
          "promo": "",
          "orgPrice": 15
        }
      },
      "categoryIds": ["w-health-beauty"],
      "similarProducts": []
    },
    {
      "id": "w-852412-4902430857352",
      "name": "Head & Shoulders Ultra Men Shampoo Hair Retain",
      "brand": "Head & Shoulders",
      "imageUrls": "https://cdn0.woolworths.media/content/wowproductimages/large/852412.jpg",
      "storeId": "woolworths",
      "packageSize": "550ml",
      "cupPrice": "$1.73 / 100ML",
      "locations": {
        "ALL": {
          "price": 9.5,
          "discountRate": 50,
          "promo": "",
          "orgPrice": 19
        }
      },
      "categoryIds": ["w-health-beauty"],
      "similarProducts": []
    },
    {
      "id": "w-820441-4902430856478",
      "name": "Head & Shoulders Ultra Men Shampoo Old Spice",
      "brand": "Head & Shoulders",
      "imageUrls": "https://cdn0.woolworths.media/content/wowproductimages/large/820441.jpg",
      "storeId": "woolworths",
      "packageSize": "400ml",
      "cupPrice": "$1.88 / 100ML",
      "locations": {
        "ALL": {
          "price": 7.5,
          "discountRate": 50,
          "promo": "",
          "orgPrice": 15
        }
      },
      "categoryIds": ["w-health-beauty"],
      "similarProducts": []
    },
    {
      "id": "w-820528-4902430857338",
      "name": "Head & Shoulders Ultra Men Shampoo Old Spice",
      "brand": "Head & Shoulders",
      "imageUrls": "https://cdn0.woolworths.media/content/wowproductimages/large/820528.jpg",
      "storeId": "woolworths",
      "packageSize": "550ml",
      "cupPrice": "$1.73 / 100ML",
      "locations": {
        "ALL": {
          "price": 9.5,
          "discountRate": 50,
          "promo": "",
          "orgPrice": 19
        }
      },
      "categoryIds": ["w-health-beauty"],
      "similarProducts": []
    },
    {
      "id": "w-852400-4902430856461",
      "name": "Head & Shoulders Ultra Men Shampoo Old Spice",
      "brand": "Head & Shoulders",
      "imageUrls": "https://cdn0.woolworths.media/content/wowproductimages/large/852400.jpg",
      "storeId": "woolworths",
      "packageSize": "200ml",
      "cupPrice": "$2.00 / 100ML",
      "locations": {
        "ALL": { "price": 4, "discountRate": 50, "promo": "", "orgPrice": 8 }
      },
      "categoryIds": ["w-health-beauty"],
      "similarProducts": []
    },
    {
      "id": "w-820431-4902430856539",
      "name": "Head & Shoulders Ultra Men Shampoo Sports Fresh",
      "brand": "Head & Shoulders",
      "imageUrls": "https://cdn0.woolworths.media/content/wowproductimages/large/820431.jpg",
      "storeId": "woolworths",
      "packageSize": "400ml",
      "cupPrice": "$1.88 / 100ML",
      "locations": {
        "ALL": {
          "price": 7.5,
          "discountRate": 50,
          "promo": "",
          "orgPrice": 15
        }
      },
      "categoryIds": ["w-health-beauty"],
      "similarProducts": []
    },
    {
      "id": "w-852404-4902430859608",
      "name": "Head & Shoulders Ultra Men Shampoo Sports Fresh",
      "brand": "Head & Shoulders",
      "imageUrls": "https://cdn0.woolworths.media/content/wowproductimages/large/852404.jpg",
      "storeId": "woolworths",
      "packageSize": "550ml",
      "cupPrice": "$1.73 / 100ML",
      "locations": {
        "ALL": {
          "price": 9.5,
          "discountRate": 50,
          "promo": "",
          "orgPrice": 19
        }
      },
      "categoryIds": ["w-health-beauty"],
      "similarProducts": []
    },
    {
      "id": "w-81663-190679003300",
      "name": "Herbal Essences Argan Oil Repairing Hair Mask",
      "brand": "Herbal Essences",
      "imageUrls": "https://cdn0.woolworths.media/content/wowproductimages/large/081663.jpg",
      "storeId": "woolworths",
      "packageSize": "50ml",
      "cupPrice": "$5.00 / 100ML",
      "locations": {
        "ALL": {
          "price": 2.5,
          "discountRate": 50,
          "promo": "",
          "orgPrice": 5
        }
      },
      "categoryIds": ["w-health-beauty"],
      "similarProducts": []
    },
    {
      "id": "w-802609-8001090222992",
      "name": "Herbal Essences Bio Cocoa Butter Conditioner",
      "brand": "Herbal Essences",
      "imageUrls": "https://cdn0.woolworths.media/content/wowproductimages/large/802609.jpg",
      "storeId": "woolworths",
      "packageSize": "400ml",
      "cupPrice": "$1.38 / 100ML",
      "locations": {
        "ALL": {
          "price": 5.5,
          "discountRate": 50,
          "promo": "",
          "orgPrice": 11
        }
      },
      "categoryIds": ["w-health-beauty"],
      "similarProducts": []
    },
    {
      "id": "w-802697-8001090222961",
      "name": "Herbal Essences Bio Cocoa Butter Shampoo",
      "brand": "Herbal Essences",
      "imageUrls": "https://cdn0.woolworths.media/content/wowproductimages/large/802697.jpg",
      "storeId": "woolworths",
      "packageSize": "400ml",
      "cupPrice": "$1.38 / 100ML",
      "locations": {
        "ALL": {
          "price": 5.5,
          "discountRate": 50,
          "promo": "",
          "orgPrice": 11
        }
      },
      "categoryIds": ["w-health-beauty"],
      "similarProducts": []
    },
    {
      "id": "w-63012-4902430881852",
      "name": "Herbal Essences Bio Renew Conditioner Charcoal",
      "brand": "Herbal Essences",
      "imageUrls": "https://cdn0.woolworths.media/content/wowproductimages/large/063012.jpg",
      "storeId": "woolworths",
      "packageSize": "400ml",
      "cupPrice": "$1.38 / 100ML",
      "locations": {
        "ALL": {
          "price": 5.5,
          "discountRate": 50,
          "promo": "",
          "orgPrice": 11
        }
      },
      "categoryIds": ["w-health-beauty"],
      "similarProducts": []
    },
    {
      "id": "w-852197-190679000897",
      "name": "Herbal Essences Bio Renew Conditioner Hydrate Coconut Milk",
      "brand": "Herbal Essences",
      "imageUrls": "https://cdn0.woolworths.media/content/wowproductimages/large/852197.jpg",
      "storeId": "woolworths",
      "packageSize": "600ml",
      "cupPrice": "$1.42 / 100ML",
      "locations": {
        "ALL": {
          "price": 8.5,
          "discountRate": 50,
          "promo": "",
          "orgPrice": 17
        }
      },
      "categoryIds": ["w-health-beauty"],
      "similarProducts": []
    },
    {
      "id": "w-852181-190679000972",
      "name": "Herbal Essences Bio Renew Conditioner Repair Argan Oil",
      "brand": "Herbal Essences",
      "imageUrls": "https://cdn0.woolworths.media/content/wowproductimages/large/852181.jpg",
      "storeId": "woolworths",
      "packageSize": "600ml",
      "cupPrice": "$1.42 / 100ML",
      "locations": {
        "ALL": {
          "price": 8.5,
          "discountRate": 50,
          "promo": "",
          "orgPrice": 17
        }
      },
      "categoryIds": ["w-health-beauty"],
      "similarProducts": []
    },
    {
      "id": "w-85137-4902430902199",
      "name": "Herbal Essences Bio Renew Golden Moringa Oil Conditioner",
      "brand": "Herbal Essences",
      "imageUrls": "https://cdn0.woolworths.media/content/wowproductimages/large/085137.jpg",
      "storeId": "woolworths",
      "packageSize": "600ml",
      "cupPrice": "$1.42 / 100ML",
      "locations": {
        "ALL": {
          "price": 8.5,
          "discountRate": 50,
          "promo": "",
          "orgPrice": 17
        }
      },
      "categoryIds": ["w-health-beauty"],
      "similarProducts": []
    },
    {
      "id": "w-85186-4902430902175",
      "name": "Herbal Essences Bio Renew Golden Moringa Oil Shampoo",
      "brand": "Herbal Essences",
      "imageUrls": "https://cdn0.woolworths.media/content/wowproductimages/large/085186.jpg",
      "storeId": "woolworths",
      "packageSize": "600ml",
      "cupPrice": "$1.42 / 100ML",
      "locations": {
        "ALL": {
          "price": 8.5,
          "discountRate": 50,
          "promo": "",
          "orgPrice": 17
        }
      },
      "categoryIds": ["w-health-beauty"],
      "similarProducts": []
    },
    {
      "id": "w-852177-190679000903",
      "name": "Herbal Essences Bio Renew Shampoo Hydrate Coconut Milk",
      "brand": "Herbal Essences",
      "imageUrls": "https://cdn0.woolworths.media/content/wowproductimages/large/852177.jpg",
      "storeId": "woolworths",
      "packageSize": "600ml",
      "cupPrice": "$1.42 / 100ML",
      "locations": {
        "ALL": {
          "price": 8.5,
          "discountRate": 50,
          "promo": "",
          "orgPrice": 17
        }
      },
      "categoryIds": ["w-health-beauty"],
      "similarProducts": []
    },
    {
      "id": "w-852183-190679000989",
      "name": "Herbal Essences Bio Renew Shampoo Repair Argan Oil",
      "brand": "Herbal Essences",
      "imageUrls": "https://cdn0.woolworths.media/content/wowproductimages/large/852183.jpg",
      "storeId": "woolworths",
      "packageSize": "600ml",
      "cupPrice": "$1.42 / 100ML",
      "locations": {
        "ALL": {
          "price": 8.5,
          "discountRate": 50,
          "promo": "",
          "orgPrice": 17
        }
      },
      "categoryIds": ["w-health-beauty"],
      "similarProducts": []
    },
    {
      "id": "w-62993-4902430881845",
      "name": "Herbal Essences Bio Renew Shampoo Charcoal",
      "brand": "Herbal Essences",
      "imageUrls": "https://cdn0.woolworths.media/content/wowproductimages/large/062993.jpg",
      "storeId": "woolworths",
      "packageSize": "400ml",
      "cupPrice": "$1.38 / 100ML",
      "locations": {
        "ALL": {
          "price": 5.5,
          "discountRate": 50,
          "promo": "",
          "orgPrice": 11
        }
      },
      "categoryIds": ["w-health-beauty"],
      "similarProducts": []
    },
    {
      "id": "w-81664-190679003294",
      "name": "Herbal Essences Coconut Milk Hydrating Hair Mask",
      "brand": "Herbal Essences",
      "imageUrls": "https://cdn0.woolworths.media/content/wowproductimages/large/081664.jpg",
      "storeId": "woolworths",
      "packageSize": "50ml",
      "cupPrice": "$5.00 / 100ML",
      "locations": {
        "ALL": {
          "price": 2.5,
          "discountRate": 50,
          "promo": "",
          "orgPrice": 5
        }
      },
      "categoryIds": ["w-health-beauty"],
      "similarProducts": []
    },
    {
      "id": "w-261355-4902430118668",
      "name": "Herbal Essences Conditioner Colour Me Happy",
      "brand": "Herbal Essences",
      "imageUrls": "https://cdn0.woolworths.media/content/wowproductimages/large/261355.jpg",
      "storeId": "woolworths",
      "packageSize": "300ml",
      "cupPrice": "$0.92 / 100ML",
      "locations": {
        "ALL": {
          "price": 2.75,
          "discountRate": 50,
          "promo": "",
          "orgPrice": 5.5
        }
      },
      "categoryIds": ["w-health-beauty"],
      "similarProducts": []
    },
    {
      "id": "w-261349-4902430118651",
      "name": "Herbal Essences Conditioner Hello Hydration",
      "brand": "Herbal Essences",
      "imageUrls": "https://cdn0.woolworths.media/content/wowproductimages/large/261349.jpg",
      "storeId": "woolworths",
      "packageSize": "300ml",
      "cupPrice": "$0.92 / 100ML",
      "locations": {
        "ALL": {
          "price": 2.75,
          "discountRate": 50,
          "promo": "",
          "orgPrice": 5.5
        }
      },
      "categoryIds": ["w-health-beauty"],
      "similarProducts": []
    },
    {
      "id": "w-842521-4902430633260",
      "name": "Herbal Essences Conditioner Moroccan My Shine",
      "brand": "Herbal Essences",
      "imageUrls": "https://cdn0.woolworths.media/content/wowproductimages/large/842521.jpg",
      "storeId": "woolworths",
      "packageSize": "300ml",
      "cupPrice": "$0.92 / 100ML",
      "locations": {
        "ALL": {
          "price": 2.75,
          "discountRate": 50,
          "promo": "",
          "orgPrice": 5.5
        }
      },
      "categoryIds": ["w-health-beauty"],
      "similarProducts": []
    },
    {
      "id": "w-650325-8001090222459",
      "name": "Herbal Essences Hydrate Coconut Milk Conditioner",
      "brand": "Herbal Essences",
      "imageUrls": "https://cdn0.woolworths.media/content/wowproductimages/large/650325.jpg",
      "storeId": "woolworths",
      "packageSize": "400ml",
      "cupPrice": "$1.38 / 100ML",
      "locations": {
        "ALL": {
          "price": 5.5,
          "discountRate": 50,
          "promo": "",
          "orgPrice": 11
        }
      },
      "categoryIds": ["w-health-beauty"],
      "similarProducts": []
    },
    {
      "id": "w-650324-8001090222428",
      "name": "Herbal Essences Hydrate Coconut Milk Shampoo",
      "brand": "Herbal Essences",
      "imageUrls": "https://cdn0.woolworths.media/content/wowproductimages/large/650324.jpg",
      "storeId": "woolworths",
      "packageSize": "400ml",
      "cupPrice": "$1.38 / 100ML",
      "locations": {
        "ALL": {
          "price": 5.5,
          "discountRate": 50,
          "promo": "",
          "orgPrice": 11
        }
      },
      "categoryIds": ["w-health-beauty"],
      "similarProducts": []
    },
    {
      "id": "w-660863-8001090222510",
      "name": "Herbal Essences Naked Volume White Grapefruit & Mosa Mint Conditioner",
      "brand": "Herbal Essences",
      "imageUrls": "https://cdn0.woolworths.media/content/wowproductimages/large/660863.jpg",
      "storeId": "woolworths",
      "packageSize": "400ml",
      "cupPrice": "$1.38 / 100ML",
      "locations": {
        "ALL": {
          "price": 5.5,
          "discountRate": 50,
          "promo": "",
          "orgPrice": 11
        }
      },
      "categoryIds": ["w-health-beauty"],
      "similarProducts": []
    },
    {
      "id": "w-660884-8001090222480",
      "name": "Herbal Essences Naked Volume White Grapefruit & Mosa Mint Shampoo",
      "brand": "Herbal Essences",
      "imageUrls": "https://cdn0.woolworths.media/content/wowproductimages/large/660884.jpg",
      "storeId": "woolworths",
      "packageSize": "400ml",
      "cupPrice": "$1.38 / 100ML",
      "locations": {
        "ALL": {
          "price": 5.5,
          "discountRate": 50,
          "promo": "",
          "orgPrice": 11
        }
      },
      "categoryIds": ["w-health-beauty"],
      "similarProducts": []
    },
    {
      "id": "w-650329-8001090222879",
      "name": "Herbal Essences Repair Argan Oil Conditioner",
      "brand": "Herbal Essences",
      "imageUrls": "https://cdn0.woolworths.media/content/wowproductimages/large/650329.jpg",
      "storeId": "woolworths",
      "packageSize": "400ml",
      "cupPrice": "$1.38 / 100ML",
      "locations": {
        "ALL": {
          "price": 5.5,
          "discountRate": 50,
          "promo": "",
          "orgPrice": 11
        }
      },
      "categoryIds": ["w-health-beauty"],
      "similarProducts": []
    },
    {
      "id": "w-650328-8001090222848",
      "name": "Herbal Essences Repair Argan Oil Shampoo",
      "brand": "Herbal Essences",
      "imageUrls": "https://cdn0.woolworths.media/content/wowproductimages/large/650328.jpg",
      "storeId": "woolworths",
      "packageSize": "400ml",
      "cupPrice": "$1.38 / 100ML",
      "locations": {
        "ALL": {
          "price": 5.5,
          "discountRate": 50,
          "promo": "",
          "orgPrice": 11
        }
      },
      "categoryIds": ["w-health-beauty"],
      "similarProducts": []
    },
    {
      "id": "w-842532-4902430633277",
      "name": "Herbal Essences Shampoo Moroccan My Shine",
      "brand": "Herbal Essences",
      "imageUrls": "https://cdn0.woolworths.media/content/wowproductimages/large/842532.jpg",
      "storeId": "woolworths",
      "packageSize": "300ml",
      "cupPrice": "$0.92 / 100ML",
      "locations": {
        "ALL": {
          "price": 2.75,
          "discountRate": 50,
          "promo": "",
          "orgPrice": 5.5
        }
      },
      "categoryIds": ["w-health-beauty"],
      "similarProducts": []
    },
    {
      "id": "w-261336-4902430118699",
      "name": "Herbal Essences Shampoo Drama Clean",
      "brand": "Herbal Essences",
      "imageUrls": "https://cdn0.woolworths.media/content/wowproductimages/large/261336.jpg",
      "storeId": "woolworths",
      "packageSize": "300ml",
      "cupPrice": "$0.92 / 100ML",
      "locations": {
        "ALL": {
          "price": 2.75,
          "discountRate": 50,
          "promo": "",
          "orgPrice": 5.5
        }
      },
      "categoryIds": ["w-health-beauty"],
      "similarProducts": []
    },
    {
      "id": "w-261343-4902430118798",
      "name": "Herbal Essences Shampoo Hello Hydration",
      "brand": "Herbal Essences",
      "imageUrls": "https://cdn0.woolworths.media/content/wowproductimages/large/261343.jpg",
      "storeId": "woolworths",
      "packageSize": "300ml",
      "cupPrice": "$0.92 / 100ML",
      "locations": {
        "ALL": {
          "price": 2.75,
          "discountRate": 50,
          "promo": "",
          "orgPrice": 5.5
        }
      },
      "categoryIds": ["w-health-beauty"],
      "similarProducts": []
    },
    {
      "id": "w-650327-8001090222756",
      "name": "Herbal Essences Smooth Golden Moringa Oil Conditioner",
      "brand": "Herbal Essences",
      "imageUrls": "https://cdn0.woolworths.media/content/wowproductimages/large/650327.jpg",
      "storeId": "woolworths",
      "packageSize": "400ml",
      "cupPrice": "$1.38 / 100ML",
      "locations": {
        "ALL": {
          "price": 5.5,
          "discountRate": 50,
          "promo": "",
          "orgPrice": 11
        }
      },
      "categoryIds": ["w-health-beauty"],
      "similarProducts": [
        {
          "productId": "herbal-essences-bio-renew-conditioner-golden-moringa-oil",
          "storeId": "coles"
        }
      ]
    },
    {
      "id": "w-650326-8001090222725",
      "name": "Herbal Essences Smooth Golden Moringa Oil Shampoo",
      "brand": "Herbal Essences",
      "imageUrls": "https://cdn0.woolworths.media/content/wowproductimages/large/650326.jpg",
      "storeId": "woolworths",
      "packageSize": "400ml",
      "cupPrice": "$1.38 / 100ML",
      "locations": {
        "ALL": {
          "price": 5.5,
          "discountRate": 50,
          "promo": "",
          "orgPrice": 11
        }
      },
      "categoryIds": ["w-health-beauty"],
      "similarProducts": []
    },
    {
      "id": "w-254452-93233705",
      "name": "Herron Blue Ibuprofen Tabsules",
      "brand": "Herron",
      "imageUrls": "https://cdn0.woolworths.media/content/wowproductimages/large/254452.jpg",
      "storeId": "woolworths",
      "packageSize": "25 pack",
      "cupPrice": "$0.16 / 1EA",
      "locations": {
        "ALL": { "price": 4, "discountRate": 20, "promo": "", "orgPrice": 5 }
      },
      "categoryIds": ["w-health-beauty"],
      "similarProducts": []
    },
    {
      "id": "w-507559-93548434",
      "name": "Hydralyte Sports Drink Berry",
      "brand": "Hydralyte",
      "imageUrls": "https://cdn0.woolworths.media/content/wowproductimages/large/507559.jpg",
      "storeId": "woolworths",
      "packageSize": "600ml",
      "cupPrice": "$0.33 / 100ML",
      "locations": {
        "ALL": { "price": 2, "discountRate": 50, "promo": "", "orgPrice": 4 }
      },
      "categoryIds": ["w-health-beauty"],
      "similarProducts": []
    },
    {
      "id": "w-700249-9317039001542",
      "name": "Hydralyte Sports Effervescent Tablets Berry",
      "brand": "Hydralyte",
      "imageUrls": "https://cdn0.woolworths.media/content/wowproductimages/large/700249.jpg",
      "storeId": "woolworths",
      "packageSize": "20 pack",
      "cupPrice": "$0.33 / 1EA",
      "locations": {
        "ALL": {
          "price": 6.5,
          "discountRate": 50,
          "promo": "",
          "orgPrice": 13
        }
      },
      "categoryIds": ["w-health-beauty"],
      "similarProducts": []
    },
    {
      "id": "w-700246-9317039001535",
      "name": "Hydralyte Sports Effervescent Tablets Lemon Lime",
      "brand": "Hydralyte",
      "imageUrls": "https://cdn0.woolworths.media/content/wowproductimages/large/700246.jpg",
      "storeId": "woolworths",
      "packageSize": "20 pack",
      "cupPrice": "$0.33 / 1EA",
      "locations": {
        "ALL": {
          "price": 6.5,
          "discountRate": 50,
          "promo": "",
          "orgPrice": 13
        }
      },
      "categoryIds": ["w-health-beauty"],
      "similarProducts": []
    },
    {
      "id": "w-725734-9336666004054",
      "name": "Iron Melts Chewable Tablet",
      "brand": "Iron Melts",
      "imageUrls": "https://cdn0.woolworths.media/content/wowproductimages/large/725734.jpg",
      "storeId": "woolworths",
      "packageSize": "50pk",
      "cupPrice": "$8.00 / 100EA",
      "locations": {
        "ALL": { "price": 4, "discountRate": 50, "promo": "", "orgPrice": 8 }
      },
      "categoryIds": ["w-health-beauty"],
      "similarProducts": [
        { "productId": "cw-42951", "storeId": "chemist-warehouse" }
      ]
    },
    {
      "id": "w-820122-9342746000519",
      "name": "Jack The Barber Clay",
      "brand": "Jack The Barber",
      "imageUrls": "https://cdn0.woolworths.media/content/wowproductimages/large/820122.jpg",
      "storeId": "woolworths",
      "packageSize": "95g",
      "cupPrice": "$9.47 / 100G",
      "locations": {
        "ALL": { "price": 9, "discountRate": 40, "promo": "", "orgPrice": 15 }
      },
      "categoryIds": ["w-health-beauty"],
      "similarProducts": []
    },
    {
      "id": "w-54939-9342746000854",
      "name": "Jack The Barber Double Edge Razor (long)",
      "brand": "Jack The Barber",
      "imageUrls": "https://cdn0.woolworths.media/content/wowproductimages/large/054939.jpg",
      "storeId": "woolworths",
      "packageSize": "each",
      "cupPrice": "$12.00 / 1EA",
      "locations": {
        "ALL": {
          "price": 12,
          "discountRate": 40,
          "promo": "",
          "orgPrice": 20
        }
      },
      "categoryIds": ["w-health-beauty"],
      "similarProducts": []
    },
    {
      "id": "w-820121-9342746000496",
      "name": "Jack The Barber Fiber",
      "brand": "Jack The Barber",
      "imageUrls": "https://cdn0.woolworths.media/content/wowproductimages/large/820121.jpg",
      "storeId": "woolworths",
      "packageSize": "95g",
      "cupPrice": "$9.47 / 100G",
      "locations": {
        "ALL": { "price": 9, "discountRate": 40, "promo": "", "orgPrice": 15 }
      },
      "categoryIds": ["w-health-beauty"],
      "similarProducts": []
    },
    {
      "id": "w-88848-9342746000984",
      "name": "Jack The Barber Military Hair & Beard Brush",
      "brand": "Jack The Barber",
      "imageUrls": "https://cdn0.woolworths.media/content/wowproductimages/large/088848.jpg",
      "storeId": "woolworths",
      "packageSize": "each",
      "cupPrice": "$7.20 / 1EA",
      "locations": {
        "ALL": {
          "price": 7.2,
          "discountRate": 40,
          "promo": "",
          "orgPrice": 12
        }
      },
      "categoryIds": ["w-health-beauty"],
      "similarProducts": []
    },
    {
      "id": "w-820036-9342746000502",
      "name": "Jack The Barber Paste",
      "brand": "Jack The Barber",
      "imageUrls": "https://cdn0.woolworths.media/content/wowproductimages/large/820036.jpg",
      "storeId": "woolworths",
      "packageSize": "95g",
      "cupPrice": "$9.47 / 100G",
      "locations": {
        "ALL": { "price": 9, "discountRate": 40, "promo": "", "orgPrice": 15 }
      },
      "categoryIds": ["w-health-beauty"],
      "similarProducts": []
    },
    {
      "id": "w-89453-9342746000908",
      "name": "Jack The Barber Sandalwood Beard Balm",
      "brand": "Jack The Barber",
      "imageUrls": "https://cdn0.woolworths.media/content/wowproductimages/large/089453.jpg",
      "storeId": "woolworths",
      "packageSize": "50g",
      "cupPrice": "$18.00 / 100G",
      "locations": {
        "ALL": { "price": 9, "discountRate": 40, "promo": "", "orgPrice": 15 }
      },
      "categoryIds": ["w-health-beauty"],
      "similarProducts": []
    },
    {
      "id": "w-54940-9342746000892",
      "name": "Jack The Barber Shaving Cream",
      "brand": "Jack The Barber",
      "imageUrls": "https://cdn0.woolworths.media/content/wowproductimages/large/054940.jpg",
      "storeId": "woolworths",
      "packageSize": "150g",
      "cupPrice": "$4.00 / 100G",
      "locations": {
        "ALL": { "price": 6, "discountRate": 40, "promo": "", "orgPrice": 10 }
      },
      "categoryIds": ["w-health-beauty"],
      "similarProducts": []
    },
    {
      "id": "w-820120-9342746000489",
      "name": "Jack The Barber Strong Pomade",
      "brand": "Jack The Barber",
      "imageUrls": "https://cdn0.woolworths.media/content/wowproductimages/large/820120.jpg",
      "storeId": "woolworths",
      "packageSize": "95g",
      "cupPrice": "$9.47 / 100G",
      "locations": {
        "ALL": { "price": 9, "discountRate": 40, "promo": "", "orgPrice": 15 }
      },
      "categoryIds": ["w-health-beauty"],
      "similarProducts": []
    },
    {
      "id": "w-88512-5021371620272",
      "name": "Jeer Gold Deodorant Body Spray",
      "brand": "Jeer",
      "imageUrls": "https://cdn0.woolworths.media/content/wowproductimages/large/088512.jpg",
      "storeId": "woolworths",
      "packageSize": "150ml",
      "cupPrice": "$2.67 / 100ML",
      "locations": {
        "ALL": { "price": 4, "discountRate": 20, "promo": "", "orgPrice": 5 }
      },
      "categoryIds": ["w-health-beauty"],
      "similarProducts": []
    },
    {
      "id": "w-845561-717226214974",
      "name": "John Frieda Beach Blonde Ocean Waves Spray",
      "brand": "John Frieda",
      "imageUrls": "https://cdn0.woolworths.media/content/wowproductimages/large/845561.jpg",
      "storeId": "woolworths",
      "packageSize": "150ml",
      "cupPrice": "$5.67 / 100ML",
      "locations": {
        "ALL": {
          "price": 8.5,
          "discountRate": 50,
          "promo": "",
          "orgPrice": 17
        }
      },
      "categoryIds": ["w-health-beauty"],
      "similarProducts": []
    },
    {
      "id": "w-219061-717226013041",
      "name": "John Frieda Brilliant Brunette Colour Protect Moisturising Shampoo",
      "brand": "John Frieda",
      "imageUrls": "https://cdn0.woolworths.media/content/wowproductimages/large/219061.jpg",
      "storeId": "woolworths",
      "packageSize": "250ml",
      "cupPrice": "$3.20 / 100ML",
      "locations": {
        "ALL": { "price": 8, "discountRate": 50, "promo": "", "orgPrice": 16 }
      },
      "categoryIds": ["w-health-beauty"],
      "similarProducts": []
    },
    {
      "id": "w-233784-717226013102",
      "name": "John Frieda Brunette Colour Protecting Moisturising Conditioner",
      "brand": "John Frieda",
      "imageUrls": "https://cdn0.woolworths.media/content/wowproductimages/large/233784.jpg",
      "storeId": "woolworths",
      "packageSize": "250ml",
      "cupPrice": "$3.20 / 100ML",
      "locations": {
        "ALL": { "price": 8, "discountRate": 50, "promo": "", "orgPrice": 16 }
      },
      "categoryIds": ["w-health-beauty"],
      "similarProducts": []
    },
    {
      "id": "w-81916-717226262593",
      "name": "John Frieda Detox & Repair Conditioner",
      "brand": "John Frieda",
      "imageUrls": "https://cdn0.woolworths.media/content/wowproductimages/large/081916.jpg",
      "storeId": "woolworths",
      "packageSize": "250ml",
      "cupPrice": "$3.60 / 100ML",
      "locations": {
        "ALL": { "price": 9, "discountRate": 50, "promo": "", "orgPrice": 18 }
      },
      "categoryIds": ["w-health-beauty"],
      "similarProducts": [
        { "productId": "cw-98984", "storeId": "chemist-warehouse" }
      ]
    },
    {
      "id": "w-81915-717226262586",
      "name": "John Frieda Detox & Repair Shampoo",
      "brand": "John Frieda",
      "imageUrls": "https://cdn0.woolworths.media/content/wowproductimages/large/081915.jpg",
      "storeId": "woolworths",
      "packageSize": "250ml",
      "cupPrice": "$3.60 / 100ML",
      "locations": {
        "ALL": { "price": 9, "discountRate": 50, "promo": "", "orgPrice": 18 }
      },
      "categoryIds": ["w-health-beauty"],
      "similarProducts": [
        { "productId": "cw-98986", "storeId": "chemist-warehouse" }
      ]
    },
    {
      "id": "w-845599-717226217647",
      "name": "John Frieda Frizz Ease Forever Smooth Shampoo",
      "brand": "John Frieda",
      "imageUrls": "https://cdn0.woolworths.media/content/wowproductimages/large/845599.jpg",
      "storeId": "woolworths",
      "packageSize": "250ml",
      "cupPrice": "$3.20 / 100ML",
      "locations": {
        "ALL": { "price": 8, "discountRate": 50, "promo": "", "orgPrice": 16 }
      },
      "categoryIds": ["w-health-beauty"],
      "similarProducts": [
        { "productId": "cw-75243", "storeId": "chemist-warehouse" }
      ]
    },
    {
      "id": "w-347462-717226151767",
      "name": "John Frieda Frizz Ease Dream Curls Conditioner",
      "brand": "John Frieda",
      "imageUrls": "https://cdn0.woolworths.media/content/wowproductimages/large/347462.jpg",
      "storeId": "woolworths",
      "packageSize": "250ml",
      "cupPrice": "$3.20 / 100ML",
      "locations": {
        "ALL": { "price": 8, "discountRate": 50, "promo": "", "orgPrice": 16 }
      },
      "categoryIds": ["w-health-beauty"],
      "similarProducts": []
    },
    {
      "id": "w-347456-717226151750",
      "name": "John Frieda Frizz Ease Dream Curls Shampoo",
      "brand": "John Frieda",
      "imageUrls": "https://cdn0.woolworths.media/content/wowproductimages/large/347456.jpg",
      "storeId": "woolworths",
      "packageSize": "250ml",
      "cupPrice": "$3.20 / 100ML",
      "locations": {
        "ALL": { "price": 8, "discountRate": 50, "promo": "", "orgPrice": 16 }
      },
      "categoryIds": ["w-health-beauty"],
      "similarProducts": []
    },
    {
      "id": "w-845595-717226217654",
      "name": "John Frieda Frizz Ease Forever Smooth Conditioner",
      "brand": "John Frieda",
      "imageUrls": "https://cdn0.woolworths.media/content/wowproductimages/large/845595.jpg",
      "storeId": "woolworths",
      "packageSize": "250ml",
      "cupPrice": "$3.20 / 100ML",
      "locations": {
        "ALL": { "price": 8, "discountRate": 50, "promo": "", "orgPrice": 16 }
      },
      "categoryIds": ["w-health-beauty"],
      "similarProducts": [
        { "productId": "cw-75242", "storeId": "chemist-warehouse" }
      ]
    },
    {
      "id": "w-347455-717226151804",
      "name": "John Frieda Frizz Ease Miraculous Recovery Conditioner",
      "brand": "John Frieda",
      "imageUrls": "https://cdn0.woolworths.media/content/wowproductimages/large/347455.jpg",
      "storeId": "woolworths",
      "packageSize": "250ml",
      "cupPrice": "$3.20 / 100ML",
      "locations": {
        "ALL": { "price": 8, "discountRate": 50, "promo": "", "orgPrice": 16 }
      },
      "categoryIds": ["w-health-beauty"],
      "similarProducts": [
        { "productId": "cw-59757", "storeId": "chemist-warehouse" }
      ]
    },
    {
      "id": "w-347454-717226151798",
      "name": "John Frieda Frizz Ease Repairing Shampoo",
      "brand": "John Frieda",
      "imageUrls": "https://cdn0.woolworths.media/content/wowproductimages/large/347454.jpg",
      "storeId": "woolworths",
      "packageSize": "250ml",
      "cupPrice": "$3.20 / 100ML",
      "locations": {
        "ALL": { "price": 8, "discountRate": 50, "promo": "", "orgPrice": 16 }
      },
      "categoryIds": ["w-health-beauty"],
      "similarProducts": []
    },
    {
      "id": "w-173167-717226111433",
      "name": "John Frieda Frizz Ease Secret Weapon Styler",
      "brand": "John Frieda",
      "imageUrls": "https://cdn0.woolworths.media/content/wowproductimages/large/173167.jpg",
      "storeId": "woolworths",
      "packageSize": "113g",
      "cupPrice": "$7.52 / 100G",
      "locations": {
        "ALL": {
          "price": 8.5,
          "discountRate": 50,
          "promo": "",
          "orgPrice": 17
        }
      },
      "categoryIds": ["w-health-beauty"],
      "similarProducts": []
    },
    {
      "id": "w-233730-717226005077",
      "name": "John Frieda Sheer Highlight Activating Moisturising Conditioner",
      "brand": "John Frieda",
      "imageUrls": "https://cdn0.woolworths.media/content/wowproductimages/large/233730.jpg",
      "storeId": "woolworths",
      "packageSize": "250ml",
      "cupPrice": "$3.20 / 100ML",
      "locations": {
        "ALL": { "price": 8, "discountRate": 50, "promo": "", "orgPrice": 16 }
      },
      "categoryIds": ["w-health-beauty"],
      "similarProducts": []
    },
    {
      "id": "w-173047-717226505256",
      "name": "John Frieda Sheer Hightlight Activating Moisturising Shampoo",
      "brand": "John Frieda",
      "imageUrls": "https://cdn0.woolworths.media/content/wowproductimages/large/173047.jpg",
      "storeId": "woolworths",
      "packageSize": "250ml",
      "cupPrice": "$3.20 / 100ML",
      "locations": {
        "ALL": { "price": 8, "discountRate": 50, "promo": "", "orgPrice": 16 }
      },
      "categoryIds": ["w-health-beauty"],
      "similarProducts": []
    },
    {
      "id": "w-62575-717226262845",
      "name": "John Frieda Violet Crush Intense Purple Shampoo",
      "brand": "John Frieda",
      "imageUrls": "https://cdn0.woolworths.media/content/wowproductimages/large/062575.jpg",
      "storeId": "woolworths",
      "packageSize": "250ml",
      "cupPrice": "$3.60 / 100ML",
      "locations": {
        "ALL": { "price": 9, "discountRate": 50, "promo": "", "orgPrice": 18 }
      },
      "categoryIds": ["w-health-beauty"],
      "similarProducts": []
    },
    {
      "id": "w-325765-717226155444",
      "name": "John Frieda Violet Crush Purple Conditioner",
      "brand": "John Frieda",
      "imageUrls": "https://cdn0.woolworths.media/content/wowproductimages/large/325765.jpg",
      "storeId": "woolworths",
      "packageSize": "250ml",
      "cupPrice": "$3.60 / 100ML",
      "locations": {
        "ALL": { "price": 9, "discountRate": 50, "promo": "", "orgPrice": 18 }
      },
      "categoryIds": ["w-health-beauty"],
      "similarProducts": []
    },
    {
      "id": "w-325764-717226155437",
      "name": "John Frieda Violet Crush Purple Shampoo",
      "brand": "John Frieda",
      "imageUrls": "https://cdn0.woolworths.media/content/wowproductimages/large/325764.jpg",
      "storeId": "woolworths",
      "packageSize": "250ml",
      "cupPrice": "$3.60 / 100ML",
      "locations": {
        "ALL": { "price": 9, "discountRate": 50, "promo": "", "orgPrice": 18 }
      },
      "categoryIds": ["w-health-beauty"],
      "similarProducts": []
    },
    {
      "id": "w-194495-717226111617",
      "name": "John Frieda Frizz Ease Dream Curls Spray Styler",
      "brand": "John Frieda",
      "imageUrls": "https://cdn0.woolworths.media/content/wowproductimages/large/194495.jpg",
      "storeId": "woolworths",
      "packageSize": "198ml",
      "cupPrice": "$4.29 / 100ML",
      "locations": {
        "ALL": {
          "price": 8.5,
          "discountRate": 50,
          "promo": "",
          "orgPrice": 17
        }
      },
      "categoryIds": ["w-health-beauty"],
      "similarProducts": []
    },
    {
      "id": "w-680781-717226237430",
      "name": "John Frieda Luxurious Volume Core Restore Conditioner",
      "brand": "John Frieda",
      "imageUrls": "https://cdn0.woolworths.media/content/wowproductimages/large/680781.jpg",
      "storeId": "woolworths",
      "packageSize": "250ml",
      "cupPrice": "$3.60 / 100ML",
      "locations": {
        "ALL": { "price": 9, "discountRate": 50, "promo": "", "orgPrice": 18 }
      },
      "categoryIds": ["w-health-beauty"],
      "similarProducts": [
        { "productId": "cw-86802", "storeId": "chemist-warehouse" }
      ]
    },
    {
      "id": "w-680779-717226237423",
      "name": "John Frieda Luxurious Volume Core Restore Shampoo",
      "brand": "John Frieda",
      "imageUrls": "https://cdn0.woolworths.media/content/wowproductimages/large/680779.jpg",
      "storeId": "woolworths",
      "packageSize": "250ml",
      "cupPrice": "$3.60 / 100ML",
      "locations": {
        "ALL": { "price": 9, "discountRate": 50, "promo": "", "orgPrice": 18 }
      },
      "categoryIds": ["w-health-beauty"],
      "similarProducts": []
    },
    {
      "id": "w-680790-717226188299",
      "name": "John Frieda Radiant Red Colour Boosting Conditioner",
      "brand": "John Frieda",
      "imageUrls": "https://cdn0.woolworths.media/content/wowproductimages/large/680790.jpg",
      "storeId": "woolworths",
      "packageSize": "250ml",
      "cupPrice": "$3.60 / 100ML",
      "locations": {
        "ALL": { "price": 9, "discountRate": 50, "promo": "", "orgPrice": 18 }
      },
      "categoryIds": ["w-health-beauty"],
      "similarProducts": [
        { "productId": "cw-86800", "storeId": "chemist-warehouse" }
      ]
    },
    {
      "id": "w-97795-9352357002147",
      "name": "Keep It Cleaner Egg White Protein Banana Bread Bar",
      "brand": "Keep It Cleaner",
      "imageUrls": "https://cdn0.woolworths.media/content/wowproductimages/large/097795.jpg",
      "storeId": "woolworths",
      "packageSize": "40g",
      "cupPrice": "$4.38 / 100G",
      "locations": {
        "ALL": {
          "price": 1.75,
          "discountRate": 50,
          "promo": "",
          "orgPrice": 3.5
        }
      },
      "categoryIds": ["w-health-beauty"],
      "similarProducts": []
    },
    {
      "id": "w-97130-9352357002215",
      "name": "Keep It Cleaner Egg White Protein Honey Comb Bar",
      "brand": "Keep It Cleaner",
      "imageUrls": "https://cdn0.woolworths.media/content/wowproductimages/large/097130.jpg",
      "storeId": "woolworths",
      "packageSize": "40g",
      "cupPrice": "$4.38 / 100G",
      "locations": {
        "ALL": {
          "price": 1.75,
          "discountRate": 50,
          "promo": "",
          "orgPrice": 3.5
        }
      },
      "categoryIds": ["w-health-beauty"],
      "similarProducts": []
    },
    {
      "id": "w-97434-9352357002123",
      "name": "Keep It Cleaner Egg White Protein Peanut Butter Caramel Bar",
      "brand": "Keep It Cleaner",
      "imageUrls": "https://cdn0.woolworths.media/content/wowproductimages/large/097434.jpg",
      "storeId": "woolworths",
      "packageSize": "40g",
      "cupPrice": "$4.38 / 100G",
      "locations": {
        "ALL": {
          "price": 1.75,
          "discountRate": 50,
          "promo": "",
          "orgPrice": 3.5
        }
      },
      "categoryIds": ["w-health-beauty"],
      "similarProducts": []
    },
    {
      "id": "w-97917-9352357002154",
      "name": "Keep It Cleaner Egg White Protein Rocky Road Bar",
      "brand": "Keep It Cleaner",
      "imageUrls": "https://cdn0.woolworths.media/content/wowproductimages/large/097917.jpg",
      "storeId": "woolworths",
      "packageSize": "40g",
      "cupPrice": "$4.38 / 100G",
      "locations": {
        "ALL": {
          "price": 1.75,
          "discountRate": 50,
          "promo": "",
          "orgPrice": 3.5
        }
      },
      "categoryIds": ["w-health-beauty"],
      "similarProducts": []
    },
    {
      "id": "w-98052-9352357002130",
      "name": "Keep It Cleaner Plant Based Protein Crunch Choc Hemp Bar",
      "brand": "Keep It Cleaner",
      "imageUrls": "https://cdn0.woolworths.media/content/wowproductimages/large/098052.jpg",
      "storeId": "woolworths",
      "packageSize": "40g",
      "cupPrice": "$4.38 / 100G",
      "locations": {
        "ALL": {
          "price": 1.75,
          "discountRate": 56,
          "promo": "",
          "orgPrice": 4
        }
      },
      "categoryIds": ["w-health-beauty"],
      "similarProducts": []
    },
    {
      "id": "w-97668-9352357002178",
      "name": "Keep It Cleaner Plant Based Protein Crunch Dark Choc Sour Cherry Bar",
      "brand": "Keep It Cleaner",
      "imageUrls": "https://cdn0.woolworths.media/content/wowproductimages/large/097668.jpg",
      "storeId": "woolworths",
      "packageSize": "40g",
      "cupPrice": "$4.38 / 100G",
      "locations": {
        "ALL": {
          "price": 1.75,
          "discountRate": 56,
          "promo": "",
          "orgPrice": 4
        }
      },
      "categoryIds": ["w-health-beauty"],
      "similarProducts": []
    },
    {
      "id": "w-98972-9352357002109",
      "name": "Keep It Cleaner Plant Based Protein Crunch Honey Roast Almond Bar",
      "brand": "Keep It Cleaner",
      "imageUrls": "https://cdn0.woolworths.media/content/wowproductimages/large/098972.jpg",
      "storeId": "woolworths",
      "packageSize": "40g",
      "cupPrice": "$4.38 / 100G",
      "locations": {
        "ALL": {
          "price": 1.75,
          "discountRate": 56,
          "promo": "",
          "orgPrice": 4
        }
      },
      "categoryIds": ["w-health-beauty"],
      "similarProducts": []
    },
    {
      "id": "w-97942-9352357002192",
      "name": "Keep It Cleaner Plant Based Protein Crunch Peanut Butter Bar",
      "brand": "Keep It Cleaner",
      "imageUrls": "https://cdn0.woolworths.media/content/wowproductimages/large/097942.jpg",
      "storeId": "woolworths",
      "packageSize": "40g",
      "cupPrice": "$4.38 / 100G",
      "locations": {
        "ALL": {
          "price": 1.75,
          "discountRate": 56,
          "promo": "",
          "orgPrice": 4
        }
      },
      "categoryIds": ["w-health-beauty"],
      "similarProducts": []
    },
    {
      "id": "w-97983-9352357002116",
      "name": "Keep It Cleaner Plant Based Protein Crunch Salted Caramel Bar",
      "brand": "Keep It Cleaner",
      "imageUrls": "https://cdn0.woolworths.media/content/wowproductimages/large/097983.jpg",
      "storeId": "woolworths",
      "packageSize": "40g",
      "cupPrice": "$4.38 / 100G",
      "locations": {
        "ALL": {
          "price": 1.75,
          "discountRate": 56,
          "promo": "",
          "orgPrice": 4
        }
      },
      "categoryIds": ["w-health-beauty"],
      "similarProducts": []
    },
    {
      "id": "w-98083-9352357002185",
      "name": "Keep It Cleaner Plant Based Protein Powder Chocolate Flavour",
      "brand": "Keep It Cleaner",
      "imageUrls": "https://cdn0.woolworths.media/content/wowproductimages/large/098083.jpg",
      "storeId": "woolworths",
      "packageSize": "375g",
      "cupPrice": "$4.00 / 100G",
      "locations": {
        "ALL": {
          "price": 15,
          "discountRate": 50,
          "promo": "",
          "orgPrice": 30
        }
      },
      "categoryIds": ["w-health-beauty"],
      "similarProducts": []
    },
    {
      "id": "w-97965-9352357002161",
      "name": "Keep It Cleaner Plant Based Protein Powder Dark Choc Coconut Flavour",
      "brand": "Keep It Cleaner",
      "imageUrls": "https://cdn0.woolworths.media/content/wowproductimages/large/097965.jpg",
      "storeId": "woolworths",
      "packageSize": "375g",
      "cupPrice": "$4.00 / 100G",
      "locations": {
        "ALL": {
          "price": 15,
          "discountRate": 50,
          "promo": "",
          "orgPrice": 30
        }
      },
      "categoryIds": ["w-health-beauty"],
      "similarProducts": []
    },
    {
      "id": "w-97916-9352357002079",
      "name": "Keep It Cleaner Plant Based Protein Powder Natural Flavour",
      "brand": "Keep It Cleaner",
      "imageUrls": "https://cdn0.woolworths.media/content/wowproductimages/large/097916.jpg",
      "storeId": "woolworths",
      "packageSize": "375g",
      "cupPrice": "$4.00 / 100G",
      "locations": {
        "ALL": {
          "price": 15,
          "discountRate": 50,
          "promo": "",
          "orgPrice": 30
        }
      },
      "categoryIds": ["w-health-beauty"],
      "similarProducts": []
    },
    {
      "id": "w-98978-9352357002062",
      "name": "Keep It Cleaner Plant Based Protein Powder Vanilla Flavour",
      "brand": "Keep It Cleaner",
      "imageUrls": "https://cdn0.woolworths.media/content/wowproductimages/large/098978.jpg",
      "storeId": "woolworths",
      "packageSize": "375g",
      "cupPrice": "$4.00 / 100G",
      "locations": {
        "ALL": {
          "price": 15,
          "discountRate": 50,
          "promo": "",
          "orgPrice": 30
        }
      },
      "categoryIds": ["w-health-beauty"],
      "similarProducts": []
    },
    {
      "id": "w-97810-9352357002390",
      "name": "Keep It Cleaner Protein Almond Butter Cookie Ball",
      "brand": "Keep It Cleaner",
      "imageUrls": "https://cdn0.woolworths.media/content/wowproductimages/large/097810.jpg",
      "storeId": "woolworths",
      "packageSize": "32g",
      "cupPrice": "$3.75 / 100G",
      "locations": {
        "ALL": {
          "price": 1.2,
          "discountRate": 50,
          "promo": "",
          "orgPrice": 2.4
        }
      },
      "categoryIds": ["w-health-beauty"],
      "similarProducts": []
    },
    {
      "id": "w-25114-9352357001447",
      "name": "Keep It Cleaner Protein Ball Banana & Choc Chip",
      "brand": "Keep It Cleaner",
      "imageUrls": "https://cdn0.woolworths.media/content/wowproductimages/large/025114.jpg",
      "storeId": "woolworths",
      "packageSize": "32g",
      "cupPrice": "$3.75 / 100G",
      "locations": {
        "ALL": {
          "price": 1.2,
          "discountRate": 50,
          "promo": "",
          "orgPrice": 2.4
        }
      },
      "categoryIds": ["w-health-beauty"],
      "similarProducts": []
    },
    {
      "id": "w-25981-9352357001430",
      "name": "Keep It Cleaner Protein Ball Cinnamon Doughnut",
      "brand": "Keep It Cleaner",
      "imageUrls": "https://cdn0.woolworths.media/content/wowproductimages/large/025981.jpg",
      "storeId": "woolworths",
      "packageSize": "32g",
      "cupPrice": "$3.75 / 100G",
      "locations": {
        "ALL": {
          "price": 1.2,
          "discountRate": 50,
          "promo": "",
          "orgPrice": 2.4
        }
      },
      "categoryIds": ["w-health-beauty"],
      "similarProducts": []
    },
    {
      "id": "w-25122-9352357001478",
      "name": "Keep It Cleaner Protein Ball Ruby Red Velvet",
      "brand": "Keep It Cleaner",
      "imageUrls": "https://cdn0.woolworths.media/content/wowproductimages/large/025122.jpg",
      "storeId": "woolworths",
      "packageSize": "32g",
      "cupPrice": "$3.75 / 100G",
      "locations": {
        "ALL": {
          "price": 1.2,
          "discountRate": 50,
          "promo": "",
          "orgPrice": 2.4
        }
      },
      "categoryIds": ["w-health-beauty"],
      "similarProducts": []
    },
    {
      "id": "w-98069-9352357002406",
      "name": "Keep It Cleaner Protein Choc Fudge Ball",
      "brand": "Keep It Cleaner",
      "imageUrls": "https://cdn0.woolworths.media/content/wowproductimages/large/098069.jpg",
      "storeId": "woolworths",
      "packageSize": "32g",
      "cupPrice": "$3.75 / 100G",
      "locations": {
        "ALL": {
          "price": 1.2,
          "discountRate": 50,
          "promo": "",
          "orgPrice": 2.4
        }
      },
      "categoryIds": ["w-health-beauty"],
      "similarProducts": []
    },
    {
      "id": "w-26073-9352357001553",
      "name": "Keep It Cleaner Protein Powder Chocolate",
      "brand": "Keep It Cleaner",
      "imageUrls": "https://cdn0.woolworths.media/content/wowproductimages/large/026073.jpg",
      "storeId": "woolworths",
      "packageSize": "375g",
      "cupPrice": "$4.00 / 100G",
      "locations": {
        "ALL": {
          "price": 15,
          "discountRate": 50,
          "promo": "",
          "orgPrice": 30
        }
      },
      "categoryIds": ["w-health-beauty"],
      "similarProducts": []
    },
    {
      "id": "w-26091-9352357001560",
      "name": "Keep It Cleaner Protein Powder Salted Caramel",
      "brand": "Keep It Cleaner",
      "imageUrls": "https://cdn0.woolworths.media/content/wowproductimages/large/026091.jpg",
      "storeId": "woolworths",
      "packageSize": "375g",
      "cupPrice": "$4.00 / 100G",
      "locations": {
        "ALL": {
          "price": 15,
          "discountRate": 50,
          "promo": "",
          "orgPrice": 30
        }
      },
      "categoryIds": ["w-health-beauty"],
      "similarProducts": []
    },
    {
      "id": "w-26087-9352357001546",
      "name": "Keep It Cleaner Protein Powder Vanilla",
      "brand": "Keep It Cleaner",
      "imageUrls": "https://cdn0.woolworths.media/content/wowproductimages/large/026087.jpg",
      "storeId": "woolworths",
      "packageSize": "375g",
      "cupPrice": "$4.00 / 100G",
      "locations": {
        "ALL": {
          "price": 15,
          "discountRate": 50,
          "promo": "",
          "orgPrice": 30
        }
      },
      "categoryIds": ["w-health-beauty"],
      "similarProducts": []
    },
    {
      "id": "w-100056-9352357002208",
      "name": "Keep It Cleaner Protein Powder Wpi Natural Flavour",
      "brand": "Keep It Cleaner",
      "imageUrls": "https://cdn0.woolworths.media/content/wowproductimages/large/100056.jpg",
      "storeId": "woolworths",
      "packageSize": "375g",
      "cupPrice": "$4.00 / 100G",
      "locations": {
        "ALL": {
          "price": 15,
          "discountRate": 50,
          "promo": "",
          "orgPrice": 30
        }
      },
      "categoryIds": ["w-health-beauty"],
      "similarProducts": []
    },
    {
      "id": "w-56867-3600523749980",
      "name": "L'or&eacute;al Paris Excellence Creme Hair Colour 4 Dark Brown",
      "brand": "L'or&eacute;al Paris",
      "imageUrls": "https://cdn0.woolworths.media/content/wowproductimages/large/056867.jpg",
      "storeId": "woolworths",
      "packageSize": "each",
      "cupPrice": "$0.00 / 0",
      "locations": {
        "ALL": {
          "price": 10,
          "discountRate": 50,
          "promo": "",
          "orgPrice": 20
        }
      },
      "categoryIds": ["w-health-beauty"],
      "similarProducts": []
    },
    {
      "id": "w-61188-3600523749997",
      "name": "L'or&eacute;al Paris Excellence Creme Hair Colour 4.3 Dark Golden Brown",
      "brand": "L'or&eacute;al Paris",
      "imageUrls": "https://cdn0.woolworths.media/content/wowproductimages/large/061188.jpg",
      "storeId": "woolworths",
      "packageSize": "each",
      "cupPrice": "$0.00 / 0",
      "locations": {
        "ALL": {
          "price": 10,
          "discountRate": 50,
          "promo": "",
          "orgPrice": 20
        }
      },
      "categoryIds": ["w-health-beauty"],
      "similarProducts": []
    },
    {
      "id": "w-56868-3600523750016",
      "name": "L'or&eacute;al Paris Excellence Creme Hair Colour 5 Brown",
      "brand": "L'or&eacute;al Paris",
      "imageUrls": "https://cdn0.woolworths.media/content/wowproductimages/large/056868.jpg",
      "storeId": "woolworths",
      "packageSize": "each",
      "cupPrice": "$0.00 / 0",
      "locations": {
        "ALL": {
          "price": 10,
          "discountRate": 50,
          "promo": "",
          "orgPrice": 20
        }
      },
      "categoryIds": ["w-health-beauty"],
      "similarProducts": []
    },
    {
      "id": "w-56870-3600523750047",
      "name": "L'or&eacute;al Paris Excellence Creme Hair Colour 5.5 Mahogany Brown",
      "brand": "L'or&eacute;al Paris",
      "imageUrls": "https://cdn0.woolworths.media/content/wowproductimages/large/056870.jpg",
      "storeId": "woolworths",
      "packageSize": "each",
      "cupPrice": "$0.00 / 0",
      "locations": {
        "ALL": {
          "price": 10,
          "discountRate": 50,
          "promo": "",
          "orgPrice": 20
        }
      },
      "categoryIds": ["w-health-beauty"],
      "similarProducts": []
    },
    {
      "id": "w-61160-3600523750085",
      "name": "L'or&eacute;al Paris Excellence Creme Hair Colour 6.3 Light Golden Brown",
      "brand": "L'or&eacute;al Paris",
      "imageUrls": "https://cdn0.woolworths.media/content/wowproductimages/large/061160.jpg",
      "storeId": "woolworths",
      "packageSize": "each",
      "cupPrice": "$0.00 / 0",
      "locations": {
        "ALL": {
          "price": 10,
          "discountRate": 50,
          "promo": "",
          "orgPrice": 20
        }
      },
      "categoryIds": ["w-health-beauty"],
      "similarProducts": []
    },
    {
      "id": "w-61165-3600523750092",
      "name": "L'or&eacute;al Paris Excellence Creme Hair Colour 6.54 Light Mahogany Brown",
      "brand": "L'or&eacute;al Paris",
      "imageUrls": "https://cdn0.woolworths.media/content/wowproductimages/large/061165.jpg",
      "storeId": "woolworths",
      "packageSize": "each",
      "cupPrice": "$0.00 / 0",
      "locations": {
        "ALL": {
          "price": 10,
          "discountRate": 50,
          "promo": "",
          "orgPrice": 20
        }
      },
      "categoryIds": ["w-health-beauty"],
      "similarProducts": []
    },
    {
      "id": "w-57093-3600523750122",
      "name": "L'or&eacute;al Paris Excellence Creme Hair Colour 7.1 Dark Ash Blonde",
      "brand": "L'or&eacute;al Paris",
      "imageUrls": "https://cdn0.woolworths.media/content/wowproductimages/large/057093.jpg",
      "storeId": "woolworths",
      "packageSize": "each",
      "cupPrice": "$0.00 / 0",
      "locations": {
        "ALL": {
          "price": 10,
          "discountRate": 50,
          "promo": "",
          "orgPrice": 20
        }
      },
      "categoryIds": ["w-health-beauty"],
      "similarProducts": []
    },
    {
      "id": "w-61168-3600523750146",
      "name": "L'or&eacute;al Paris Excellence Creme Hair Colour 8 Blonde",
      "brand": "L'or&eacute;al Paris",
      "imageUrls": "https://cdn0.woolworths.media/content/wowproductimages/large/061168.jpg",
      "storeId": "woolworths",
      "packageSize": "each",
      "cupPrice": "$0.00 / 0",
      "locations": {
        "ALL": {
          "price": 10,
          "discountRate": 50,
          "promo": "",
          "orgPrice": 20
        }
      },
      "categoryIds": ["w-health-beauty"],
      "similarProducts": []
    },
    {
      "id": "w-61186-3600523750184",
      "name": "L'or&eacute;al Paris Excellence Creme Hair Colour 9.1 Light Ash Brown",
      "brand": "L'or&eacute;al Paris",
      "imageUrls": "https://cdn0.woolworths.media/content/wowproductimages/large/061186.jpg",
      "storeId": "woolworths",
      "packageSize": "each",
      "cupPrice": "$0.00 / 0",
      "locations": {
        "ALL": {
          "price": 10,
          "discountRate": 50,
          "promo": "",
          "orgPrice": 20
        }
      },
      "categoryIds": ["w-health-beauty"],
      "similarProducts": []
    },
    {
      "id": "w-187658-9312825697251",
      "name": "L'oreal Age Perfect Face Cream At Night",
      "brand": "L'oreal",
      "imageUrls": "https://cdn0.woolworths.media/content/wowproductimages/large/187658.jpg",
      "storeId": "woolworths",
      "packageSize": "50ml",
      "cupPrice": "$46.00 / 100ML",
      "locations": {
        "ALL": {
          "price": 23,
          "discountRate": 30,
          "promo": "",
          "orgPrice": 33
        }
      },
      "categoryIds": ["w-health-beauty"],
      "similarProducts": []
    },
    {
      "id": "w-188343-9312825697220",
      "name": "L'oreal Age Perfect Face Cream For Day",
      "brand": "L'oreal",
      "imageUrls": "https://cdn0.woolworths.media/content/wowproductimages/large/188343.jpg",
      "storeId": "woolworths",
      "packageSize": "50ml",
      "cupPrice": "$46.00 / 100ML",
      "locations": {
        "ALL": {
          "price": 23,
          "discountRate": 30,
          "promo": "",
          "orgPrice": 33
        }
      },
      "categoryIds": ["w-health-beauty"],
      "similarProducts": []
    },
    {
      "id": "w-381581-3600521992111",
      "name": "L'oreal Age Perfect Face Cream Intense Nutrition Night Moist",
      "brand": "L'oreal",
      "imageUrls": "https://cdn0.woolworths.media/content/wowproductimages/large/381581.jpg",
      "storeId": "woolworths",
      "packageSize": "50ml",
      "cupPrice": "$49.00 / 100ML",
      "locations": {
        "ALL": {
          "price": 24.5,
          "discountRate": 30,
          "promo": "",
          "orgPrice": 35
        }
      },
      "categoryIds": ["w-health-beauty"],
      "similarProducts": []
    },
    {
      "id": "w-370865-71249051702",
      "name": "L'oreal Age Perfect Face Cream With Spf15+",
      "brand": "L'oreal",
      "imageUrls": "https://cdn0.woolworths.media/content/wowproductimages/large/370865.jpg",
      "storeId": "woolworths",
      "packageSize": "70ml",
      "cupPrice": "$37.00 / 100ML",
      "locations": {
        "ALL": {
          "price": 25.9,
          "discountRate": 30,
          "promo": "",
          "orgPrice": 37
        }
      },
      "categoryIds": ["w-health-beauty"],
      "similarProducts": []
    },
    {
      "id": "w-676521-3600523516933",
      "name": "L'oreal Clay Mask Marine Algae",
      "brand": "L'oreal",
      "imageUrls": "https://cdn0.woolworths.media/content/wowproductimages/large/676521.jpg",
      "storeId": "woolworths",
      "packageSize": "50ml",
      "cupPrice": "$28.00 / 100ML",
      "locations": {
        "ALL": {
          "price": 14,
          "discountRate": 30,
          "promo": "",
          "orgPrice": 20
        }
      },
      "categoryIds": ["w-health-beauty"],
      "similarProducts": []
    },
    {
      "id": "w-312358-3600521392621",
      "name": "L'oreal De Age Perfect Cleansing Milk Cleansing Milk",
      "brand": "L'oreal",
      "imageUrls": "https://cdn0.woolworths.media/content/wowproductimages/large/312358.jpg",
      "storeId": "woolworths",
      "packageSize": "200ml",
      "cupPrice": "$5.25 / 100ML",
      "locations": {
        "ALL": {
          "price": 10.5,
          "discountRate": 30,
          "promo": "",
          "orgPrice": 15
        }
      },
      "categoryIds": ["w-health-beauty"],
      "similarProducts": []
    },
    {
      "id": "w-52867-3600523817078",
      "name": "L'oreal Elvive Dream Lengths Cream",
      "brand": "L'oreal",
      "imageUrls": "https://cdn0.woolworths.media/content/wowproductimages/large/052867.jpg",
      "storeId": "woolworths",
      "packageSize": "200ml",
      "cupPrice": "$2.98 / 100ML",
      "locations": {
        "ALL": {
          "price": 5.95,
          "discountRate": 50,
          "promo": "",
          "orgPrice": 12
        }
      },
      "categoryIds": ["w-health-beauty"],
      "similarProducts": []
    },
    {
      "id": "w-230033-3600520548685",
      "name": "L'oreal Face Care Men Expert Vita Lift 5",
      "brand": "L'oreal",
      "imageUrls": "https://cdn0.woolworths.media/content/wowproductimages/large/230033.jpg",
      "storeId": "woolworths",
      "packageSize": "50ml",
      "cupPrice": "$29.40 / 100ML",
      "locations": {
        "ALL": {
          "price": 14.7,
          "discountRate": 30,
          "promo": "",
          "orgPrice": 21
        }
      },
      "categoryIds": ["w-health-beauty"],
      "similarProducts": []
    },
    {
      "id": "w-687688-3600523583157",
      "name": "L'oreal Men Expert Barber Club 3-in-1 Wash",
      "brand": "L'oreal",
      "imageUrls": "https://cdn0.woolworths.media/content/wowproductimages/large/687688.jpg",
      "storeId": "woolworths",
      "packageSize": "200ml",
      "cupPrice": "$7.00 / 100ML",
      "locations": {
        "ALL": {
          "price": 14,
          "discountRate": 30,
          "promo": "",
          "orgPrice": 20
        }
      },
      "categoryIds": ["w-health-beauty"],
      "similarProducts": [
        {
          "productId": "loreal-men-expert-barber-club-face-hair-wash",
          "storeId": "coles"
        },
        { "productId": "cw-85843", "storeId": "chemist-warehouse" }
      ]
    },
    {
      "id": "w-87850-30177710",
      "name": "L'oreal Men Expert Barber Club Matte Molding Clay Medium Hold",
      "brand": "L'oreal",
      "imageUrls": "https://cdn0.woolworths.media/content/wowproductimages/large/087850.jpg",
      "storeId": "woolworths",
      "packageSize": "75ml",
      "cupPrice": "$14.00 / 100ML",
      "locations": {
        "ALL": {
          "price": 10.5,
          "discountRate": 30,
          "promo": "",
          "orgPrice": 15
        }
      },
      "categoryIds": ["w-health-beauty"],
      "similarProducts": []
    },
    {
      "id": "w-88633-30177772",
      "name": "L'oreal Men Expert Barber Club Slick Fixing Pomade Strong Hold",
      "brand": "L'oreal",
      "imageUrls": "https://cdn0.woolworths.media/content/wowproductimages/large/088633.jpg",
      "storeId": "woolworths",
      "packageSize": "75ml",
      "cupPrice": "$14.00 / 100ML",
      "locations": {
        "ALL": {
          "price": 10.5,
          "discountRate": 30,
          "promo": "",
          "orgPrice": 15
        }
      },
      "categoryIds": ["w-health-beauty"],
      "similarProducts": []
    },
    {
      "id": "w-687981-3600523535989",
      "name": "L'oreal Men Expert Carbon Shower Gel Total Action",
      "brand": "L'oreal",
      "imageUrls": "https://cdn0.woolworths.media/content/wowproductimages/large/687981.jpg",
      "storeId": "woolworths",
      "packageSize": "300ml",
      "cupPrice": "$1.40 / 100ML",
      "locations": {
        "ALL": {
          "price": 4.2,
          "discountRate": 30,
          "promo": "",
          "orgPrice": 6
        }
      },
      "categoryIds": ["w-health-beauty"],
      "similarProducts": []
    },
    {
      "id": "w-230026-3600520297866",
      "name": "L'oreal Men Expert Hydra Energetic 24 Hour Moisturiser",
      "brand": "L'oreal",
      "imageUrls": "https://cdn0.woolworths.media/content/wowproductimages/large/230026.jpg",
      "storeId": "woolworths",
      "packageSize": "50ml",
      "cupPrice": "$22.40 / 100ML",
      "locations": {
        "ALL": {
          "price": 11.2,
          "discountRate": 30,
          "promo": "",
          "orgPrice": 16
        }
      },
      "categoryIds": ["w-health-beauty"],
      "similarProducts": []
    },
    {
      "id": "w-829294-3600522747161",
      "name": "L'oreal Men Expert Hydra Energetic All-in-one Moisturiser",
      "brand": "L'oreal",
      "imageUrls": "https://cdn0.woolworths.media/content/wowproductimages/large/829294.jpg",
      "storeId": "woolworths",
      "packageSize": "75ml",
      "cupPrice": "$9.33 / 100ML",
      "locations": {
        "ALL": { "price": 7, "discountRate": 30, "promo": "", "orgPrice": 10 }
      },
      "categoryIds": ["w-health-beauty"],
      "similarProducts": [
        {
          "productId": "loreal-men-expert-hydro-energetic-all-in-one-moisturiser",
          "storeId": "coles"
        }
      ]
    },
    {
      "id": "w-82259-3600523535972",
      "name": "L'oreal Men Expert Hydra Energetic Taurine Shower",
      "brand": "L'oreal",
      "imageUrls": "https://cdn0.woolworths.media/content/wowproductimages/large/082259.jpg",
      "storeId": "woolworths",
      "packageSize": "300ml",
      "cupPrice": "$1.40 / 100ML",
      "locations": {
        "ALL": {
          "price": 4.2,
          "discountRate": 30,
          "promo": "",
          "orgPrice": 6
        }
      },
      "categoryIds": ["w-health-beauty"],
      "similarProducts": []
    },
    {
      "id": "w-88594-3600523817566",
      "name": "L'oreal Men Expert Invincible Sport Shower Gel",
      "brand": "L'oreal",
      "imageUrls": "https://cdn0.woolworths.media/content/wowproductimages/large/088594.jpg",
      "storeId": "woolworths",
      "packageSize": "300ml",
      "cupPrice": "$1.40 / 100ML",
      "locations": {
        "ALL": {
          "price": 4.2,
          "discountRate": 30,
          "promo": "",
          "orgPrice": 6
        }
      },
      "categoryIds": ["w-health-beauty"],
      "similarProducts": []
    },
    {
      "id": "w-53351-3600523708109",
      "name": "L'oreal Men Expert Pure Charcoal Scrub",
      "brand": "L'oreal",
      "imageUrls": "https://cdn0.woolworths.media/content/wowproductimages/large/053351.jpg",
      "storeId": "woolworths",
      "packageSize": "100ml",
      "cupPrice": "$7.00 / 100ML",
      "locations": {
        "ALL": { "price": 7, "discountRate": 30, "promo": "", "orgPrice": 10 }
      },
      "categoryIds": ["w-health-beauty"],
      "similarProducts": [
        { "productId": "cw-92121", "storeId": "chemist-warehouse" }
      ]
    },
    {
      "id": "w-53385-3600523708017",
      "name": "L'oreal Men Expert Pure Charcoal Wash",
      "brand": "L'oreal",
      "imageUrls": "https://cdn0.woolworths.media/content/wowproductimages/large/053385.jpg",
      "storeId": "woolworths",
      "packageSize": "100ml",
      "cupPrice": "$7.00 / 100ML",
      "locations": {
        "ALL": { "price": 7, "discountRate": 30, "promo": "", "orgPrice": 10 }
      },
      "categoryIds": ["w-health-beauty"],
      "similarProducts": [
        { "productId": "cw-92122", "storeId": "chemist-warehouse" }
      ]
    },
    {
      "id": "w-329560-3600521606339",
      "name": "L'oreal Men Expert Shave Gel Hydra Sensitive",
      "brand": "L'oreal",
      "imageUrls": "https://cdn0.woolworths.media/content/wowproductimages/large/329560.jpg",
      "storeId": "woolworths",
      "packageSize": "200ml",
      "cupPrice": "$2.45 / 100ML",
      "locations": {
        "ALL": {
          "price": 4.9,
          "discountRate": 30,
          "promo": "",
          "orgPrice": 7
        }
      },
      "categoryIds": ["w-health-beauty"],
      "similarProducts": [
        { "productId": "cw-85472", "storeId": "chemist-warehouse" }
      ]
    },
    {
      "id": "w-698642-3600523451142",
      "name": "L'oreal Paris Age Perfect Beautifying Colour Care Beige",
      "brand": "L'oreal",
      "imageUrls": "https://cdn0.woolworths.media/content/wowproductimages/large/698642.jpg",
      "storeId": "woolworths",
      "packageSize": "80ml",
      "cupPrice": "$0.00 / 0",
      "locations": {
        "ALL": {
          "price": 8.75,
          "discountRate": 50,
          "promo": "",
          "orgPrice": 17.5
        }
      },
      "categoryIds": ["w-health-beauty"],
      "similarProducts": []
    },
    {
      "id": "w-683513-3600523451159",
      "name": "L'oreal Paris Age Perfect Beautifying Colour Care Warm Gold",
      "brand": "L'oreal",
      "imageUrls": "https://cdn0.woolworths.media/content/wowproductimages/large/683513.jpg",
      "storeId": "woolworths",
      "packageSize": "80ml",
      "cupPrice": "$0.00 / 0",
      "locations": {
        "ALL": {
          "price": 8.75,
          "discountRate": 50,
          "promo": "",
          "orgPrice": 17.5
        }
      },
      "categoryIds": ["w-health-beauty"],
      "similarProducts": []
    },
    {
      "id": "w-699567-3600523216499",
      "name": "L'oreal Paris Age Perfect Rosy Day Spf 15",
      "brand": "L'oreal",
      "imageUrls": "https://cdn0.woolworths.media/content/wowproductimages/large/699567.jpg",
      "storeId": "woolworths",
      "packageSize": "50ml",
      "cupPrice": "$54.00 / 100ML",
      "locations": {
        "ALL": {
          "price": 27,
          "discountRate": 31,
          "promo": "",
          "orgPrice": 39
        }
      },
      "categoryIds": ["w-health-beauty"],
      "similarProducts": []
    },
    {
      "id": "w-260424-3600521078532",
      "name": "L'oreal Paris Casting Creme Gloss 600 Light Brown",
      "brand": "L'oreal",
      "imageUrls": "https://cdn0.woolworths.media/content/wowproductimages/large/260424.jpg",
      "storeId": "woolworths",
      "packageSize": "each",
      "cupPrice": "$0.00 / 0",
      "locations": {
        "ALL": { "price": 8, "discountRate": 50, "promo": "", "orgPrice": 16 }
      },
      "categoryIds": ["w-health-beauty"],
      "similarProducts": []
    },
    {
      "id": "w-612443-3600523458622",
      "name": "L'oreal Paris Colorista 1 Day Spray Colour Hot Pink",
      "brand": "L'oreal",
      "imageUrls": "https://cdn0.woolworths.media/content/wowproductimages/large/612443.jpg",
      "storeId": "woolworths",
      "packageSize": "75ml",
      "cupPrice": "$10.00 / 100ML",
      "locations": {
        "ALL": {
          "price": 7.5,
          "discountRate": 50,
          "promo": "",
          "orgPrice": 15
        }
      },
      "categoryIds": ["w-health-beauty"],
      "similarProducts": []
    },
    {
      "id": "w-682769-3600523583720",
      "name": "L'oreal Paris Elvive Coconut Oil Conditioner",
      "brand": "L'oreal",
      "imageUrls": "https://cdn0.woolworths.media/content/wowproductimages/large/682769.jpg",
      "storeId": "woolworths",
      "packageSize": "325ml",
      "cupPrice": "$1.23 / 100ML",
      "locations": {
        "ALL": { "price": 4, "discountRate": 50, "promo": "", "orgPrice": 8 }
      },
      "categoryIds": ["w-health-beauty"],
      "similarProducts": []
    },
    {
      "id": "w-682756-3600523583713",
      "name": "L'oreal Paris Elvive Coconut Oil Shampoo",
      "brand": "L'oreal",
      "imageUrls": "https://cdn0.woolworths.media/content/wowproductimages/large/682756.jpg",
      "storeId": "woolworths",
      "packageSize": "325ml",
      "cupPrice": "$1.23 / 100ML",
      "locations": {
        "ALL": { "price": 4, "discountRate": 50, "promo": "", "orgPrice": 8 }
      },
      "categoryIds": ["w-health-beauty"],
      "similarProducts": []
    },
    {
      "id": "w-662396-8994993000326",
      "name": "L'oreal Paris Elvive Colour Protect Conditioner",
      "brand": "L'oreal",
      "imageUrls": "https://cdn0.woolworths.media/content/wowproductimages/large/662396.jpg",
      "storeId": "woolworths",
      "packageSize": "325ml",
      "cupPrice": "$1.23 / 100ML",
      "locations": {
        "ALL": { "price": 4, "discountRate": 50, "promo": "", "orgPrice": 8 }
      },
      "categoryIds": ["w-health-beauty"],
      "similarProducts": []
    },
    {
      "id": "w-10101-8992304041037",
      "name": "L'oreal Paris Elvive Colour Protect Conditioner",
      "brand": "L'oreal",
      "imageUrls": "https://cdn0.woolworths.media/content/wowproductimages/large/010101.jpg",
      "storeId": "woolworths",
      "packageSize": "700ml",
      "cupPrice": "$0.71 / 100ML",
      "locations": {
        "ALL": { "price": 5, "discountRate": 50, "promo": "", "orgPrice": 10 }
      },
      "categoryIds": ["w-health-beauty"],
      "similarProducts": []
    },
    {
      "id": "w-662407-8901526523122",
      "name": "L'oreal Paris Elvive Colour Protect Shampoo",
      "brand": "L'oreal",
      "imageUrls": "https://cdn0.woolworths.media/content/wowproductimages/large/662407.jpg",
      "storeId": "woolworths",
      "packageSize": "325ml",
      "cupPrice": "$1.23 / 100ML",
      "locations": {
        "ALL": { "price": 4, "discountRate": 50, "promo": "", "orgPrice": 8 }
      },
      "categoryIds": ["w-health-beauty"],
      "similarProducts": []
    },
    {
      "id": "w-9902-8992304041020",
      "name": "L'oreal Paris Elvive Colour Protect Shampoo",
      "brand": "L'oreal",
      "imageUrls": "https://cdn0.woolworths.media/content/wowproductimages/large/009902.jpg",
      "storeId": "woolworths",
      "packageSize": "700ml",
      "cupPrice": "$0.71 / 100ML",
      "locations": {
        "ALL": { "price": 5, "discountRate": 50, "promo": "", "orgPrice": 10 }
      },
      "categoryIds": ["w-health-beauty"],
      "similarProducts": []
    },
    {
      "id": "w-52865-3600523816927",
      "name": "L'oreal Paris Elvive Dream Lengths Detangling Conditioner",
      "brand": "L'oreal",
      "imageUrls": "https://cdn0.woolworths.media/content/wowproductimages/large/052865.jpg",
      "storeId": "woolworths",
      "packageSize": "325ml",
      "cupPrice": "$1.23 / 100ML",
      "locations": {
        "ALL": { "price": 4, "discountRate": 50, "promo": "", "orgPrice": 8 }
      },
      "categoryIds": ["w-health-beauty"],
      "similarProducts": [
        {
          "productId": "loreal-elvive-conditioner-dream-lengths",
          "storeId": "coles"
        }
      ]
    },
    {
      "id": "w-52864-3600523816910",
      "name": "L'oreal Paris Elvive Dream Lengths Restoring Shampoo",
      "brand": "L'oreal",
      "imageUrls": "https://cdn0.woolworths.media/content/wowproductimages/large/052864.jpg",
      "storeId": "woolworths",
      "packageSize": "325ml",
      "cupPrice": "$1.23 / 100ML",
      "locations": {
        "ALL": { "price": 4, "discountRate": 50, "promo": "", "orgPrice": 8 }
      },
      "categoryIds": ["w-health-beauty"],
      "similarProducts": [
        {
          "productId": "loreal-elvive-shampoo-dream-lengths",
          "storeId": "coles"
        }
      ]
    },
    {
      "id": "w-682749-3600523572557",
      "name": "L'oreal Paris Elvive Extraordinary Coconut Oil",
      "brand": "L'oreal",
      "imageUrls": "https://cdn0.woolworths.media/content/wowproductimages/large/682749.jpg",
      "storeId": "woolworths",
      "packageSize": "100ml",
      "cupPrice": "$9.95 / 100ML",
      "locations": {
        "ALL": {
          "price": 9.95,
          "discountRate": 50,
          "promo": "",
          "orgPrice": 20
        }
      },
      "categoryIds": ["w-health-beauty"],
      "similarProducts": []
    },
    {
      "id": "w-682747-3600523572564",
      "name": "L'oreal Paris Elvive Extraordinary Coconut Oil Mask",
      "brand": "L'oreal",
      "imageUrls": "https://cdn0.woolworths.media/content/wowproductimages/large/682747.jpg",
      "storeId": "woolworths",
      "packageSize": "300ml",
      "cupPrice": "$1.65 / 100ML",
      "locations": {
        "ALL": {
          "price": 4.95,
          "discountRate": 51,
          "promo": "",
          "orgPrice": 10
        }
      },
      "categoryIds": ["w-health-beauty"],
      "similarProducts": []
    },
    {
      "id": "w-891479-8901526960439",
      "name": "L'oreal Paris Elvive Extraordinary Oil Shampoo",
      "brand": "L'oreal",
      "imageUrls": "https://cdn0.woolworths.media/content/wowproductimages/large/891479.jpg",
      "storeId": "woolworths",
      "packageSize": "700ml",
      "cupPrice": "$0.71 / 100ML",
      "locations": {
        "ALL": { "price": 5, "discountRate": 50, "promo": "", "orgPrice": 10 }
      },
      "categoryIds": ["w-health-beauty"],
      "similarProducts": []
    },
    {
      "id": "w-662433-3600523547524",
      "name": "L'oreal Paris Elvive Extraordinary Oil Conditioner",
      "brand": "L'oreal",
      "imageUrls": "https://cdn0.woolworths.media/content/wowproductimages/large/662433.jpg",
      "storeId": "woolworths",
      "packageSize": "325ml",
      "cupPrice": "$1.23 / 100ML",
      "locations": {
        "ALL": { "price": 4, "discountRate": 50, "promo": "", "orgPrice": 8 }
      },
      "categoryIds": ["w-health-beauty"],
      "similarProducts": []
    },
    {
      "id": "w-891480-8901526960422",
      "name": "L'oreal Paris Elvive Extraordinary Oil Conditioner",
      "brand": "L'oreal",
      "imageUrls": "https://cdn0.woolworths.media/content/wowproductimages/large/891480.jpg",
      "storeId": "woolworths",
      "packageSize": "700ml",
      "cupPrice": "$0.71 / 100ML",
      "locations": {
        "ALL": { "price": 5, "discountRate": 50, "promo": "", "orgPrice": 10 }
      },
      "categoryIds": ["w-health-beauty"],
      "similarProducts": []
    },
    {
      "id": "w-662432-3600523547487",
      "name": "L'oreal Paris Elvive Extraordinary Oil Shampoo",
      "brand": "L'oreal",
      "imageUrls": "https://cdn0.woolworths.media/content/wowproductimages/large/662432.jpg",
      "storeId": "woolworths",
      "packageSize": "325ml",
      "cupPrice": "$1.23 / 100ML",
      "locations": {
        "ALL": { "price": 4, "discountRate": 50, "promo": "", "orgPrice": 8 }
      },
      "categoryIds": ["w-health-beauty"],
      "similarProducts": []
    },
    {
      "id": "w-856799-8901526960453",
      "name": "L'oreal Paris Elvive Fibralogy Shampoo",
      "brand": "L'oreal",
      "imageUrls": "https://cdn0.woolworths.media/content/wowproductimages/large/856799.jpg",
      "storeId": "woolworths",
      "packageSize": "700ml",
      "cupPrice": "$0.71 / 100ML",
      "locations": {
        "ALL": { "price": 5, "discountRate": 50, "promo": "", "orgPrice": 10 }
      },
      "categoryIds": ["w-health-beauty"],
      "similarProducts": []
    },
    {
      "id": "w-10103-8992304041174",
      "name": "L'oreal Paris Elvive Total Repair Conditioner",
      "brand": "L'oreal",
      "imageUrls": "https://cdn0.woolworths.media/content/wowproductimages/large/010103.jpg",
      "storeId": "woolworths",
      "packageSize": "700ml",
      "cupPrice": "$0.71 / 100ML",
      "locations": {
        "ALL": { "price": 5, "discountRate": 50, "promo": "", "orgPrice": 10 }
      },
      "categoryIds": ["w-health-beauty"],
      "similarProducts": []
    },
    {
      "id": "w-662430-8994993000364",
      "name": "L'oreal Paris Elvive Total Repair Conditioner",
      "brand": "L'oreal",
      "imageUrls": "https://cdn0.woolworths.media/content/wowproductimages/large/662430.jpg",
      "storeId": "woolworths",
      "packageSize": "325ml",
      "cupPrice": "$1.23 / 100ML",
      "locations": {
        "ALL": { "price": 4, "discountRate": 50, "promo": "", "orgPrice": 8 }
      },
      "categoryIds": ["w-health-beauty"],
      "similarProducts": []
    },
    {
      "id": "w-662421-8901526523153",
      "name": "L'oreal Paris Elvive Total Repair Shampoo",
      "brand": "L'oreal",
      "imageUrls": "https://cdn0.woolworths.media/content/wowproductimages/large/662421.jpg",
      "storeId": "woolworths",
      "packageSize": "325ml",
      "cupPrice": "$1.23 / 100ML",
      "locations": {
        "ALL": { "price": 4, "discountRate": 50, "promo": "", "orgPrice": 8 }
      },
      "categoryIds": ["w-health-beauty"],
      "similarProducts": []
    },
    {
      "id": "w-10102-8992304041181",
      "name": "L'oreal Paris Elvive Total Repair Shampoo",
      "brand": "L'oreal",
      "imageUrls": "https://cdn0.woolworths.media/content/wowproductimages/large/010102.jpg",
      "storeId": "woolworths",
      "packageSize": "700ml",
      "cupPrice": "$0.71 / 100ML",
      "locations": {
        "ALL": { "price": 5, "discountRate": 50, "promo": "", "orgPrice": 10 }
      },
      "categoryIds": ["w-health-beauty"],
      "similarProducts": []
    },
    {
      "id": "w-46595-3600523015313",
      "name": "L'oreal Paris Excellence Age Perfect Pearl Blonde 8.32",
      "brand": "L'oreal",
      "imageUrls": "https://cdn0.woolworths.media/content/wowproductimages/large/046595.jpg",
      "storeId": "woolworths",
      "packageSize": "each",
      "cupPrice": "$0.00 / 0",
      "locations": {
        "ALL": {
          "price": 10,
          "discountRate": 50,
          "promo": "",
          "orgPrice": 20
        }
      },
      "categoryIds": ["w-health-beauty"],
      "similarProducts": []
    },
    {
      "id": "w-46598-3600523015306",
      "name": "L'oreal Paris Excellence Age Perfect Radiant Pure Beige Blonde 8.31",
      "brand": "L'oreal",
      "imageUrls": "https://cdn0.woolworths.media/content/wowproductimages/large/046598.jpg",
      "storeId": "woolworths",
      "packageSize": "each",
      "cupPrice": "$0.00 / 0",
      "locations": {
        "ALL": {
          "price": 10,
          "discountRate": 50,
          "promo": "",
          "orgPrice": 20
        }
      },
      "categoryIds": ["w-health-beauty"],
      "similarProducts": []
    },
    {
      "id": "w-840342-3600523015337",
      "name": "L'oreal Paris Excellence Age Perfect Very Light Blonde 7.32",
      "brand": "L'oreal",
      "imageUrls": "https://cdn0.woolworths.media/content/wowproductimages/large/840342.jpg",
      "storeId": "woolworths",
      "packageSize": "each",
      "cupPrice": "$0.00 / 0",
      "locations": {
        "ALL": {
          "price": 10,
          "discountRate": 50,
          "promo": "",
          "orgPrice": 20
        }
      },
      "categoryIds": ["w-health-beauty"],
      "similarProducts": []
    },
    {
      "id": "w-506517-3600523216475",
      "name": "L'oreal Paris Golden Age Day Cream Rosy",
      "brand": "L'oreal",
      "imageUrls": "https://cdn0.woolworths.media/content/wowproductimages/large/506517.jpg",
      "storeId": "woolworths",
      "packageSize": "50ml",
      "cupPrice": "$51.80 / 100ML",
      "locations": {
        "ALL": {
          "price": 25.9,
          "discountRate": 30,
          "promo": "",
          "orgPrice": 37
        }
      },
      "categoryIds": ["w-health-beauty"],
      "similarProducts": []
    },
    {
      "id": "w-506519-3600523242610",
      "name": "L'oreal Paris Golden Age Night Cream Rich",
      "brand": "L'oreal",
      "imageUrls": "https://cdn0.woolworths.media/content/wowproductimages/large/506519.jpg",
      "storeId": "woolworths",
      "packageSize": "50ml",
      "cupPrice": "$51.80 / 100ML",
      "locations": {
        "ALL": {
          "price": 25.9,
          "discountRate": 30,
          "promo": "",
          "orgPrice": 37
        }
      },
      "categoryIds": ["w-health-beauty"],
      "similarProducts": []
    },
    {
      "id": "w-452053-3600523192809",
      "name": "L'oreal Paris Magic Retouch Hair Colour 3 Brown",
      "brand": "L'oreal",
      "imageUrls": "https://cdn0.woolworths.media/content/wowproductimages/large/452053.jpg",
      "storeId": "woolworths",
      "packageSize": "each",
      "cupPrice": "$17.00 / 100ML",
      "locations": {
        "ALL": {
          "price": 12.75,
          "discountRate": 20,
          "promo": "",
          "orgPrice": 15.95
        }
      },
      "categoryIds": ["w-health-beauty"],
      "similarProducts": []
    },
    {
      "id": "w-452081-3600523192816",
      "name": "L'oreal Paris Magic Retouch Hair Colour 4 Light Brown",
      "brand": "L'oreal",
      "imageUrls": "https://cdn0.woolworths.media/content/wowproductimages/large/452081.jpg",
      "storeId": "woolworths",
      "packageSize": "each",
      "cupPrice": "$17.00 / 100ML",
      "locations": {
        "ALL": {
          "price": 12.75,
          "discountRate": 20,
          "promo": "",
          "orgPrice": 15.95
        }
      },
      "categoryIds": ["w-health-beauty"],
      "similarProducts": []
    },
    {
      "id": "w-230034-3600520301921",
      "name": "L'oreal Paris Men Expert Erase Wrinkle Moisturiser",
      "brand": "L'oreal",
      "imageUrls": "https://cdn0.woolworths.media/content/wowproductimages/large/230034.jpg",
      "storeId": "woolworths",
      "packageSize": "50ml",
      "cupPrice": "$28.00 / 100ML",
      "locations": {
        "ALL": {
          "price": 14,
          "discountRate": 30,
          "promo": "",
          "orgPrice": 20
        }
      },
      "categoryIds": ["w-health-beauty"],
      "similarProducts": []
    },
    {
      "id": "w-2447-3600522187455",
      "name": "L'oreal Paris Preference 10.21 Alaska Pearl Blonde",
      "brand": "L'oreal",
      "imageUrls": "https://cdn0.woolworths.media/content/wowproductimages/large/002447.jpg",
      "storeId": "woolworths",
      "packageSize": "each",
      "cupPrice": "$0.00 / 0",
      "locations": {
        "ALL": {
          "price": 9.5,
          "discountRate": 50,
          "promo": "",
          "orgPrice": 19
        }
      },
      "categoryIds": ["w-health-beauty"],
      "similarProducts": []
    },
    {
      "id": "w-611759-3600523431205",
      "name": "L'oreal Paris Pure Clay Charcoal Detoxifying Gel Wash",
      "brand": "L'oreal",
      "imageUrls": "https://cdn0.woolworths.media/content/wowproductimages/large/611759.jpg",
      "storeId": "woolworths",
      "packageSize": "150ml",
      "cupPrice": "$7.00 / 100ML",
      "locations": {
        "ALL": {
          "price": 10.5,
          "discountRate": 30,
          "promo": "",
          "orgPrice": 15
        }
      },
      "categoryIds": ["w-health-beauty"],
      "similarProducts": [
        { "productId": "cw-83125", "storeId": "chemist-warehouse" }
      ]
    },
    {
      "id": "w-533683-3600523306190",
      "name": "L'oreal Paris Pure Clay Detoxifing & Brightening Charcoal Mask",
      "brand": "L'oreal",
      "imageUrls": "https://cdn0.woolworths.media/content/wowproductimages/large/533683.jpg",
      "storeId": "woolworths",
      "packageSize": "50ml",
      "cupPrice": "$28.00 / 100ML",
      "locations": {
        "ALL": {
          "price": 14,
          "discountRate": 30,
          "promo": "",
          "orgPrice": 20
        }
      },
      "categoryIds": ["w-health-beauty"],
      "similarProducts": []
    },
    {
      "id": "w-611770-3600523431199",
      "name": "L'oreal Paris Pure Clay Red Algae Exfoliating Scrub",
      "brand": "L'oreal",
      "imageUrls": "https://cdn0.woolworths.media/content/wowproductimages/large/611770.jpg",
      "storeId": "woolworths",
      "packageSize": "150ml",
      "cupPrice": "$7.00 / 100ML",
      "locations": {
        "ALL": {
          "price": 10.5,
          "discountRate": 30,
          "promo": "",
          "orgPrice": 15
        }
      },
      "categoryIds": ["w-health-beauty"],
      "similarProducts": [
        { "productId": "cw-83126", "storeId": "chemist-warehouse" }
      ]
    },
    {
      "id": "w-188347-9312825697497",
      "name": "L'oreal Paris Revitalift Rich Night Cream",
      "brand": "L'oreal",
      "imageUrls": "https://cdn0.woolworths.media/content/wowproductimages/large/188347.jpg",
      "storeId": "woolworths",
      "packageSize": "50ml",
      "cupPrice": "$46.00 / 100ML",
      "locations": {
        "ALL": {
          "price": 23,
          "discountRate": 30,
          "promo": "",
          "orgPrice": 33
        }
      },
      "categoryIds": ["w-health-beauty"],
      "similarProducts": []
    },
    {
      "id": "w-188389-9312825697466",
      "name": "L'oreal Paris Revitalift Face Cream Day Anti Wrinkle & Firming",
      "brand": "L'oreal",
      "imageUrls": "https://cdn0.woolworths.media/content/wowproductimages/large/188389.jpg",
      "storeId": "woolworths",
      "packageSize": "50ml",
      "cupPrice": "$46.00 / 100ML",
      "locations": {
        "ALL": {
          "price": 23,
          "discountRate": 30,
          "promo": "",
          "orgPrice": 33
        }
      },
      "categoryIds": ["w-health-beauty"],
      "similarProducts": []
    },
    {
      "id": "w-503238-3600523279302",
      "name": "L'oreal Paris Revitalift Facial Serum",
      "brand": "L'oreal",
      "imageUrls": "https://cdn0.woolworths.media/content/wowproductimages/large/503238.jpg",
      "storeId": "woolworths",
      "packageSize": "30ml",
      "cupPrice": "$76.67 / 100ML",
      "locations": {
        "ALL": {
          "price": 23,
          "discountRate": 30,
          "promo": "",
          "orgPrice": 33
        }
      },
      "categoryIds": ["w-health-beauty"],
      "similarProducts": []
    },
    {
      "id": "w-73225-3600523873869",
      "name": "L'oreal Paris Revitalift Filler Serum",
      "brand": "L'oreal",
      "imageUrls": "https://cdn0.woolworths.media/content/wowproductimages/large/073225.jpg",
      "storeId": "woolworths",
      "packageSize": "30ml",
      "cupPrice": "$105.00 / 100ML",
      "locations": {
        "ALL": {
          "price": 31.5,
          "discountRate": 30,
          "promo": "",
          "orgPrice": 45
        }
      },
      "categoryIds": ["w-health-beauty"],
      "similarProducts": []
    },
    {
      "id": "w-82515-3600521823774",
      "name": "L'oreal Revitalift Eye Cream",
      "brand": "L'oreal",
      "imageUrls": "https://cdn0.woolworths.media/content/wowproductimages/large/082515.jpg",
      "storeId": "woolworths",
      "packageSize": "15ml",
      "cupPrice": "$153.33 / 100ML",
      "locations": {
        "ALL": {
          "price": 23,
          "discountRate": 30,
          "promo": "",
          "orgPrice": 33
        }
      },
      "categoryIds": ["w-health-beauty"],
      "similarProducts": []
    },
    {
      "id": "w-79920-6923700958768",
      "name": "L'oreal Revitalift Brightening Sheet Mask",
      "brand": "L'oreal",
      "imageUrls": "https://cdn0.woolworths.media/content/wowproductimages/large/079920.jpg",
      "storeId": "woolworths",
      "packageSize": "each",
      "cupPrice": "$18.67 / 100G",
      "locations": {
        "ALL": {
          "price": 5.6,
          "discountRate": 30,
          "promo": "",
          "orgPrice": 8
        }
      },
      "categoryIds": ["w-health-beauty"],
      "similarProducts": [
        {
          "productId": "l-oreal-revitalift-brightening-shet-mask",
          "storeId": "coles"
        },
        { "productId": "cw-99325", "storeId": "chemist-warehouse" }
      ]
    },
    {
      "id": "w-749749-3600522251835",
      "name": "L'oreal Revitalift Eye Cream Laser",
      "brand": "L'oreal",
      "imageUrls": "https://cdn0.woolworths.media/content/wowproductimages/large/749749.jpg",
      "storeId": "woolworths",
      "packageSize": "15ml",
      "cupPrice": "$233.27 / 100ML",
      "locations": {
        "ALL": {
          "price": 34.99,
          "discountRate": 30,
          "promo": "",
          "orgPrice": 49.99
        }
      },
      "categoryIds": ["w-health-beauty"],
      "similarProducts": []
    },
    {
      "id": "w-749763-3600522248873",
      "name": "L'oreal Revitalift Face Cream Laser Day Cream",
      "brand": "L'oreal",
      "imageUrls": "https://cdn0.woolworths.media/content/wowproductimages/large/749763.jpg",
      "storeId": "woolworths",
      "packageSize": "50ml",
      "cupPrice": "$63.00 / 100ML",
      "locations": {
        "ALL": {
          "price": 31.5,
          "discountRate": 30,
          "promo": "",
          "orgPrice": 45
        }
      },
      "categoryIds": ["w-health-beauty"],
      "similarProducts": []
    },
    {
      "id": "w-749762-3600522249474",
      "name": "L'oreal Revitalift Face Serum Laser",
      "brand": "L'oreal",
      "imageUrls": "https://cdn0.woolworths.media/content/wowproductimages/large/749762.jpg",
      "storeId": "woolworths",
      "packageSize": "30ml",
      "cupPrice": "$116.67 / 100ML",
      "locations": {
        "ALL": {
          "price": 35,
          "discountRate": 30,
          "promo": "",
          "orgPrice": 50
        }
      },
      "categoryIds": ["w-health-beauty"],
      "similarProducts": []
    },
    {
      "id": "w-892592-3600522892359",
      "name": "L'oreal Revitalift Filler Day Cream",
      "brand": "L'oreal",
      "imageUrls": "https://cdn0.woolworths.media/content/wowproductimages/large/892592.jpg",
      "storeId": "woolworths",
      "packageSize": "50ml",
      "cupPrice": "$63.00 / 100ML",
      "locations": {
        "ALL": {
          "price": 31.5,
          "discountRate": 30,
          "promo": "",
          "orgPrice": 45
        }
      },
      "categoryIds": ["w-health-beauty"],
      "similarProducts": []
    },
    {
      "id": "w-481538-3600523201396",
      "name": "L'oreal Revitalift Filler Night Cream",
      "brand": "L'oreal",
      "imageUrls": "https://cdn0.woolworths.media/content/wowproductimages/large/481538.jpg",
      "storeId": "woolworths",
      "packageSize": "50ml",
      "cupPrice": "$64.00 / 100ML",
      "locations": {
        "ALL": {
          "price": 32,
          "discountRate": 29,
          "promo": "",
          "orgPrice": 45
        }
      },
      "categoryIds": ["w-health-beauty"],
      "similarProducts": []
    },
    {
      "id": "w-676751-3600523456246",
      "name": "L'oreal Revitalift Laser Day Cream Spf 15",
      "brand": "L'oreal",
      "imageUrls": "https://cdn0.woolworths.media/content/wowproductimages/large/676751.jpg",
      "storeId": "woolworths",
      "packageSize": "50ml",
      "cupPrice": "$66.50 / 100ML",
      "locations": {
        "ALL": {
          "price": 33.25,
          "discountRate": 30,
          "promo": "",
          "orgPrice": 47.5
        }
      },
      "categoryIds": ["w-health-beauty"],
      "similarProducts": []
    },
    {
      "id": "w-72648-6923700958775",
      "name": "L'oreal Revitalift Lifting Sheet Mask",
      "brand": "L'oreal",
      "imageUrls": "https://cdn0.woolworths.media/content/wowproductimages/large/072648.jpg",
      "storeId": "woolworths",
      "packageSize": "each",
      "cupPrice": "$18.67 / 100G",
      "locations": {
        "ALL": {
          "price": 5.6,
          "discountRate": 30,
          "promo": "",
          "orgPrice": 8
        }
      },
      "categoryIds": ["w-health-beauty"],
      "similarProducts": []
    },
    {
      "id": "w-56440-3600523716586",
      "name": "L'oreal Revitalift Red Day Cream",
      "brand": "L'oreal",
      "imageUrls": "https://cdn0.woolworths.media/content/wowproductimages/large/056440.jpg",
      "storeId": "woolworths",
      "packageSize": "50ml",
      "cupPrice": "$54.00 / 100ML",
      "locations": {
        "ALL": {
          "price": 27,
          "discountRate": 31,
          "promo": "",
          "orgPrice": 39
        }
      },
      "categoryIds": ["w-health-beauty"],
      "similarProducts": []
    },
    {
      "id": "w-370954-5000158068148",
      "name": "Lemsip Max Cold & Flu Multi Relief Hot Drink Lemon",
      "brand": "Lemsip",
      "imageUrls": "https://cdn0.woolworths.media/content/wowproductimages/large/370954.jpg",
      "storeId": "woolworths",
      "packageSize": "10 pack",
      "cupPrice": "$1.20 / 1EA",
      "locations": {
        "ALL": {
          "price": 12,
          "discountRate": 20,
          "promo": "",
          "orgPrice": 15
        }
      },
      "categoryIds": ["w-health-beauty"],
      "similarProducts": []
    },
    {
      "id": "w-479941-9325344002710",
      "name": "Libra Extra Sanitary Pads Regular",
      "brand": "Libra",
      "imageUrls": "https://cdn0.woolworths.media/content/wowproductimages/large/479941.jpg",
      "storeId": "woolworths",
      "packageSize": "14 pack",
      "cupPrice": "$0.25 / 1EA",
      "locations": {
        "ALL": {
          "price": 3.45,
          "discountRate": 18,
          "promo": "",
          "orgPrice": 4.2
        }
      },
      "categoryIds": ["w-health-beauty"],
      "similarProducts": []
    },
    {
      "id": "w-723988-9325344002116",
      "name": "Libra Girl Good Night Pads With Wings",
      "brand": "Libra",
      "imageUrls": "https://cdn0.woolworths.media/content/wowproductimages/large/723988.jpg",
      "storeId": "woolworths",
      "packageSize": "10 pack",
      "cupPrice": "$0.35 / 1EA",
      "locations": {
        "ALL": {
          "price": 3.45,
          "discountRate": 18,
          "promo": "",
          "orgPrice": 4.2
        }
      },
      "categoryIds": ["w-health-beauty"],
      "similarProducts": [
        {
          "productId": "libra-girl-goodnight-pads-with-wings",
          "storeId": "coles"
        }
      ]
    },
    {
      "id": "w-40338-9325344000082",
      "name": "Libra Girl Ultra Thins Pads Wings Regular",
      "brand": "Libra",
      "imageUrls": "https://cdn0.woolworths.media/content/wowproductimages/large/040338.jpg",
      "storeId": "woolworths",
      "packageSize": "12 pack",
      "cupPrice": "$0.29 / 1EA",
      "locations": {
        "ALL": {
          "price": 3.45,
          "discountRate": 18,
          "promo": "",
          "orgPrice": 4.2
        }
      },
      "categoryIds": ["w-health-beauty"],
      "similarProducts": [
        { "productId": "cw-83568", "storeId": "chemist-warehouse" }
      ]
    },
    {
      "id": "w-116837-9325344000129",
      "name": "Libra Goodnights Pads Ultra Thin Wings",
      "brand": "Libra",
      "imageUrls": "https://cdn0.woolworths.media/content/wowproductimages/large/116837.jpg",
      "storeId": "woolworths",
      "packageSize": "10 pack",
      "cupPrice": "$0.35 / 1EA",
      "locations": {
        "ALL": {
          "price": 3.45,
          "discountRate": 18,
          "promo": "",
          "orgPrice": 4.2
        }
      },
      "categoryIds": ["w-health-beauty"],
      "similarProducts": [
        { "productId": "cw-74835", "storeId": "chemist-warehouse" }
      ]
    },
    {
      "id": "w-30721-9310004342268",
      "name": "Libra Goodnights Pads",
      "brand": "Libra",
      "imageUrls": "https://cdn0.woolworths.media/content/wowproductimages/large/030721.jpg",
      "storeId": "woolworths",
      "packageSize": "10 pack",
      "cupPrice": "$0.35 / 1EA",
      "locations": {
        "ALL": {
          "price": 3.45,
          "discountRate": 18,
          "promo": "",
          "orgPrice": 4.2
        }
      },
      "categoryIds": ["w-health-beauty"],
      "similarProducts": []
    },
    {
      "id": "w-312064-9325344001232",
      "name": "Libra Maternity Pads Aloe Vera With Wings",
      "brand": "Libra",
      "imageUrls": "https://cdn0.woolworths.media/content/wowproductimages/large/312064.jpg",
      "storeId": "woolworths",
      "packageSize": "10 pack",
      "cupPrice": "$0.35 / 1EA",
      "locations": {
        "ALL": {
          "price": 3.45,
          "discountRate": 18,
          "promo": "",
          "orgPrice": 4.2
        }
      },
      "categoryIds": ["w-health-beauty"],
      "similarProducts": []
    },
    {
      "id": "w-14825-9310004342343",
      "name": "Libra Pads Wings Super",
      "brand": "Libra",
      "imageUrls": "https://cdn0.woolworths.media/content/wowproductimages/large/014825.jpg",
      "storeId": "woolworths",
      "packageSize": "12 pack",
      "cupPrice": "$0.29 / 1EA",
      "locations": {
        "ALL": {
          "price": 3.45,
          "discountRate": 18,
          "promo": "",
          "orgPrice": 4.2
        }
      },
      "categoryIds": ["w-health-beauty"],
      "similarProducts": [
        { "productId": "cw-35508", "storeId": "chemist-warehouse" }
      ]
    },
    {
      "id": "w-33186-9310004343005",
      "name": "Libra Tampons Regular",
      "brand": "Libra",
      "imageUrls": "https://cdn0.woolworths.media/content/wowproductimages/large/033186.jpg",
      "storeId": "woolworths",
      "packageSize": "16 pack",
      "cupPrice": "$0.20 / 1EA",
      "locations": {
        "ALL": {
          "price": 3.2,
          "discountRate": 11,
          "promo": "",
          "orgPrice": 3.6
        }
      },
      "categoryIds": ["w-health-beauty"],
      "similarProducts": [
        { "productId": "cw-31186", "storeId": "chemist-warehouse" },
        { "productId": "cw-31187", "storeId": "chemist-warehouse" }
      ]
    },
    {
      "id": "w-33174-9310004343029",
      "name": "Libra Tampons Super",
      "brand": "Libra",
      "imageUrls": "https://cdn0.woolworths.media/content/wowproductimages/large/033174.jpg",
      "storeId": "woolworths",
      "packageSize": "16 pack",
      "cupPrice": "$0.20 / 1EA",
      "locations": {
        "ALL": {
          "price": 3.2,
          "discountRate": 11,
          "promo": "",
          "orgPrice": 3.6
        }
      },
      "categoryIds": ["w-health-beauty"],
      "similarProducts": [
        { "productId": "cw-31189", "storeId": "chemist-warehouse" },
        { "productId": "cw-31188", "storeId": "chemist-warehouse" }
      ]
    },
    {
      "id": "w-11792-9325344003021",
      "name": "Libra Tampons Girl Regular",
      "brand": "Libra",
      "imageUrls": "https://cdn0.woolworths.media/content/wowproductimages/large/011792.jpg",
      "storeId": "woolworths",
      "packageSize": "16 pack",
      "cupPrice": "$0.20 / 1EA",
      "locations": {
        "ALL": {
          "price": 3.2,
          "discountRate": 11,
          "promo": "",
          "orgPrice": 3.6
        }
      },
      "categoryIds": ["w-health-beauty"],
      "similarProducts": []
    },
    {
      "id": "w-22033-9310004342312",
      "name": "Libra Ultra Thins Pads Wings Regular",
      "brand": "Libra",
      "imageUrls": "https://cdn0.woolworths.media/content/wowproductimages/large/022033.jpg",
      "storeId": "woolworths",
      "packageSize": "14 pack",
      "cupPrice": "$0.25 / 1EA",
      "locations": {
        "ALL": {
          "price": 3.45,
          "discountRate": 18,
          "promo": "",
          "orgPrice": 4.2
        }
      },
      "categoryIds": ["w-health-beauty"],
      "similarProducts": [
        { "productId": "cw-83568", "storeId": "chemist-warehouse" }
      ]
    },
    {
      "id": "w-479940-9325344002802",
      "name": "Libra Ultra Thins Sanitary Pads Thin Regular",
      "brand": "Libra",
      "imageUrls": "https://cdn0.woolworths.media/content/wowproductimages/large/479940.jpg",
      "storeId": "woolworths",
      "packageSize": "14 pack",
      "cupPrice": "$0.25 / 1EA",
      "locations": {
        "ALL": {
          "price": 3.45,
          "discountRate": 18,
          "promo": "",
          "orgPrice": 4.2
        }
      },
      "categoryIds": ["w-health-beauty"],
      "similarProducts": []
    },
    {
      "id": "w-24761-9310059050217",
      "name": "Listerine Fresh Burst Mouthwash",
      "brand": "Listerine",
      "imageUrls": "https://cdn0.woolworths.media/content/wowproductimages/large/024761.jpg",
      "storeId": "woolworths",
      "packageSize": "500ml",
      "cupPrice": "$1.00 / 100ML",
      "locations": {
        "ALL": {
          "price": 5,
          "discountRate": 33,
          "promo": "",
          "orgPrice": 7.5
        }
      },
      "categoryIds": ["w-health-beauty"],
      "similarProducts": [
        { "productId": "cw-6005", "storeId": "chemist-warehouse" },
        { "productId": "cw-6006", "storeId": "chemist-warehouse" }
      ]
    },
    {
      "id": "w-27457-9310059050200",
      "name": "Listerine Fresh Burst Mouthwash",
      "brand": "Listerine",
      "imageUrls": "https://cdn0.woolworths.media/content/wowproductimages/large/027457.jpg",
      "storeId": "woolworths",
      "packageSize": "250ml",
      "cupPrice": "$1.60 / 100ML",
      "locations": {
        "ALL": {
          "price": 4,
          "discountRate": 15,
          "promo": "",
          "orgPrice": 4.7
        }
      },
      "categoryIds": ["w-health-beauty"],
      "similarProducts": [
        { "productId": "cw-6005", "storeId": "chemist-warehouse" },
        { "productId": "cw-6006", "storeId": "chemist-warehouse" }
      ]
    },
    {
      "id": "w-302987-9300607090000",
      "name": "Listerine Smart Rinse Mouthwash For Kids Berry",
      "brand": "Listerine",
      "imageUrls": "https://cdn0.woolworths.media/content/wowproductimages/large/302987.jpg",
      "storeId": "woolworths",
      "packageSize": "500ml",
      "cupPrice": "$1.00 / 100ML",
      "locations": {
        "ALL": { "price": 5, "discountRate": 29, "promo": "", "orgPrice": 7 }
      },
      "categoryIds": ["w-health-beauty"],
      "similarProducts": []
    },
    {
      "id": "w-321880-9300607090109",
      "name": "Listerine Total Care Mouthwash Clean Mint",
      "brand": "Listerine",
      "imageUrls": "https://cdn0.woolworths.media/content/wowproductimages/large/321880.jpg",
      "storeId": "woolworths",
      "packageSize": "500ml",
      "cupPrice": "$1.40 / 100ML",
      "locations": {
        "ALL": {
          "price": 7,
          "discountRate": 25,
          "promo": "",
          "orgPrice": 9.3
        }
      },
      "categoryIds": ["w-health-beauty"],
      "similarProducts": []
    },
    {
      "id": "w-569369-9300607090901",
      "name": "Listerine Total Care Zero Alcohol Mouthwash",
      "brand": "Listerine",
      "imageUrls": "https://cdn0.woolworths.media/content/wowproductimages/large/569369.jpg",
      "storeId": "woolworths",
      "packageSize": "500ml",
      "cupPrice": "$1.40 / 100ML",
      "locations": {
        "ALL": {
          "price": 7,
          "discountRate": 25,
          "promo": "",
          "orgPrice": 9.3
        }
      },
      "categoryIds": ["w-health-beauty"],
      "similarProducts": []
    },
    {
      "id": "w-823509-8886467033056",
      "name": "Love Beauty & Planet Conditioner Blooming Colour",
      "brand": "Love Beauty & Planet",
      "imageUrls": "https://cdn0.woolworths.media/content/wowproductimages/large/823509.jpg",
      "storeId": "woolworths",
      "packageSize": "400ml",
      "cupPrice": "$1.88 / 100ML",
      "locations": {
        "ALL": {
          "price": 7.5,
          "discountRate": 50,
          "promo": "",
          "orgPrice": 15
        }
      },
      "categoryIds": ["w-health-beauty"],
      "similarProducts": []
    },
    {
      "id": "w-823168-8886467033087",
      "name": "Love Beauty & Planet Conditioner Smooth & Serene",
      "brand": "Love Beauty & Planet",
      "imageUrls": "https://cdn0.woolworths.media/content/wowproductimages/large/823168.jpg",
      "storeId": "woolworths",
      "packageSize": "400ml",
      "cupPrice": "$1.88 / 100ML",
      "locations": {
        "ALL": {
          "price": 7.5,
          "discountRate": 50,
          "promo": "",
          "orgPrice": 15
        }
      },
      "categoryIds": ["w-health-beauty"],
      "similarProducts": []
    },
    {
      "id": "w-823169-8886467033070",
      "name": "Love Beauty & Planet Conditioner Volume & Bounty",
      "brand": "Love Beauty & Planet",
      "imageUrls": "https://cdn0.woolworths.media/content/wowproductimages/large/823169.jpg",
      "storeId": "woolworths",
      "packageSize": "400ml",
      "cupPrice": "$1.88 / 100ML",
      "locations": {
        "ALL": {
          "price": 7.5,
          "discountRate": 50,
          "promo": "",
          "orgPrice": 15
        }
      },
      "categoryIds": ["w-health-beauty"],
      "similarProducts": []
    },
    {
      "id": "w-823510-8886467033001",
      "name": "Love Beauty & Planet Shampoo Blooming Colour",
      "brand": "Love Beauty & Planet",
      "imageUrls": "https://cdn0.woolworths.media/content/wowproductimages/large/823510.jpg",
      "storeId": "woolworths",
      "packageSize": "400ml",
      "cupPrice": "$1.88 / 100ML",
      "locations": {
        "ALL": {
          "price": 7.5,
          "discountRate": 50,
          "promo": "",
          "orgPrice": 15
        }
      },
      "categoryIds": ["w-health-beauty"],
      "similarProducts": []
    },
    {
      "id": "w-823165-8886467033032",
      "name": "Love Beauty & Planet Shampoo Smooth & Serene",
      "brand": "Love Beauty & Planet",
      "imageUrls": "https://cdn0.woolworths.media/content/wowproductimages/large/823165.jpg",
      "storeId": "woolworths",
      "packageSize": "400ml",
      "cupPrice": "$1.88 / 100ML",
      "locations": {
        "ALL": {
          "price": 7.5,
          "discountRate": 50,
          "promo": "",
          "orgPrice": 15
        }
      },
      "categoryIds": ["w-health-beauty"],
      "similarProducts": []
    },
    {
      "id": "w-823166-8886467033025",
      "name": "Love Beauty & Planet Shampoo Volume & Bounty",
      "brand": "Love Beauty & Planet",
      "imageUrls": "https://cdn0.woolworths.media/content/wowproductimages/large/823166.jpg",
      "storeId": "woolworths",
      "packageSize": "400ml",
      "cupPrice": "$1.88 / 100ML",
      "locations": {
        "ALL": {
          "price": 7.5,
          "discountRate": 50,
          "promo": "",
          "orgPrice": 15
        }
      },
      "categoryIds": ["w-health-beauty"],
      "similarProducts": []
    },
    {
      "id": "w-684273-9335393025004",
      "name": "Love Luna Bikini Period Brief",
      "brand": "Love Luna",
      "imageUrls": "https://cdn0.woolworths.media/content/wowproductimages/large/684273.jpg",
      "storeId": "woolworths",
      "packageSize": "10--12",
      "cupPrice": "$12.00 / 1EA",
      "locations": {
        "ALL": {
          "price": 12,
          "discountRate": 11,
          "promo": "",
          "orgPrice": 13.5
        }
      },
      "categoryIds": ["w-health-beauty"],
      "similarProducts": []
    },
    {
      "id": "w-684475-9335393025097",
      "name": "Love Luna Full Period Brief",
      "brand": "Love Luna",
      "imageUrls": "https://cdn0.woolworths.media/content/wowproductimages/large/684475.jpg",
      "storeId": "woolworths",
      "packageSize": "14--16",
      "cupPrice": "$12.00 / 1EA",
      "locations": {
        "ALL": {
          "price": 12,
          "discountRate": 11,
          "promo": "",
          "orgPrice": 13.5
        }
      },
      "categoryIds": ["w-health-beauty"],
      "similarProducts": []
    },
    {
      "id": "w-684277-9335393025059",
      "name": "Love Luna Midi Period Brief",
      "brand": "Love Luna",
      "imageUrls": "https://cdn0.woolworths.media/content/wowproductimages/large/684277.jpg",
      "storeId": "woolworths",
      "packageSize": "12--14",
      "cupPrice": "$12.00 / 1EA",
      "locations": {
        "ALL": {
          "price": 12,
          "discountRate": 11,
          "promo": "",
          "orgPrice": 13.5
        }
      },
      "categoryIds": ["w-health-beauty"],
      "similarProducts": []
    },
    {
      "id": "w-684269-9335393025035",
      "name": "Love Luna Midi Period Brief",
      "brand": "Love Luna",
      "imageUrls": "https://cdn0.woolworths.media/content/wowproductimages/large/684269.jpg",
      "storeId": "woolworths",
      "packageSize": "6--8",
      "cupPrice": "$12.00 / 1EA",
      "locations": {
        "ALL": {
          "price": 12,
          "discountRate": 11,
          "promo": "",
          "orgPrice": 13.5
        }
      },
      "categoryIds": ["w-health-beauty"],
      "similarProducts": []
    },
    {
      "id": "w-684290-9335393025042",
      "name": "Love Luna Midi Period Brief",
      "brand": "Love Luna",
      "imageUrls": "https://cdn0.woolworths.media/content/wowproductimages/large/684290.jpg",
      "storeId": "woolworths",
      "packageSize": "8--10",
      "cupPrice": "$12.00 / 1EA",
      "locations": {
        "ALL": {
          "price": 12,
          "discountRate": 11,
          "promo": "",
          "orgPrice": 13.5
        }
      },
      "categoryIds": ["w-health-beauty"],
      "similarProducts": []
    },
    {
      "id": "w-91413-9354731000022",
      "name": "Lovekins Ultra Thin Super Pads With Wings",
      "brand": "Lovekins",
      "imageUrls": "https://cdn0.woolworths.media/content/wowproductimages/large/091413.jpg",
      "storeId": "woolworths",
      "packageSize": "8 pack",
      "cupPrice": "$0.44 / 1EA",
      "locations": {
        "ALL": {
          "price": 3.5,
          "discountRate": 42,
          "promo": "",
          "orgPrice": 6
        }
      },
      "categoryIds": ["w-health-beauty"],
      "similarProducts": []
    },
    {
      "id": "w-674039-22796180025",
      "name": "Maui Moisture Curl Quench & Coconut Oil Conditioner",
      "brand": "Maui Moisture",
      "imageUrls": "https://cdn0.woolworths.media/content/wowproductimages/large/674039.jpg",
      "storeId": "woolworths",
      "packageSize": "385ml",
      "cupPrice": "$2.86 / 100ML",
      "locations": {
        "ALL": {
          "price": 11,
          "discountRate": 50,
          "promo": "",
          "orgPrice": 22
        }
      },
      "categoryIds": ["w-health-beauty"],
      "similarProducts": []
    },
    {
      "id": "w-674062-22796180018",
      "name": "Maui Moisture Curl Quench & Coconut Oil Shampoo",
      "brand": "Maui Moisture",
      "imageUrls": "https://cdn0.woolworths.media/content/wowproductimages/large/674062.jpg",
      "storeId": "woolworths",
      "packageSize": "385ml",
      "cupPrice": "$2.86 / 100ML",
      "locations": {
        "ALL": {
          "price": 11,
          "discountRate": 50,
          "promo": "",
          "orgPrice": 22
        }
      },
      "categoryIds": ["w-health-beauty"],
      "similarProducts": []
    },
    {
      "id": "w-674077-22796180155",
      "name": "Maui Moisture Heal & Hydrate Shea Butter Hair Mask",
      "brand": "Maui Moisture",
      "imageUrls": "https://cdn0.woolworths.media/content/wowproductimages/large/674077.jpg",
      "storeId": "woolworths",
      "packageSize": "340g",
      "cupPrice": "$3.24 / 100G",
      "locations": {
        "ALL": {
          "price": 11,
          "discountRate": 50,
          "promo": "",
          "orgPrice": 22
        }
      },
      "categoryIds": ["w-health-beauty"],
      "similarProducts": []
    },
    {
      "id": "w-674065-22796180124",
      "name": "Maui Moisture Heal & Hydrate Shea Butter Conditioner",
      "brand": "Maui Moisture",
      "imageUrls": "https://cdn0.woolworths.media/content/wowproductimages/large/674065.jpg",
      "storeId": "woolworths",
      "packageSize": "385ml",
      "cupPrice": "$2.86 / 100ML",
      "locations": {
        "ALL": {
          "price": 11,
          "discountRate": 50,
          "promo": "",
          "orgPrice": 22
        }
      },
      "categoryIds": ["w-health-beauty"],
      "similarProducts": []
    },
    {
      "id": "w-674034-22796180117",
      "name": "Maui Moisture Heal & Hydrate Shea Butter Shampoo",
      "brand": "Maui Moisture",
      "imageUrls": "https://cdn0.woolworths.media/content/wowproductimages/large/674034.jpg",
      "storeId": "woolworths",
      "packageSize": "385ml",
      "cupPrice": "$2.86 / 100ML",
      "locations": {
        "ALL": {
          "price": 11,
          "discountRate": 50,
          "promo": "",
          "orgPrice": 22
        }
      },
      "categoryIds": ["w-health-beauty"],
      "similarProducts": []
    },
    {
      "id": "w-674072-22796180520",
      "name": "Maui Moisture Nourish & Moisture Coconut Milk Conditioner",
      "brand": "Maui Moisture",
      "imageUrls": "https://cdn0.woolworths.media/content/wowproductimages/large/674072.jpg",
      "storeId": "woolworths",
      "packageSize": "385ml",
      "cupPrice": "$2.86 / 100ML",
      "locations": {
        "ALL": {
          "price": 11,
          "discountRate": 50,
          "promo": "",
          "orgPrice": 22
        }
      },
      "categoryIds": ["w-health-beauty"],
      "similarProducts": []
    },
    {
      "id": "w-674070-22796180513",
      "name": "Maui Moisture Nourish & Moisture Coconut Milk Shampoo",
      "brand": "Maui Moisture",
      "imageUrls": "https://cdn0.woolworths.media/content/wowproductimages/large/674070.jpg",
      "storeId": "woolworths",
      "packageSize": "385ml",
      "cupPrice": "$2.86 / 100ML",
      "locations": {
        "ALL": {
          "price": 11,
          "discountRate": 50,
          "promo": "",
          "orgPrice": 22
        }
      },
      "categoryIds": ["w-health-beauty"],
      "similarProducts": []
    },
    {
      "id": "w-674074-22796180629",
      "name": "Maui Moisture Thicken & Restore Bamboo Fibre Conditioner",
      "brand": "Maui Moisture",
      "imageUrls": "https://cdn0.woolworths.media/content/wowproductimages/large/674074.jpg",
      "storeId": "woolworths",
      "packageSize": "385ml",
      "cupPrice": "$2.86 / 100ML",
      "locations": {
        "ALL": {
          "price": 11,
          "discountRate": 50,
          "promo": "",
          "orgPrice": 22
        }
      },
      "categoryIds": ["w-health-beauty"],
      "similarProducts": []
    },
    {
      "id": "w-674073-22796180612",
      "name": "Maui Moisture Thicken & Restore Bamboo Fibre Shampoo",
      "brand": "Maui Moisture",
      "imageUrls": "https://cdn0.woolworths.media/content/wowproductimages/large/674073.jpg",
      "storeId": "woolworths",
      "packageSize": "385ml",
      "cupPrice": "$2.86 / 100ML",
      "locations": {
        "ALL": {
          "price": 11,
          "discountRate": 50,
          "promo": "",
          "orgPrice": 22
        }
      },
      "categoryIds": ["w-health-beauty"],
      "similarProducts": []
    },
    {
      "id": "w-85107-22796180650",
      "name": "Maui Moisture Thicken & Restore Bamboo Fibres Blow Out Mist",
      "brand": "Maui Moisture",
      "imageUrls": "https://cdn0.woolworths.media/content/wowproductimages/large/085107.jpg",
      "storeId": "woolworths",
      "packageSize": "236ml",
      "cupPrice": "$4.66 / 100ML",
      "locations": {
        "ALL": {
          "price": 11,
          "discountRate": 50,
          "promo": "",
          "orgPrice": 22
        }
      },
      "categoryIds": ["w-health-beauty"],
      "similarProducts": []
    },
    {
      "id": "w-64236-41554572292",
      "name": "Maybelline Brow Ultra Slim Blonde",
      "brand": "Maybelline",
      "imageUrls": "https://cdn0.woolworths.media/content/wowproductimages/large/064236.jpg",
      "storeId": "woolworths",
      "packageSize": "each",
      "cupPrice": "$106.67 / 10G",
      "locations": {
        "ALL": {
          "price": 9.6,
          "discountRate": 40,
          "promo": "",
          "orgPrice": 16
        }
      },
      "categoryIds": ["w-health-beauty"],
      "similarProducts": [
        { "productId": "cw-93286", "storeId": "chemist-warehouse" },
        { "productId": "cw-93288", "storeId": "chemist-warehouse" }
      ]
    },
    {
      "id": "w-12133-9344329168265",
      "name": "Maybelline Color Sensational Lipstick Mauve",
      "brand": "Maybelline",
      "imageUrls": "https://cdn0.woolworths.media/content/wowproductimages/large/012133.jpg",
      "storeId": "woolworths",
      "packageSize": "4.2g",
      "cupPrice": "$28.57 / 10G",
      "locations": {
        "ALL": {
          "price": 12,
          "discountRate": 40,
          "promo": "",
          "orgPrice": 20
        }
      },
      "categoryIds": ["w-health-beauty"],
      "similarProducts": [
        { "productId": "cw-98834", "storeId": "chemist-warehouse" },
        { "productId": "cw-98828", "storeId": "chemist-warehouse" },
        { "productId": "cw-98837", "storeId": "chemist-warehouse" },
        { "productId": "cw-98833", "storeId": "chemist-warehouse" },
        { "productId": "cw-98829", "storeId": "chemist-warehouse" },
        { "productId": "cw-98838", "storeId": "chemist-warehouse" },
        { "productId": "cw-98836", "storeId": "chemist-warehouse" },
        { "productId": "cw-98830", "storeId": "chemist-warehouse" }
      ]
    },
    {
      "id": "w-622352-9344329117515",
      "name": "Maybelline Color Sensational Shaping Lip Liner - Nude Whisper 105",
      "brand": "Maybelline",
      "imageUrls": "https://cdn0.woolworths.media/content/wowproductimages/large/622352.jpg",
      "storeId": "woolworths",
      "packageSize": "0.5g",
      "cupPrice": "$168.00 / 10G",
      "locations": {
        "ALL": {
          "price": 8.4,
          "discountRate": 40,
          "promo": "",
          "orgPrice": 14
        }
      },
      "categoryIds": ["w-health-beauty"],
      "similarProducts": []
    },
    {
      "id": "w-558977-41554493719",
      "name": "Maybelline Colossal Big Shot Volumizing Mascara - Baddest Black",
      "brand": "Maybelline",
      "imageUrls": "https://cdn0.woolworths.media/content/wowproductimages/large/558977.jpg",
      "storeId": "woolworths",
      "packageSize": "9.5ml",
      "cupPrice": "$12.63 / 10ML",
      "locations": {
        "ALL": {
          "price": 12,
          "discountRate": 40,
          "promo": "",
          "orgPrice": 20
        }
      },
      "categoryIds": ["w-health-beauty"],
      "similarProducts": [
        { "productId": "cw-83173", "storeId": "chemist-warehouse" },
        { "productId": "cw-86597", "storeId": "chemist-warehouse" }
      ]
    },
    {
      "id": "w-423466-9344329107585",
      "name": "Maybelline Colossal Go Extreme Volumizing Mascara - Leather Black",
      "brand": "Maybelline",
      "imageUrls": "https://cdn0.woolworths.media/content/wowproductimages/large/423466.jpg",
      "storeId": "woolworths",
      "packageSize": "9.5ml",
      "cupPrice": "$12.63 / 10ML",
      "locations": {
        "ALL": {
          "price": 12,
          "discountRate": 40,
          "promo": "",
          "orgPrice": 20
        }
      },
      "categoryIds": ["w-health-beauty"],
      "similarProducts": [
        { "productId": "cw-78336", "storeId": "chemist-warehouse" }
      ]
    },
    {
      "id": "w-826412-41554409291",
      "name": "Maybelline Colossal Pumped Up Volume Express Mascara - Glam Black",
      "brand": "Maybelline",
      "imageUrls": "https://cdn0.woolworths.media/content/wowproductimages/large/826412.jpg",
      "storeId": "woolworths",
      "packageSize": "9.5ml",
      "cupPrice": "$12.37 / 10ML",
      "locations": {
        "ALL": {
          "price": 12,
          "discountRate": 40,
          "promo": "",
          "orgPrice": 20
        }
      },
      "categoryIds": ["w-health-beauty"],
      "similarProducts": [
        { "productId": "cw-75199", "storeId": "chemist-warehouse" }
      ]
    },
    {
      "id": "w-328562-41554050899",
      "name": "Maybelline Colossal Volumizing Mascara- Glam Black",
      "brand": "Maybelline",
      "imageUrls": "https://cdn0.woolworths.media/content/wowproductimages/large/328562.jpg",
      "storeId": "woolworths",
      "packageSize": "9.2ml",
      "cupPrice": "$13.04 / 10ML",
      "locations": {
        "ALL": {
          "price": 12,
          "discountRate": 40,
          "promo": "",
          "orgPrice": 20
        }
      },
      "categoryIds": ["w-health-beauty"],
      "similarProducts": [
        { "productId": "cw-59597", "storeId": "chemist-warehouse" },
        { "productId": "cw-65175", "storeId": "chemist-warehouse" },
        { "productId": "cw-67773", "storeId": "chemist-warehouse" },
        { "productId": "cw-82862", "storeId": "chemist-warehouse" },
        { "productId": "cw-75199", "storeId": "chemist-warehouse" }
      ]
    },
    {
      "id": "w-297376-41554007503",
      "name": "Maybelline Define A Lash Mascara - Very Black",
      "brand": "Maybelline",
      "imageUrls": "https://cdn0.woolworths.media/content/wowproductimages/large/297376.jpg",
      "storeId": "woolworths",
      "packageSize": "6.5ml",
      "cupPrice": "$17.54 / 10ML",
      "locations": {
        "ALL": {
          "price": 11.4,
          "discountRate": 40,
          "promo": "",
          "orgPrice": 19
        }
      },
      "categoryIds": ["w-health-beauty"],
      "similarProducts": []
    },
    {
      "id": "w-63100-9344329173054",
      "name": "Maybelline Dream Urban Cover Liquid Foundation - Classic Ivory",
      "brand": "Maybelline",
      "imageUrls": "https://cdn0.woolworths.media/content/wowproductimages/large/063100.jpg",
      "storeId": "woolworths",
      "packageSize": "30ml",
      "cupPrice": "$5.20 / 10ML",
      "locations": {
        "ALL": {
          "price": 15.6,
          "discountRate": 40,
          "promo": "",
          "orgPrice": 26
        }
      },
      "categoryIds": ["w-health-beauty"],
      "similarProducts": [
        { "productId": "cw-93476", "storeId": "chemist-warehouse" },
        { "productId": "cw-98854", "storeId": "chemist-warehouse" },
        { "productId": "cw-93474", "storeId": "chemist-warehouse" },
        { "productId": "cw-93475", "storeId": "chemist-warehouse" },
        { "productId": "cw-93481", "storeId": "chemist-warehouse" }
      ]
    },
    {
      "id": "w-63101-9344329173061",
      "name": "Maybelline Dream Urban Cover Liquid Foundation - Natural Beige",
      "brand": "Maybelline",
      "imageUrls": "https://cdn0.woolworths.media/content/wowproductimages/large/063101.jpg",
      "storeId": "woolworths",
      "packageSize": "30ml",
      "cupPrice": "$5.20 / 10ML",
      "locations": {
        "ALL": {
          "price": 15.6,
          "discountRate": 40,
          "promo": "",
          "orgPrice": 26
        }
      },
      "categoryIds": ["w-health-beauty"],
      "similarProducts": [
        { "productId": "cw-93477", "storeId": "chemist-warehouse" },
        { "productId": "cw-93479", "storeId": "chemist-warehouse" },
        { "productId": "cw-93474", "storeId": "chemist-warehouse" },
        { "productId": "cw-93480", "storeId": "chemist-warehouse" },
        { "productId": "cw-98860", "storeId": "chemist-warehouse" },
        { "productId": "cw-93482", "storeId": "chemist-warehouse" }
      ]
    },
    {
      "id": "w-63035-9344329173030",
      "name": "Maybelline Dream Urban Cover Liquid Foundation - Natural Ivory",
      "brand": "Maybelline",
      "imageUrls": "https://cdn0.woolworths.media/content/wowproductimages/large/063035.jpg",
      "storeId": "woolworths",
      "packageSize": "30ml",
      "cupPrice": "$5.20 / 10ML",
      "locations": {
        "ALL": {
          "price": 15.6,
          "discountRate": 40,
          "promo": "",
          "orgPrice": 26
        }
      },
      "categoryIds": ["w-health-beauty"],
      "similarProducts": [
        { "productId": "cw-93477", "storeId": "chemist-warehouse" },
        { "productId": "cw-93476", "storeId": "chemist-warehouse" },
        { "productId": "cw-93474", "storeId": "chemist-warehouse" },
        { "productId": "cw-93475", "storeId": "chemist-warehouse" }
      ]
    },
    {
      "id": "w-816131-41554275940",
      "name": "Maybelline Eyestudio Master Precise Liquid Eyeliner - Black Reno",
      "brand": "Maybelline",
      "imageUrls": "https://cdn0.woolworths.media/content/wowproductimages/large/816131.jpg",
      "storeId": "woolworths",
      "packageSize": "1ml",
      "cupPrice": "$102.00 / 10ML",
      "locations": {
        "ALL": {
          "price": 10.2,
          "discountRate": 40,
          "promo": "",
          "orgPrice": 17
        }
      },
      "categoryIds": ["w-health-beauty"],
      "similarProducts": []
    },
    {
      "id": "w-688702-9344329144320",
      "name": "Maybelline Face Studio Prime Pore Minimising Primer",
      "brand": "Maybelline",
      "imageUrls": "https://cdn0.woolworths.media/content/wowproductimages/large/688702.jpg",
      "storeId": "woolworths",
      "packageSize": "each",
      "cupPrice": "$3.60 / 10ML",
      "locations": {
        "ALL": {
          "price": 10.8,
          "discountRate": 40,
          "promo": "",
          "orgPrice": 18
        }
      },
      "categoryIds": ["w-health-beauty"],
      "similarProducts": [
        { "productId": "cw-86616", "storeId": "chemist-warehouse" }
      ]
    },
    {
      "id": "w-819174-9344329161730",
      "name": "Maybelline Face Studio Prime Protect Spf8",
      "brand": "Maybelline",
      "imageUrls": "https://cdn0.woolworths.media/content/wowproductimages/large/819174.jpg",
      "storeId": "woolworths",
      "packageSize": "30ml",
      "cupPrice": "$3.60 / 10ML",
      "locations": {
        "ALL": {
          "price": 10.8,
          "discountRate": 40,
          "promo": "",
          "orgPrice": 18
        }
      },
      "categoryIds": ["w-health-beauty"],
      "similarProducts": []
    },
    {
      "id": "w-380771-41554240337",
      "name": "Maybelline Falsies Drama False Lash Effect Mascara - Black Drama",
      "brand": "Maybelline",
      "imageUrls": "https://cdn0.woolworths.media/content/wowproductimages/large/380771.jpg",
      "storeId": "woolworths",
      "packageSize": "8ml",
      "cupPrice": "$15.00 / 10ML",
      "locations": {
        "ALL": {
          "price": 12,
          "discountRate": 40,
          "promo": "",
          "orgPrice": 20
        }
      },
      "categoryIds": ["w-health-beauty"],
      "similarProducts": [
        { "productId": "cw-63771", "storeId": "chemist-warehouse" }
      ]
    },
    {
      "id": "w-74217-41554578478",
      "name": "Maybelline Falsies Lashlift Blackest Black",
      "brand": "Maybelline",
      "imageUrls": "https://cdn0.woolworths.media/content/wowproductimages/large/074217.jpg",
      "storeId": "woolworths",
      "packageSize": "each",
      "cupPrice": "$0.00 / 0",
      "locations": {
        "ALL": {
          "price": 15,
          "discountRate": 40,
          "promo": "",
          "orgPrice": 25
        }
      },
      "categoryIds": ["w-health-beauty"],
      "similarProducts": []
    },
    {
      "id": "w-877451-9344329095042",
      "name": "Maybelline Fit Me Matte & Poreless Foundation - Ivory 115",
      "brand": "Maybelline",
      "imageUrls": "https://cdn0.woolworths.media/content/wowproductimages/large/877451.jpg",
      "storeId": "woolworths",
      "packageSize": "30ml",
      "cupPrice": "$4.40 / 10ML",
      "locations": {
        "ALL": {
          "price": 13.2,
          "discountRate": 40,
          "promo": "",
          "orgPrice": 22
        }
      },
      "categoryIds": ["w-health-beauty"],
      "similarProducts": []
    },
    {
      "id": "w-622358-9344329115351",
      "name": "Maybelline Fit Me Matte & Poreless Foundation - Porcelain 110",
      "brand": "Maybelline",
      "imageUrls": "https://cdn0.woolworths.media/content/wowproductimages/large/622358.jpg",
      "storeId": "woolworths",
      "packageSize": "30ml",
      "cupPrice": "$4.40 / 10ML",
      "locations": {
        "ALL": {
          "price": 13.2,
          "discountRate": 40,
          "promo": "",
          "orgPrice": 22
        }
      },
      "categoryIds": ["w-health-beauty"],
      "similarProducts": [
        { "productId": "cw-89260", "storeId": "chemist-warehouse" }
      ]
    },
    {
      "id": "w-688710-9344329149486",
      "name": "Maybelline Fit Me Matte & Poreless Pressed Powder- Pure Beige 235",
      "brand": "Maybelline",
      "imageUrls": "https://cdn0.woolworths.media/content/wowproductimages/large/688710.jpg",
      "storeId": "woolworths",
      "packageSize": "each",
      "cupPrice": "$10.00 / 10G",
      "locations": {
        "ALL": { "price": 9, "discountRate": 40, "promo": "", "orgPrice": 15 }
      },
      "categoryIds": ["w-health-beauty"],
      "similarProducts": [
        { "productId": "cw-89260", "storeId": "chemist-warehouse" },
        { "productId": "cw-89262", "storeId": "chemist-warehouse" },
        { "productId": "cw-89263", "storeId": "chemist-warehouse" }
      ]
    },
    {
      "id": "w-674477-9344329139012",
      "name": "Maybelline Fit Me True-to-tone Blush - Nude",
      "brand": "Maybelline",
      "imageUrls": "https://cdn0.woolworths.media/content/wowproductimages/large/674477.jpg",
      "storeId": "woolworths",
      "packageSize": "4.5g",
      "cupPrice": "$20.00 / 10G",
      "locations": {
        "ALL": { "price": 9, "discountRate": 40, "promo": "", "orgPrice": 15 }
      },
      "categoryIds": ["w-health-beauty"],
      "similarProducts": [
        { "productId": "cw-86599", "storeId": "chemist-warehouse" },
        { "productId": "cw-86600", "storeId": "chemist-warehouse" },
        { "productId": "cw-86601", "storeId": "chemist-warehouse" },
        { "productId": "cw-86598", "storeId": "chemist-warehouse" }
      ]
    },
    {
      "id": "w-354203-41554209310",
      "name": "Maybelline Great Lash Big Volumizing Mascara - Blackest Black",
      "brand": "Maybelline",
      "imageUrls": "https://cdn0.woolworths.media/content/wowproductimages/large/354203.jpg",
      "storeId": "woolworths",
      "packageSize": "10ml",
      "cupPrice": "$7.80 / 10ML",
      "locations": {
        "ALL": {
          "price": 7.8,
          "discountRate": 40,
          "promo": "",
          "orgPrice": 13
        }
      },
      "categoryIds": ["w-health-beauty"],
      "similarProducts": [
        { "productId": "cw-98814", "storeId": "chemist-warehouse" },
        { "productId": "cw-70205", "storeId": "chemist-warehouse" },
        { "productId": "cw-60439", "storeId": "chemist-warehouse" }
      ]
    },
    {
      "id": "w-198606-41554670745",
      "name": "Maybelline Great Lash Volumizing Mascara - Blackest Black",
      "brand": "Maybelline",
      "imageUrls": "https://cdn0.woolworths.media/content/wowproductimages/large/198606.jpg",
      "storeId": "woolworths",
      "packageSize": "12.7ml",
      "cupPrice": "$6.14 / 10ML",
      "locations": {
        "ALL": {
          "price": 7.8,
          "discountRate": 40,
          "promo": "",
          "orgPrice": 13
        }
      },
      "categoryIds": ["w-health-beauty"],
      "similarProducts": [
        { "productId": "cw-70205", "storeId": "chemist-warehouse" },
        { "productId": "cw-60439", "storeId": "chemist-warehouse" }
      ]
    },
    {
      "id": "w-716125-9344329130668",
      "name": "Maybelline Instant Age Rewind Concealer - Light",
      "brand": "Maybelline",
      "imageUrls": "https://cdn0.woolworths.media/content/wowproductimages/large/716125.jpg",
      "storeId": "woolworths",
      "packageSize": "6ml",
      "cupPrice": "$20.00 / 10ML",
      "locations": {
        "ALL": {
          "price": 12,
          "discountRate": 40,
          "promo": "",
          "orgPrice": 20
        }
      },
      "categoryIds": ["w-health-beauty"],
      "similarProducts": []
    },
    {
      "id": "w-716191-9344329130675",
      "name": "Maybelline Instant Age Rewind Dark Circle Concealer - Medium",
      "brand": "Maybelline",
      "imageUrls": "https://cdn0.woolworths.media/content/wowproductimages/large/716191.jpg",
      "storeId": "woolworths",
      "packageSize": "6ml",
      "cupPrice": "$20.00 / 10ML",
      "locations": {
        "ALL": {
          "price": 12,
          "discountRate": 40,
          "promo": "",
          "orgPrice": 20
        }
      },
      "categoryIds": ["w-health-beauty"],
      "similarProducts": []
    },
    {
      "id": "w-818816-41554554076",
      "name": "Maybelline Lash Sensational Serum",
      "brand": "Maybelline",
      "imageUrls": "https://cdn0.woolworths.media/content/wowproductimages/large/818816.jpg",
      "storeId": "woolworths",
      "packageSize": "5.3ml",
      "cupPrice": "$28.30 / 10ML",
      "locations": {
        "ALL": {
          "price": 15,
          "discountRate": 40,
          "promo": "",
          "orgPrice": 25
        }
      },
      "categoryIds": ["w-health-beauty"],
      "similarProducts": [
        { "productId": "cw-90460", "storeId": "chemist-warehouse" }
      ]
    },
    {
      "id": "w-558945-41554460247",
      "name": "Maybelline Lash Sensational Lengthening Mascara - Blackest Black",
      "brand": "Maybelline",
      "imageUrls": "https://cdn0.woolworths.media/content/wowproductimages/large/558945.jpg",
      "storeId": "woolworths",
      "packageSize": "9.5ml",
      "cupPrice": "$14.53 / 10ML",
      "locations": {
        "ALL": {
          "price": 13.8,
          "discountRate": 40,
          "promo": "",
          "orgPrice": 23
        }
      },
      "categoryIds": ["w-health-beauty"],
      "similarProducts": [
        { "productId": "cw-76067", "storeId": "chemist-warehouse" },
        { "productId": "cw-82574", "storeId": "chemist-warehouse" }
      ]
    },
    {
      "id": "w-877441-41554420647",
      "name": "Maybelline Lash Sensational Lengthening Mascara - Very Black",
      "brand": "Maybelline",
      "imageUrls": "https://cdn0.woolworths.media/content/wowproductimages/large/877441.jpg",
      "storeId": "woolworths",
      "packageSize": "9ml",
      "cupPrice": "$15.33 / 10ML",
      "locations": {
        "ALL": {
          "price": 13.8,
          "discountRate": 40,
          "promo": "",
          "orgPrice": 23
        }
      },
      "categoryIds": ["w-health-beauty"],
      "similarProducts": [
        { "productId": "cw-76067", "storeId": "chemist-warehouse" },
        { "productId": "cw-75851", "storeId": "chemist-warehouse" }
      ]
    },
    {
      "id": "w-877390-41554420616",
      "name": "Maybelline Lash Sensational Washable Mascara - Blackest Black",
      "brand": "Maybelline",
      "imageUrls": "https://cdn0.woolworths.media/content/wowproductimages/large/877390.jpg",
      "storeId": "woolworths",
      "packageSize": "9.5ml",
      "cupPrice": "$14.53 / 10ML",
      "locations": {
        "ALL": {
          "price": 13.8,
          "discountRate": 40,
          "promo": "",
          "orgPrice": 23
        }
      },
      "categoryIds": ["w-health-beauty"],
      "similarProducts": [
        { "productId": "cw-76067", "storeId": "chemist-warehouse" }
      ]
    },
    {
      "id": "w-367893-41554217988",
      "name": "Maybelline Mascara Falsies Black Waterproof",
      "brand": "Maybelline",
      "imageUrls": "https://cdn0.woolworths.media/content/wowproductimages/large/367893.jpg",
      "storeId": "woolworths",
      "packageSize": "7.5ml",
      "cupPrice": "$16.00 / 10ML",
      "locations": {
        "ALL": {
          "price": 12,
          "discountRate": 40,
          "promo": "",
          "orgPrice": 20
        }
      },
      "categoryIds": ["w-health-beauty"],
      "similarProducts": []
    },
    {
      "id": "w-672144-9344329134611",
      "name": "Maybelline Master Chrome Metallic Powder Highlighter - Molten Gold",
      "brand": "Maybelline",
      "imageUrls": "https://cdn0.woolworths.media/content/wowproductimages/large/672144.jpg",
      "storeId": "woolworths",
      "packageSize": "6.7g",
      "cupPrice": "$17.91 / 10G",
      "locations": {
        "ALL": {
          "price": 12,
          "discountRate": 40,
          "promo": "",
          "orgPrice": 20
        }
      },
      "categoryIds": ["w-health-beauty"],
      "similarProducts": [
        { "productId": "cw-86609", "storeId": "chemist-warehouse" }
      ]
    },
    {
      "id": "w-380412-6946537005979",
      "name": "Maybelline Master Liner Waterproof Pencil Eyeliner - Black",
      "brand": "Maybelline",
      "imageUrls": "https://cdn0.woolworths.media/content/wowproductimages/large/380412.jpg",
      "storeId": "woolworths",
      "packageSize": "each",
      "cupPrice": "$0.00 / 0",
      "locations": {
        "ALL": {
          "price": 7.8,
          "discountRate": 40,
          "promo": "",
          "orgPrice": 13
        }
      },
      "categoryIds": ["w-health-beauty"],
      "similarProducts": []
    },
    {
      "id": "w-819291-9344329078847",
      "name": "Maybelline Superstay 2-step Lip Color - Timeless Rose",
      "brand": "Maybelline",
      "imageUrls": "https://cdn0.woolworths.media/content/wowproductimages/large/819291.jpg",
      "storeId": "woolworths",
      "packageSize": "each",
      "cupPrice": "$62.61 / 10ML",
      "locations": {
        "ALL": {
          "price": 14.4,
          "discountRate": 40,
          "promo": "",
          "orgPrice": 24
        }
      },
      "categoryIds": ["w-health-beauty"],
      "similarProducts": []
    },
    {
      "id": "w-380782-9344329015293",
      "name": "Maybelline Superstay 24 2-step Liquid Lipstick - Forever Chestnut",
      "brand": "Maybelline",
      "imageUrls": "https://cdn0.woolworths.media/content/wowproductimages/large/380782.jpg",
      "storeId": "woolworths",
      "packageSize": "1.8ml",
      "cupPrice": "$0.00 / 0",
      "locations": {
        "ALL": {
          "price": 14.4,
          "discountRate": 40,
          "promo": "",
          "orgPrice": 24
        }
      },
      "categoryIds": ["w-health-beauty"],
      "similarProducts": [
        { "productId": "cw-69516", "storeId": "chemist-warehouse" }
      ]
    },
    {
      "id": "w-380419-9344329015262",
      "name": "Maybelline Superstay 24 2-step Liquid Lipstick - Infinite Petal",
      "brand": "Maybelline",
      "imageUrls": "https://cdn0.woolworths.media/content/wowproductimages/large/380419.jpg",
      "storeId": "woolworths",
      "packageSize": "1.8ml",
      "cupPrice": "$0.00 / 0",
      "locations": {
        "ALL": {
          "price": 14.4,
          "discountRate": 40,
          "promo": "",
          "orgPrice": 24
        }
      },
      "categoryIds": ["w-health-beauty"],
      "similarProducts": [
        { "productId": "cw-69517", "storeId": "chemist-warehouse" }
      ]
    },
    {
      "id": "w-380418-9344329015255",
      "name": "Maybelline Superstay 24 2-step Liquid Lipstick - Perpetual Plum",
      "brand": "Maybelline",
      "imageUrls": "https://cdn0.woolworths.media/content/wowproductimages/large/380418.jpg",
      "storeId": "woolworths",
      "packageSize": "1.8ml",
      "cupPrice": "$0.00 / 0",
      "locations": {
        "ALL": {
          "price": 14.4,
          "discountRate": 40,
          "promo": "",
          "orgPrice": 24
        }
      },
      "categoryIds": ["w-health-beauty"],
      "similarProducts": [
        { "productId": "cw-70169", "storeId": "chemist-warehouse" }
      ]
    },
    {
      "id": "w-423314-9344329142104",
      "name": "Maybelline Superstay 24 Hour Foundation - Light Beige 5",
      "brand": "Maybelline",
      "imageUrls": "https://cdn0.woolworths.media/content/wowproductimages/large/423314.jpg",
      "storeId": "woolworths",
      "packageSize": "30ml",
      "cupPrice": "$5.00 / 10ML",
      "locations": {
        "ALL": {
          "price": 15,
          "discountRate": 40,
          "promo": "",
          "orgPrice": 25
        }
      },
      "categoryIds": ["w-health-beauty"],
      "similarProducts": []
    },
    {
      "id": "w-423404-9344329131009",
      "name": "Maybelline Superstay 24hr Full Coverage Foundation - True Ivory",
      "brand": "Maybelline",
      "imageUrls": "https://cdn0.woolworths.media/content/wowproductimages/large/423404.jpg",
      "storeId": "woolworths",
      "packageSize": "30ml",
      "cupPrice": "$5.00 / 10ML",
      "locations": {
        "ALL": {
          "price": 15,
          "discountRate": 40,
          "promo": "",
          "orgPrice": 25
        }
      },
      "categoryIds": ["w-health-beauty"],
      "similarProducts": []
    },
    {
      "id": "w-63104-9344329183800",
      "name": "Maybelline Superstay Full Coverage Under Eye Liquid Concealer - Sand",
      "brand": "Maybelline",
      "imageUrls": "https://cdn0.woolworths.media/content/wowproductimages/large/063104.jpg",
      "storeId": "woolworths",
      "packageSize": "6ml",
      "cupPrice": "$22.00 / 10ML",
      "locations": {
        "ALL": {
          "price": 13.2,
          "discountRate": 40,
          "promo": "",
          "orgPrice": 22
        }
      },
      "categoryIds": ["w-health-beauty"],
      "similarProducts": [
        { "productId": "cw-93485", "storeId": "chemist-warehouse" },
        { "productId": "cw-93486", "storeId": "chemist-warehouse" },
        { "productId": "cw-93484", "storeId": "chemist-warehouse" },
        { "productId": "cw-93483", "storeId": "chemist-warehouse" },
        { "productId": "cw-93487", "storeId": "chemist-warehouse" },
        { "productId": "cw-93488", "storeId": "chemist-warehouse" },
        { "productId": "cw-93490", "storeId": "chemist-warehouse" },
        { "productId": "cw-93489", "storeId": "chemist-warehouse" }
      ]
    },
    {
      "id": "w-672913-9344329138787",
      "name": "Maybelline Superstay Matte Ink Liquid Lipstick - Dreamer 10",
      "brand": "Maybelline",
      "imageUrls": "https://cdn0.woolworths.media/content/wowproductimages/large/672913.jpg",
      "storeId": "woolworths",
      "packageSize": "5ml",
      "cupPrice": "$26.40 / 10ML",
      "locations": {
        "ALL": {
          "price": 13.2,
          "discountRate": 40,
          "promo": "",
          "orgPrice": 22
        }
      },
      "categoryIds": ["w-health-beauty"],
      "similarProducts": [
        { "productId": "cw-86624", "storeId": "chemist-warehouse" },
        { "productId": "cw-86626", "storeId": "chemist-warehouse" },
        { "productId": "cw-86625", "storeId": "chemist-warehouse" },
        { "productId": "cw-86621", "storeId": "chemist-warehouse" },
        { "productId": "cw-89253", "storeId": "chemist-warehouse" },
        { "productId": "cw-86623", "storeId": "chemist-warehouse" },
        { "productId": "cw-86627", "storeId": "chemist-warehouse" },
        { "productId": "cw-86628", "storeId": "chemist-warehouse" },
        { "productId": "cw-86622", "storeId": "chemist-warehouse" },
        { "productId": "cw-89247", "storeId": "chemist-warehouse" },
        { "productId": "cw-86629", "storeId": "chemist-warehouse" },
        { "productId": "cw-86620", "storeId": "chemist-warehouse" }
      ]
    },
    {
      "id": "w-672914-9344329138794",
      "name": "Maybelline Superstay Matte Ink Liquid Lipstick - Lover 15",
      "brand": "Maybelline",
      "imageUrls": "https://cdn0.woolworths.media/content/wowproductimages/large/672914.jpg",
      "storeId": "woolworths",
      "packageSize": "5ml",
      "cupPrice": "$26.40 / 10ML",
      "locations": {
        "ALL": {
          "price": 13.2,
          "discountRate": 40,
          "promo": "",
          "orgPrice": 22
        }
      },
      "categoryIds": ["w-health-beauty"],
      "similarProducts": [
        { "productId": "cw-86624", "storeId": "chemist-warehouse" },
        { "productId": "cw-86626", "storeId": "chemist-warehouse" },
        { "productId": "cw-86625", "storeId": "chemist-warehouse" },
        { "productId": "cw-86621", "storeId": "chemist-warehouse" },
        { "productId": "cw-89253", "storeId": "chemist-warehouse" },
        { "productId": "cw-86623", "storeId": "chemist-warehouse" },
        { "productId": "cw-89251", "storeId": "chemist-warehouse" },
        { "productId": "cw-86627", "storeId": "chemist-warehouse" },
        { "productId": "cw-86628", "storeId": "chemist-warehouse" },
        { "productId": "cw-89248", "storeId": "chemist-warehouse" },
        { "productId": "cw-86622", "storeId": "chemist-warehouse" },
        { "productId": "cw-89247", "storeId": "chemist-warehouse" },
        { "productId": "cw-86629", "storeId": "chemist-warehouse" },
        { "productId": "cw-86620", "storeId": "chemist-warehouse" }
      ]
    },
    {
      "id": "w-699108-41554545029",
      "name": "Maybelline Tattoo Brow Tint Pen",
      "brand": "Maybelline",
      "imageUrls": "https://cdn0.woolworths.media/content/wowproductimages/large/699108.jpg",
      "storeId": "woolworths",
      "packageSize": "1.1ml",
      "cupPrice": "$125.45 / 10ML",
      "locations": {
        "ALL": {
          "price": 13.8,
          "discountRate": 40,
          "promo": "",
          "orgPrice": 23
        }
      },
      "categoryIds": ["w-health-beauty"],
      "similarProducts": []
    },
    {
      "id": "w-340311-41554197037",
      "name": "Maybelline The Colossal Volume Express Waterproof Mascara 204 Black",
      "brand": "Maybelline",
      "imageUrls": "https://cdn0.woolworths.media/content/wowproductimages/large/340311.jpg",
      "storeId": "woolworths",
      "packageSize": "8ml",
      "cupPrice": "$15.00 / 10ML",
      "locations": {
        "ALL": {
          "price": 12,
          "discountRate": 40,
          "promo": "",
          "orgPrice": 20
        }
      },
      "categoryIds": ["w-health-beauty"],
      "similarProducts": []
    },
    {
      "id": "w-816242-9331880007874",
      "name": "Mcobeauty Banana Powder Brighten & Correct",
      "brand": "Mcobeauty",
      "imageUrls": "https://cdn0.woolworths.media/content/wowproductimages/large/816242.jpg",
      "storeId": "woolworths",
      "packageSize": "8.5g",
      "cupPrice": "$8.82 / 10G",
      "locations": {
        "ALL": {
          "price": 7.5,
          "discountRate": 50,
          "promo": "",
          "orgPrice": 15
        }
      },
      "categoryIds": ["w-health-beauty"],
      "similarProducts": []
    },
    {
      "id": "w-77836-9331880010256",
      "name": "Mcobeauty Big Lash Maximum Volume Mascara Black",
      "brand": "Mcobeauty",
      "imageUrls": "https://cdn0.woolworths.media/content/wowproductimages/large/077836.jpg",
      "storeId": "woolworths",
      "packageSize": "each",
      "cupPrice": "$6.07 / 10ML",
      "locations": {
        "ALL": {
          "price": 8.5,
          "discountRate": 50,
          "promo": "",
          "orgPrice": 17
        }
      },
      "categoryIds": ["w-health-beauty"],
      "similarProducts": []
    },
    {
      "id": "w-94322-9331880010973",
      "name": "Mcobeauty Blush Duo Berry Rush",
      "brand": "Mcobeauty",
      "imageUrls": "https://cdn0.woolworths.media/content/wowproductimages/large/094322.jpg",
      "storeId": "woolworths",
      "packageSize": "10g",
      "cupPrice": "$6.00 / 10G",
      "locations": {
        "ALL": { "price": 6, "discountRate": 50, "promo": "", "orgPrice": 12 }
      },
      "categoryIds": ["w-health-beauty"],
      "similarProducts": []
    },
    {
      "id": "w-94140-9331880010805",
      "name": "Mcobeauty Blush Duo Nectar Glow",
      "brand": "Mcobeauty",
      "imageUrls": "https://cdn0.woolworths.media/content/wowproductimages/large/094140.jpg",
      "storeId": "woolworths",
      "packageSize": "10g",
      "cupPrice": "$6.00 / 10G",
      "locations": {
        "ALL": { "price": 6, "discountRate": 50, "promo": "", "orgPrice": 12 }
      },
      "categoryIds": ["w-health-beauty"],
      "similarProducts": []
    },
    {
      "id": "w-64662-9331880009373",
      "name": "Mcobeauty Brow Stroke Blonde",
      "brand": "Mcobeauty",
      "imageUrls": "https://cdn0.woolworths.media/content/wowproductimages/large/064662.jpg",
      "storeId": "woolworths",
      "packageSize": "1.5ml",
      "cupPrice": "$46.67 / 10ML",
      "locations": {
        "ALL": { "price": 7, "discountRate": 50, "promo": "", "orgPrice": 14 }
      },
      "categoryIds": ["w-health-beauty"],
      "similarProducts": []
    },
    {
      "id": "w-78308-9331880010218",
      "name": "Mcobeauty Cheek & Lip Tint Dusk",
      "brand": "Mcobeauty",
      "imageUrls": "https://cdn0.woolworths.media/content/wowproductimages/large/078308.jpg",
      "storeId": "woolworths",
      "packageSize": "each",
      "cupPrice": "$147.06 / 10ML",
      "locations": {
        "ALL": { "price": 5, "discountRate": 50, "promo": "", "orgPrice": 10 }
      },
      "categoryIds": ["w-health-beauty"],
      "similarProducts": []
    },
    {
      "id": "w-749981-9331880004408",
      "name": "Mcobeauty Double Ended Fibre Lash",
      "brand": "Mcobeauty",
      "imageUrls": "https://cdn0.woolworths.media/content/wowproductimages/large/749981.jpg",
      "storeId": "woolworths",
      "packageSize": "5ml",
      "cupPrice": "$170.00 / 100ML",
      "locations": {
        "ALL": {
          "price": 8.5,
          "discountRate": 50,
          "promo": "",
          "orgPrice": 17
        }
      },
      "categoryIds": ["w-health-beauty"],
      "similarProducts": []
    },
    {
      "id": "w-476785-9331880006297",
      "name": "Mcobeauty Dual Sharpener",
      "brand": "Mcobeauty",
      "imageUrls": "https://cdn0.woolworths.media/content/wowproductimages/large/476785.jpg",
      "storeId": "woolworths",
      "packageSize": "each",
      "cupPrice": "$3.00 / 1EA",
      "locations": {
        "ALL": { "price": 3, "discountRate": 50, "promo": "", "orgPrice": 6 }
      },
      "categoryIds": ["w-health-beauty"],
      "similarProducts": []
    },
    {
      "id": "w-78086-9331880010133",
      "name": "Mcobeauty Duo Brow Crayon & Highlighter Blonde Light/medium",
      "brand": "Mcobeauty",
      "imageUrls": "https://cdn0.woolworths.media/content/wowproductimages/large/078086.jpg",
      "storeId": "woolworths",
      "packageSize": "each",
      "cupPrice": "$78.13 / 10G",
      "locations": {
        "ALL": {
          "price": 7.5,
          "discountRate": 50,
          "promo": "",
          "orgPrice": 15
        }
      },
      "categoryIds": ["w-health-beauty"],
      "similarProducts": []
    },
    {
      "id": "w-77953-9331880010140",
      "name": "Mcobeauty Duo Brow Crayon & Highlighter Medium Brown",
      "brand": "Mcobeauty",
      "imageUrls": "https://cdn0.woolworths.media/content/wowproductimages/large/077953.jpg",
      "storeId": "woolworths",
      "packageSize": "each",
      "cupPrice": "$78.13 / 10G",
      "locations": {
        "ALL": {
          "price": 7.5,
          "discountRate": 50,
          "promo": "",
          "orgPrice": 15
        }
      },
      "categoryIds": ["w-health-beauty"],
      "similarProducts": []
    },
    {
      "id": "w-77865-9331880010157",
      "name": "Mcobeauty Duo Brow Crayon & Highlighter Medium/dark",
      "brand": "Mcobeauty",
      "imageUrls": "https://cdn0.woolworths.media/content/wowproductimages/large/077865.jpg",
      "storeId": "woolworths",
      "packageSize": "each",
      "cupPrice": "$78.13 / 10G",
      "locations": {
        "ALL": {
          "price": 7.5,
          "discountRate": 50,
          "promo": "",
          "orgPrice": 15
        }
      },
      "categoryIds": ["w-health-beauty"],
      "similarProducts": []
    },
    {
      "id": "w-94243-9331880010843",
      "name": "Mcobeauty Duo Lipstick Liner Natural Peach",
      "brand": "Mcobeauty",
      "imageUrls": "https://cdn0.woolworths.media/content/wowproductimages/large/094243.jpg",
      "storeId": "woolworths",
      "packageSize": "22g",
      "cupPrice": "$2.73 / 10G",
      "locations": {
        "ALL": { "price": 6, "discountRate": 50, "promo": "", "orgPrice": 12 }
      },
      "categoryIds": ["w-health-beauty"],
      "similarProducts": []
    },
    {
      "id": "w-94274-9331880010836",
      "name": "Mcobeauty Duo Lipstick Liner Soft Rose",
      "brand": "Mcobeauty",
      "imageUrls": "https://cdn0.woolworths.media/content/wowproductimages/large/094274.jpg",
      "storeId": "woolworths",
      "packageSize": "22g",
      "cupPrice": "$2.73 / 10G",
      "locations": {
        "ALL": { "price": 6, "discountRate": 50, "promo": "", "orgPrice": 12 }
      },
      "categoryIds": ["w-health-beauty"],
      "similarProducts": []
    },
    {
      "id": "w-789105-9331880005245",
      "name": "Mcobeauty Eye Define Crayon Liner On Crayon Liner",
      "brand": "Mcobeauty",
      "imageUrls": "https://cdn0.woolworths.media/content/wowproductimages/large/789105.jpg",
      "storeId": "woolworths",
      "packageSize": "each",
      "cupPrice": "$166.67 / 10G",
      "locations": {
        "ALL": { "price": 5, "discountRate": 50, "promo": "", "orgPrice": 10 }
      },
      "categoryIds": ["w-health-beauty"],
      "similarProducts": []
    },
    {
      "id": "w-816091-9331880007836",
      "name": "Mcobeauty Eyeshadow Palette Burgundy/nude",
      "brand": "Mcobeauty",
      "imageUrls": "https://cdn0.woolworths.media/content/wowproductimages/large/816091.jpg",
      "storeId": "woolworths",
      "packageSize": "8.1g",
      "cupPrice": "$9.26 / 10G",
      "locations": {
        "ALL": {
          "price": 7.5,
          "discountRate": 50,
          "promo": "",
          "orgPrice": 15
        }
      },
      "categoryIds": ["w-health-beauty"],
      "similarProducts": []
    },
    {
      "id": "w-816703-9331880007904",
      "name": "Mcobeauty False Lashes Pre-glued",
      "brand": "Mcobeauty",
      "imageUrls": "https://cdn0.woolworths.media/content/wowproductimages/large/816703.jpg",
      "storeId": "woolworths",
      "packageSize": "each",
      "cupPrice": "$7.50 / 1EA",
      "locations": {
        "ALL": {
          "price": 7.5,
          "discountRate": 50,
          "promo": "",
          "orgPrice": 15
        }
      },
      "categoryIds": ["w-health-beauty"],
      "similarProducts": []
    },
    {
      "id": "w-762192-9331880005085",
      "name": "Mcobeauty Fatlash Mascara Black",
      "brand": "Mcobeauty",
      "imageUrls": "https://cdn0.woolworths.media/content/wowproductimages/large/762192.jpg",
      "storeId": "woolworths",
      "packageSize": "11ml",
      "cupPrice": "$7.73 / 10ML",
      "locations": {
        "ALL": {
          "price": 8.5,
          "discountRate": 50,
          "promo": "",
          "orgPrice": 17
        }
      },
      "categoryIds": ["w-health-beauty"],
      "similarProducts": []
    },
    {
      "id": "w-691800-9331880007065",
      "name": "Mcobeauty Full Lash Mascara Waterproof",
      "brand": "Mcobeauty",
      "imageUrls": "https://cdn0.woolworths.media/content/wowproductimages/large/691800.jpg",
      "storeId": "woolworths",
      "packageSize": "15ml",
      "cupPrice": "$5.67 / 10ML",
      "locations": {
        "ALL": {
          "price": 8.5,
          "discountRate": 50,
          "promo": "",
          "orgPrice": 17
        }
      },
      "categoryIds": ["w-health-beauty"],
      "similarProducts": []
    },
    {
      "id": "w-94305-9331880010829",
      "name": "Mcobeauty Hydrating Face Primer",
      "brand": "Mcobeauty",
      "imageUrls": "https://cdn0.woolworths.media/content/wowproductimages/large/094305.jpg",
      "storeId": "woolworths",
      "packageSize": "30ml",
      "cupPrice": "$2.50 / 10ML",
      "locations": {
        "ALL": {
          "price": 7.5,
          "discountRate": 50,
          "promo": "",
          "orgPrice": 15
        }
      },
      "categoryIds": ["w-health-beauty"],
      "similarProducts": []
    },
    {
      "id": "w-427850-9331880006006",
      "name": "Mcobeauty Instant Brows Light To Medium Light To Medium",
      "brand": "Mcobeauty",
      "imageUrls": "https://cdn0.woolworths.media/content/wowproductimages/large/427850.jpg",
      "storeId": "woolworths",
      "packageSize": "1.5g",
      "cupPrice": "$40.00 / 10G",
      "locations": {
        "ALL": { "price": 6, "discountRate": 50, "promo": "", "orgPrice": 12 }
      },
      "categoryIds": ["w-health-beauty"],
      "similarProducts": []
    },
    {
      "id": "w-78204-9331880010195",
      "name": "Mcobeauty Instant Erase Concealer 02 Light",
      "brand": "Mcobeauty",
      "imageUrls": "https://cdn0.woolworths.media/content/wowproductimages/large/078204.jpg",
      "storeId": "woolworths",
      "packageSize": "6ml",
      "cupPrice": "$13.33 / 10ML",
      "locations": {
        "ALL": { "price": 8, "discountRate": 50, "promo": "", "orgPrice": 16 }
      },
      "categoryIds": ["w-health-beauty"],
      "similarProducts": []
    },
    {
      "id": "w-77864-9331880010201",
      "name": "Mcobeauty Instant Erase Concealer 03 Medium",
      "brand": "Mcobeauty",
      "imageUrls": "https://cdn0.woolworths.media/content/wowproductimages/large/077864.jpg",
      "storeId": "woolworths",
      "packageSize": "6ml",
      "cupPrice": "$13.33 / 10ML",
      "locations": {
        "ALL": { "price": 8, "discountRate": 50, "promo": "", "orgPrice": 16 }
      },
      "categoryIds": ["w-health-beauty"],
      "similarProducts": []
    },
    {
      "id": "w-78085-9331880010171",
      "name": "Mcobeauty Long Lasting Liquid Metallic Eyeshadow Luna",
      "brand": "Mcobeauty",
      "imageUrls": "https://cdn0.woolworths.media/content/wowproductimages/large/078085.jpg",
      "storeId": "woolworths",
      "packageSize": "8ml",
      "cupPrice": "$9.38 / 10ML",
      "locations": {
        "ALL": {
          "price": 7.5,
          "discountRate": 50,
          "promo": "",
          "orgPrice": 15
        }
      },
      "categoryIds": ["w-health-beauty"],
      "similarProducts": []
    },
    {
      "id": "w-476752-9331880006228",
      "name": "Mcobeauty Long Lasting Pressed Powder Invisible Matte Translucent",
      "brand": "Mcobeauty",
      "imageUrls": "https://cdn0.woolworths.media/content/wowproductimages/large/476752.jpg",
      "storeId": "woolworths",
      "packageSize": "14.5g",
      "cupPrice": "$4.31 / 10G",
      "locations": {
        "ALL": {
          "price": 6.25,
          "discountRate": 50,
          "promo": "",
          "orgPrice": 12.5
        }
      },
      "categoryIds": ["w-health-beauty"],
      "similarProducts": []
    },
    {
      "id": "w-427871-9331880005399",
      "name": "Mcobeauty Magic Makeup Blender",
      "brand": "Mcobeauty",
      "imageUrls": "https://cdn0.woolworths.media/content/wowproductimages/large/427871.jpg",
      "storeId": "woolworths",
      "packageSize": "each",
      "cupPrice": "$0.00 / 0",
      "locations": {
        "ALL": {
          "price": 4.75,
          "discountRate": 50,
          "promo": "",
          "orgPrice": 9.5
        }
      },
      "categoryIds": ["w-health-beauty"],
      "similarProducts": []
    },
    {
      "id": "w-78182-9331880010232",
      "name": "Mcobeauty Matte Cream Lip Crayon Bliss",
      "brand": "Mcobeauty",
      "imageUrls": "https://cdn0.woolworths.media/content/wowproductimages/large/078182.jpg",
      "storeId": "woolworths",
      "packageSize": "2.8g",
      "cupPrice": "$17.86 / 10G",
      "locations": {
        "ALL": { "price": 5, "discountRate": 50, "promo": "", "orgPrice": 10 }
      },
      "categoryIds": ["w-health-beauty"],
      "similarProducts": []
    },
    {
      "id": "w-78283-9331880010249",
      "name": "Mcobeauty Matte Cream Lip Crayon Dream",
      "brand": "Mcobeauty",
      "imageUrls": "https://cdn0.woolworths.media/content/wowproductimages/large/078283.jpg",
      "storeId": "woolworths",
      "packageSize": "2.8g",
      "cupPrice": "$17.86 / 10G",
      "locations": {
        "ALL": { "price": 5, "discountRate": 50, "promo": "", "orgPrice": 10 }
      },
      "categoryIds": ["w-health-beauty"],
      "similarProducts": []
    },
    {
      "id": "w-63950-9331880009403",
      "name": "Mcobeauty Microfibre Velvet Sponge",
      "brand": "Mcobeauty",
      "imageUrls": "https://cdn0.woolworths.media/content/wowproductimages/large/063950.jpg",
      "storeId": "woolworths",
      "packageSize": "each",
      "cupPrice": "$4.75 / 1EA",
      "locations": {
        "ALL": {
          "price": 4.75,
          "discountRate": 50,
          "promo": "",
          "orgPrice": 9.5
        }
      },
      "categoryIds": ["w-health-beauty"],
      "similarProducts": []
    },
    {
      "id": "w-789174-9331880005726",
      "name": "Mcobeauty More Brows - Medium To Dark Medium To Dark",
      "brand": "Mcobeauty",
      "imageUrls": "https://cdn0.woolworths.media/content/wowproductimages/large/789174.jpg",
      "storeId": "woolworths",
      "packageSize": "each",
      "cupPrice": "$20.00 / 10ML",
      "locations": {
        "ALL": { "price": 7, "discountRate": 50, "promo": "", "orgPrice": 14 }
      },
      "categoryIds": ["w-health-beauty"],
      "similarProducts": []
    },
    {
      "id": "w-13772-9331880008871",
      "name": "Mcobeauty Pre Glued False Lashes Luscious",
      "brand": "Mcobeauty",
      "imageUrls": "https://cdn0.woolworths.media/content/wowproductimages/large/013772.jpg",
      "storeId": "woolworths",
      "packageSize": "1ea",
      "cupPrice": "$7.50 / 1EA",
      "locations": {
        "ALL": {
          "price": 7.5,
          "discountRate": 50,
          "promo": "",
          "orgPrice": 15
        }
      },
      "categoryIds": ["w-health-beauty"],
      "similarProducts": []
    },
    {
      "id": "w-13783-9331880008888",
      "name": "Mcobeauty Pre Glued False Lashes High Definition",
      "brand": "Mcobeauty",
      "imageUrls": "https://cdn0.woolworths.media/content/wowproductimages/large/013783.jpg",
      "storeId": "woolworths",
      "packageSize": "each",
      "cupPrice": "$7.50 / 1EA",
      "locations": {
        "ALL": {
          "price": 7.5,
          "discountRate": 50,
          "promo": "",
          "orgPrice": 15
        }
      },
      "categoryIds": ["w-health-beauty"],
      "similarProducts": []
    },
    {
      "id": "w-63861-9331880009342",
      "name": "Mcobeauty Precision Brow Light Medium",
      "brand": "Mcobeauty",
      "imageUrls": "https://cdn0.woolworths.media/content/wowproductimages/large/063861.jpg",
      "storeId": "woolworths",
      "packageSize": "0.22g",
      "cupPrice": "$272.73 / 10G",
      "locations": {
        "ALL": { "price": 6, "discountRate": 50, "promo": "", "orgPrice": 12 }
      },
      "categoryIds": ["w-health-beauty"],
      "similarProducts": []
    },
    {
      "id": "w-617706-9331880006433",
      "name": "Mcobeauty Precision Brow Super Fine Liner",
      "brand": "Mcobeauty",
      "imageUrls": "https://cdn0.woolworths.media/content/wowproductimages/large/617706.jpg",
      "storeId": "woolworths",
      "packageSize": "0.22g",
      "cupPrice": "$272.73 / 10G",
      "locations": {
        "ALL": { "price": 6, "discountRate": 50, "promo": "", "orgPrice": 12 }
      },
      "categoryIds": ["w-health-beauty"],
      "similarProducts": []
    },
    {
      "id": "w-12843-9331880008918",
      "name": "Mcobeauty Rose Lip Balm",
      "brand": "Mcobeauty",
      "imageUrls": "https://cdn0.woolworths.media/content/wowproductimages/large/012843.jpg",
      "storeId": "woolworths",
      "packageSize": "15g",
      "cupPrice": "$3.33 / 10G",
      "locations": {
        "ALL": { "price": 5, "discountRate": 50, "promo": "", "orgPrice": 10 }
      },
      "categoryIds": ["w-health-beauty"],
      "similarProducts": []
    },
    {
      "id": "w-78113-9331880010263",
      "name": "Mcobeauty Sheer Lip Balm Peach",
      "brand": "Mcobeauty",
      "imageUrls": "https://cdn0.woolworths.media/content/wowproductimages/large/078113.jpg",
      "storeId": "woolworths",
      "packageSize": "15g",
      "cupPrice": "$3.33 / 10G",
      "locations": {
        "ALL": { "price": 5, "discountRate": 50, "promo": "", "orgPrice": 10 }
      },
      "categoryIds": ["w-health-beauty"],
      "similarProducts": []
    },
    {
      "id": "w-63863-9331880009359",
      "name": "Mcobeauty Tattoo Brow Medium Brown",
      "brand": "Mcobeauty",
      "imageUrls": "https://cdn0.woolworths.media/content/wowproductimages/large/063863.jpg",
      "storeId": "woolworths",
      "packageSize": "3.5ml",
      "cupPrice": "$50.00 / 10ML",
      "locations": {
        "ALL": {
          "price": 7.5,
          "discountRate": 50,
          "promo": "",
          "orgPrice": 15
        }
      },
      "categoryIds": ["w-health-beauty"],
      "similarProducts": []
    },
    {
      "id": "w-816093-9331880007850",
      "name": "Mcobeauty Tattoo Eyebrow Microblading Ink Pen Light/medium",
      "brand": "Mcobeauty",
      "imageUrls": "https://cdn0.woolworths.media/content/wowproductimages/large/816093.jpg",
      "storeId": "woolworths",
      "packageSize": "1.5ml",
      "cupPrice": "$50.00 / 10ML",
      "locations": {
        "ALL": {
          "price": 7.5,
          "discountRate": 50,
          "promo": "",
          "orgPrice": 15
        }
      },
      "categoryIds": ["w-health-beauty"],
      "similarProducts": []
    },
    {
      "id": "w-816187-9331880007867",
      "name": "Mcobeauty Tattoo Eyebrow Microblading Ink Pen Medium/dark",
      "brand": "Mcobeauty",
      "imageUrls": "https://cdn0.woolworths.media/content/wowproductimages/large/816187.jpg",
      "storeId": "woolworths",
      "packageSize": "1.5ml",
      "cupPrice": "$50.00 / 10ML",
      "locations": {
        "ALL": {
          "price": 7.5,
          "discountRate": 50,
          "promo": "",
          "orgPrice": 15
        }
      },
      "categoryIds": ["w-health-beauty"],
      "similarProducts": []
    },
    {
      "id": "w-102652-9331880011123",
      "name": "Mcobeauty The Beauty Edit 5 Piece Brush Set",
      "brand": "Mcobeauty",
      "imageUrls": "https://cdn0.woolworths.media/content/wowproductimages/large/102652.jpg",
      "storeId": "woolworths",
      "packageSize": "each",
      "cupPrice": "$2.80 / 1EA",
      "locations": {
        "ALL": {
          "price": 14,
          "discountRate": 30,
          "promo": "",
          "orgPrice": 20
        }
      },
      "categoryIds": ["w-health-beauty"],
      "similarProducts": []
    },
    {
      "id": "w-102334-9331880011079",
      "name": "Mcobeauty The Beauty Edit Bow Scrunchie Trio Polka Dot",
      "brand": "Mcobeauty",
      "imageUrls": "https://cdn0.woolworths.media/content/wowproductimages/large/102334.jpg",
      "storeId": "woolworths",
      "packageSize": "each",
      "cupPrice": "$8.40 / 1EA",
      "locations": {
        "ALL": {
          "price": 8.4,
          "discountRate": 30,
          "promo": "",
          "orgPrice": 12
        }
      },
      "categoryIds": ["w-health-beauty"],
      "similarProducts": []
    },
    {
      "id": "w-101519-9331880011062",
      "name": "Mcobeauty The Beauty Edit Bow Scrunchie Trio Velvet",
      "brand": "Mcobeauty",
      "imageUrls": "https://cdn0.woolworths.media/content/wowproductimages/large/101519.jpg",
      "storeId": "woolworths",
      "packageSize": "each",
      "cupPrice": "$8.40 / 1EA",
      "locations": {
        "ALL": {
          "price": 8.4,
          "discountRate": 30,
          "promo": "",
          "orgPrice": 12
        }
      },
      "categoryIds": ["w-health-beauty"],
      "similarProducts": []
    },
    {
      "id": "w-101947-9331880011147",
      "name": "Mcobeauty The Beauty Edit Brush & Sponge Cleanser",
      "brand": "Mcobeauty",
      "imageUrls": "https://cdn0.woolworths.media/content/wowproductimages/large/101947.jpg",
      "storeId": "woolworths",
      "packageSize": "each",
      "cupPrice": "$8.40 / 1EA",
      "locations": {
        "ALL": {
          "price": 8.4,
          "discountRate": 30,
          "promo": "",
          "orgPrice": 12
        }
      },
      "categoryIds": ["w-health-beauty"],
      "similarProducts": []
    },
    {
      "id": "w-102394-9331880011086",
      "name": "Mcobeauty The Beauty Edit Heart Hair Coils",
      "brand": "Mcobeauty",
      "imageUrls": "https://cdn0.woolworths.media/content/wowproductimages/large/102394.jpg",
      "storeId": "woolworths",
      "packageSize": "each",
      "cupPrice": "$8.40 / 1EA",
      "locations": {
        "ALL": {
          "price": 8.4,
          "discountRate": 30,
          "promo": "",
          "orgPrice": 12
        }
      },
      "categoryIds": ["w-health-beauty"],
      "similarProducts": []
    },
    {
      "id": "w-102096-9331880011109",
      "name": "Mcobeauty The Beauty Edit High Shine Lip Gloss Strawberry",
      "brand": "Mcobeauty",
      "imageUrls": "https://cdn0.woolworths.media/content/wowproductimages/large/102096.jpg",
      "storeId": "woolworths",
      "packageSize": "3.5g",
      "cupPrice": "$14.00 / 10G",
      "locations": {
        "ALL": {
          "price": 4.9,
          "discountRate": 30,
          "promo": "",
          "orgPrice": 7
        }
      },
      "categoryIds": ["w-health-beauty"],
      "similarProducts": []
    },
    {
      "id": "w-102955-9331880011093",
      "name": "Mcobeauty The Beauty Edit High Shine Lip Gloss Vanilla",
      "brand": "Mcobeauty",
      "imageUrls": "https://cdn0.woolworths.media/content/wowproductimages/large/102955.jpg",
      "storeId": "woolworths",
      "packageSize": "3.5g",
      "cupPrice": "$14.00 / 10ML",
      "locations": {
        "ALL": {
          "price": 4.9,
          "discountRate": 30,
          "promo": "",
          "orgPrice": 7
        }
      },
      "categoryIds": ["w-health-beauty"],
      "similarProducts": []
    },
    {
      "id": "w-102351-9331880011130",
      "name": "Mcobeauty The Beauty Edit Mega Eyeshadow Palette",
      "brand": "Mcobeauty",
      "imageUrls": "https://cdn0.woolworths.media/content/wowproductimages/large/102351.jpg",
      "storeId": "woolworths",
      "packageSize": "each",
      "cupPrice": "$11.67 / 10G",
      "locations": {
        "ALL": {
          "price": 14,
          "discountRate": 30,
          "promo": "",
          "orgPrice": 20
        }
      },
      "categoryIds": ["w-health-beauty"],
      "similarProducts": []
    },
    {
      "id": "w-101555-9331880011116",
      "name": "Mcobeauty The Beauty Edit Mini Lip Crayon Set",
      "brand": "Mcobeauty",
      "imageUrls": "https://cdn0.woolworths.media/content/wowproductimages/large/101555.jpg",
      "storeId": "woolworths",
      "packageSize": "each",
      "cupPrice": "$62.22 / 10G",
      "locations": {
        "ALL": {
          "price": 11.2,
          "discountRate": 30,
          "promo": "",
          "orgPrice": 16
        }
      },
      "categoryIds": ["w-health-beauty"],
      "similarProducts": []
    },
    {
      "id": "w-12886-9331880008956",
      "name": "Mcobeauty Ultra Curl Gloss Mascara",
      "brand": "Mcobeauty",
      "imageUrls": "https://cdn0.woolworths.media/content/wowproductimages/large/012886.jpg",
      "storeId": "woolworths",
      "packageSize": "12ml",
      "cupPrice": "$7.08 / 10ML",
      "locations": {
        "ALL": {
          "price": 8.5,
          "discountRate": 50,
          "promo": "",
          "orgPrice": 17
        }
      },
      "categoryIds": ["w-health-beauty"],
      "similarProducts": []
    },
    {
      "id": "w-94264-9331880010911",
      "name": "Mcobeauty Ultra Stay Liquid Matte Dusty Mauve",
      "brand": "Mcobeauty",
      "imageUrls": "https://cdn0.woolworths.media/content/wowproductimages/large/094264.jpg",
      "storeId": "woolworths",
      "packageSize": "4.8ml",
      "cupPrice": "$16.67 / 10ML",
      "locations": {
        "ALL": { "price": 8, "discountRate": 50, "promo": "", "orgPrice": 16 }
      },
      "categoryIds": ["w-health-beauty"],
      "similarProducts": []
    },
    {
      "id": "w-94137-9331880010898",
      "name": "Mcobeauty Ultra Stay Liquid Matte Dusty Rose",
      "brand": "Mcobeauty",
      "imageUrls": "https://cdn0.woolworths.media/content/wowproductimages/large/094137.jpg",
      "storeId": "woolworths",
      "packageSize": "4.8ml",
      "cupPrice": "$16.67 / 10ML",
      "locations": {
        "ALL": { "price": 8, "discountRate": 50, "promo": "", "orgPrice": 16 }
      },
      "categoryIds": ["w-health-beauty"],
      "similarProducts": []
    },
    {
      "id": "w-63893-9331880009397",
      "name": "Mcobeauty Waterproof Eye Define Crayon Liner Brown",
      "brand": "Mcobeauty",
      "imageUrls": "https://cdn0.woolworths.media/content/wowproductimages/large/063893.jpg",
      "storeId": "woolworths",
      "packageSize": "0.3g",
      "cupPrice": "$166.67 / 10G",
      "locations": {
        "ALL": { "price": 5, "discountRate": 50, "promo": "", "orgPrice": 10 }
      },
      "categoryIds": ["w-health-beauty"],
      "similarProducts": []
    },
    {
      "id": "w-674267-9331880006983",
      "name": "Mcobeauty Waterproof Eye Define Liner",
      "brand": "Mcobeauty",
      "imageUrls": "https://cdn0.woolworths.media/content/wowproductimages/large/674267.jpg",
      "storeId": "woolworths",
      "packageSize": "1.8g",
      "cupPrice": "$27.78 / 10G",
      "locations": {
        "ALL": { "price": 5, "discountRate": 50, "promo": "", "orgPrice": 10 }
      },
      "categoryIds": ["w-health-beauty"],
      "similarProducts": []
    },
    {
      "id": "w-691812-9331880007591",
      "name": "Mcobeauty Wing Stamp & Liquid Liner Duo",
      "brand": "Mcobeauty",
      "imageUrls": "https://cdn0.woolworths.media/content/wowproductimages/large/691812.jpg",
      "storeId": "woolworths",
      "packageSize": "3ml",
      "cupPrice": "$23.33 / 10ML",
      "locations": {
        "ALL": { "price": 7, "discountRate": 50, "promo": "", "orgPrice": 14 }
      },
      "categoryIds": ["w-health-beauty"],
      "similarProducts": []
    },
    {
      "id": "w-763392-9331880005214",
      "name": "Mcobeauty Xtendlash",
      "brand": "Mcobeauty",
      "imageUrls": "https://cdn0.woolworths.media/content/wowproductimages/large/763392.jpg",
      "storeId": "woolworths",
      "packageSize": "each",
      "cupPrice": "$12.14 / 10ML",
      "locations": {
        "ALL": {
          "price": 8.5,
          "discountRate": 50,
          "promo": "",
          "orgPrice": 17
        }
      },
      "categoryIds": ["w-health-beauty"],
      "similarProducts": []
    },
    {
      "id": "w-76177-817939018569",
      "name": "Method Body Wash Energy Boost",
      "brand": "Method",
      "imageUrls": "https://cdn0.woolworths.media/content/wowproductimages/large/076177.jpg",
      "storeId": "woolworths",
      "packageSize": "532ml",
      "cupPrice": "$0.75 / 100ML",
      "locations": {
        "ALL": { "price": 4, "discountRate": 50, "promo": "", "orgPrice": 8 }
      },
      "categoryIds": ["w-health-beauty"],
      "similarProducts": []
    },
    {
      "id": "w-76178-817939018552",
      "name": "Method Body Wash Pure Peace",
      "brand": "Method",
      "imageUrls": "https://cdn0.woolworths.media/content/wowproductimages/large/076178.jpg",
      "storeId": "woolworths",
      "packageSize": "532ml",
      "cupPrice": "$0.75 / 100ML",
      "locations": {
        "ALL": { "price": 4, "discountRate": 50, "promo": "", "orgPrice": 8 }
      },
      "categoryIds": ["w-health-beauty"],
      "similarProducts": []
    },
    {
      "id": "w-76261-817939018576",
      "name": "Method Body Wash Simply Nourish",
      "brand": "Method",
      "imageUrls": "https://cdn0.woolworths.media/content/wowproductimages/large/076261.jpg",
      "storeId": "woolworths",
      "packageSize": "532ml",
      "cupPrice": "$0.75 / 100ML",
      "locations": {
        "ALL": { "price": 4, "discountRate": 50, "promo": "", "orgPrice": 8 }
      },
      "categoryIds": ["w-health-beauty"],
      "similarProducts": []
    },
    {
      "id": "w-92353-9336798001174",
      "name": "Moxie Silks Liners",
      "brand": "Moxie",
      "imageUrls": "https://cdn0.woolworths.media/content/wowproductimages/large/092353.jpg",
      "storeId": "woolworths",
      "packageSize": "24 pack",
      "cupPrice": "$0.16 / 1EA",
      "locations": {
        "ALL": {
          "price": 3.75,
          "discountRate": 40,
          "promo": "",
          "orgPrice": 6.3
        }
      },
      "categoryIds": ["w-health-beauty"],
      "similarProducts": []
    },
    {
      "id": "w-92354-9336798001143",
      "name": "Moxie Silks Overnight Pads",
      "brand": "Moxie",
      "imageUrls": "https://cdn0.woolworths.media/content/wowproductimages/large/092354.jpg",
      "storeId": "woolworths",
      "packageSize": "10 pack",
      "cupPrice": "$0.40 / 1EA",
      "locations": {
        "ALL": {
          "price": 4,
          "discountRate": 37,
          "promo": "",
          "orgPrice": 6.3
        }
      },
      "categoryIds": ["w-health-beauty"],
      "similarProducts": []
    },
    {
      "id": "w-476733-9329370274561",
      "name": "Mud Lipstick Barely Blushing",
      "brand": "Mud",
      "imageUrls": "https://cdn0.woolworths.media/content/wowproductimages/large/476733.jpg",
      "storeId": "woolworths",
      "packageSize": "2.1g",
      "cupPrice": "$3.00 / 1EA",
      "locations": {
        "ALL": {
          "price": 3,
          "discountRate": 33,
          "promo": "",
          "orgPrice": 4.5
        }
      },
      "categoryIds": ["w-health-beauty"],
      "similarProducts": []
    },
    {
      "id": "w-688192-9329370316490",
      "name": "Mud Transparent Loose Finishing Powder",
      "brand": "Mud",
      "imageUrls": "https://cdn0.woolworths.media/content/wowproductimages/large/688192.jpg",
      "storeId": "woolworths",
      "packageSize": "each",
      "cupPrice": "$4.50 / 10G",
      "locations": {
        "ALL": {
          "price": 4.5,
          "discountRate": 31,
          "promo": "",
          "orgPrice": 6.5
        }
      },
      "categoryIds": ["w-health-beauty"],
      "similarProducts": []
    },
    {
      "id": "w-700014-9400581047318",
      "name": "Musashi Protein Wafer Vanilla",
      "brand": "Musashi",
      "imageUrls": "https://cdn0.woolworths.media/content/wowproductimages/large/700014.jpg",
      "storeId": "woolworths",
      "packageSize": "40g",
      "cupPrice": "$7.00 / 100G",
      "locations": {
        "ALL": {
          "price": 2.8,
          "discountRate": 20,
          "promo": "",
          "orgPrice": 3.5
        }
      },
      "categoryIds": ["w-health-beauty"],
      "similarProducts": [
        { "productId": "cw-88910", "storeId": "chemist-warehouse" }
      ]
    },
    {
      "id": "w-729598-638995004446",
      "name": "Nad's Facial Hair Removal Cream",
      "brand": "Nad's",
      "imageUrls": "https://cdn0.woolworths.media/content/wowproductimages/large/729598.jpg",
      "storeId": "woolworths",
      "packageSize": "28g",
      "cupPrice": "$21.43 / 100G",
      "locations": {
        "ALL": {
          "price": 6,
          "discountRate": 20,
          "promo": "",
          "orgPrice": 7.5
        }
      },
      "categoryIds": ["w-health-beauty"],
      "similarProducts": []
    },
    {
      "id": "w-43759-638995005658",
      "name": "Nad's Natural Sugar Wax Kit",
      "brand": "Nad's",
      "imageUrls": "https://cdn0.woolworths.media/content/wowproductimages/large/043759.jpg",
      "storeId": "woolworths",
      "packageSize": "370g",
      "cupPrice": "$3.24 / 100G",
      "locations": {
        "ALL": {
          "price": 12,
          "discountRate": 20,
          "promo": "",
          "orgPrice": 15
        }
      },
      "categoryIds": ["w-health-beauty"],
      "similarProducts": [
        { "productId": "cw-90848", "storeId": "chemist-warehouse" }
      ]
    },
    {
      "id": "w-441107-93550536",
      "name": "Natralus Natural Paw Paw Ointment",
      "brand": "Natralus",
      "imageUrls": "https://cdn0.woolworths.media/content/wowproductimages/large/441107.jpg",
      "storeId": "woolworths",
      "packageSize": "25g",
      "cupPrice": "$14.00 / 100G",
      "locations": {
        "ALL": {
          "price": 3.5,
          "discountRate": 42,
          "promo": "",
          "orgPrice": 5.99
        }
      },
      "categoryIds": ["w-health-beauty"],
      "similarProducts": []
    },
    {
      "id": "w-381217-9338661001113",
      "name": "Natural Instinct Body Wash",
      "brand": "Natural Instinct",
      "imageUrls": "https://cdn0.woolworths.media/content/wowproductimages/large/381217.jpg",
      "storeId": "woolworths",
      "packageSize": "1l",
      "cupPrice": "$0.85 / 100ML",
      "locations": {
        "ALL": {
          "price": 8.5,
          "discountRate": 29,
          "promo": "",
          "orgPrice": 12
        }
      },
      "categoryIds": ["w-health-beauty"],
      "similarProducts": []
    },
    {
      "id": "w-205356-9316090037200",
      "name": "Nature's Own Calcium, Magnesium & Vitamin D3 Tablets",
      "brand": "Nature's Own",
      "imageUrls": "https://cdn0.woolworths.media/content/wowproductimages/large/205356.jpg",
      "storeId": "woolworths",
      "packageSize": "120 pack",
      "cupPrice": "$7.50 / 100EA",
      "locations": {
        "ALL": { "price": 9, "discountRate": 50, "promo": "", "orgPrice": 18 }
      },
      "categoryIds": ["w-health-beauty"],
      "similarProducts": []
    },
    {
      "id": "w-725097-9316090016175",
      "name": "Nature's Own Complete Sleep Advanced Tablets",
      "brand": "Nature's Own",
      "imageUrls": "https://cdn0.woolworths.media/content/wowproductimages/large/725097.jpg",
      "storeId": "woolworths",
      "packageSize": "30 pack",
      "cupPrice": "$34.17 / 100EA",
      "locations": {
        "ALL": {
          "price": 10.25,
          "discountRate": 50,
          "promo": "",
          "orgPrice": 20.5
        }
      },
      "categoryIds": ["w-health-beauty"],
      "similarProducts": [
        { "productId": "cw-76013", "storeId": "chemist-warehouse" },
        { "productId": "cw-66227", "storeId": "chemist-warehouse" }
      ]
    },
    {
      "id": "w-780031-9316090017370",
      "name": "Nature's Own Double Strength Cold Sore Relief Tablets",
      "brand": "Nature's Own",
      "imageUrls": "https://cdn0.woolworths.media/content/wowproductimages/large/780031.jpg",
      "storeId": "woolworths",
      "packageSize": "50 pack",
      "cupPrice": "$12.00 / 100EA",
      "locations": {
        "ALL": { "price": 6, "discountRate": 50, "promo": "", "orgPrice": 12 }
      },
      "categoryIds": ["w-health-beauty"],
      "similarProducts": []
    },
    {
      "id": "w-640812-9316090019176",
      "name": "Nature's Own Glucosamine Sulfate 1500 Tablets",
      "brand": "Nature's Own",
      "imageUrls": "https://cdn0.woolworths.media/content/wowproductimages/large/640812.jpg",
      "storeId": "woolworths",
      "packageSize": "120 pack",
      "cupPrice": "$12.50 / 100EA",
      "locations": {
        "ALL": {
          "price": 15,
          "discountRate": 50,
          "promo": "",
          "orgPrice": 30
        }
      },
      "categoryIds": ["w-health-beauty"],
      "similarProducts": [
        { "productId": "cw-84378", "storeId": "chemist-warehouse" }
      ]
    },
    {
      "id": "w-640769-9316090019206",
      "name": "Nature's Own Glucosamine Sulfate 1500 With Chondroitin Tablets",
      "brand": "Nature's Own",
      "imageUrls": "https://cdn0.woolworths.media/content/wowproductimages/large/640769.jpg",
      "storeId": "woolworths",
      "packageSize": "100 pack",
      "cupPrice": "$15.00 / 100EA",
      "locations": {
        "ALL": {
          "price": 15,
          "discountRate": 50,
          "promo": "",
          "orgPrice": 30
        }
      },
      "categoryIds": ["w-health-beauty"],
      "similarProducts": [
        { "productId": "cw-84377", "storeId": "chemist-warehouse" }
      ]
    },
    {
      "id": "w-205300-9316090023906",
      "name": "Nature's Own High Strength Vitamin B12 1000mcg Tablets",
      "brand": "Nature's Own",
      "imageUrls": "https://cdn0.woolworths.media/content/wowproductimages/large/205300.jpg",
      "storeId": "woolworths",
      "packageSize": "60 pack",
      "cupPrice": "$12.50 / 100EA",
      "locations": {
        "ALL": {
          "price": 7.5,
          "discountRate": 50,
          "promo": "",
          "orgPrice": 15
        }
      },
      "categoryIds": ["w-health-beauty"],
      "similarProducts": [
        { "productId": "cw-20887", "storeId": "chemist-warehouse" }
      ]
    },
    {
      "id": "w-205353-9316090038504",
      "name": "Nature's Own Magnesium Chelate 500mg Capsules",
      "brand": "Nature's Own",
      "imageUrls": "https://cdn0.woolworths.media/content/wowproductimages/large/205353.jpg",
      "storeId": "woolworths",
      "packageSize": "75 pack",
      "cupPrice": "$8.00 / 100EA",
      "locations": {
        "ALL": { "price": 6, "discountRate": 50, "promo": "", "orgPrice": 12 }
      },
      "categoryIds": ["w-health-beauty"],
      "similarProducts": [
        { "productId": "cw-55345", "storeId": "chemist-warehouse" }
      ]
    },
    {
      "id": "w-678247-9316090019169",
      "name": "Nature's Own Super B Complex Tablets",
      "brand": "Nature's Own",
      "imageUrls": "https://cdn0.woolworths.media/content/wowproductimages/large/678247.jpg",
      "storeId": "woolworths",
      "packageSize": "75 pack",
      "cupPrice": "$18.00 / 100EA",
      "locations": {
        "ALL": {
          "price": 13.5,
          "discountRate": 50,
          "promo": "",
          "orgPrice": 27
        }
      },
      "categoryIds": ["w-health-beauty"],
      "similarProducts": [
        { "productId": "cw-20971", "storeId": "chemist-warehouse" }
      ]
    },
    {
      "id": "w-827709-9316090016762",
      "name": "Nature's Own Triple Strength Garlic + C, Horseradish Tablets",
      "brand": "Nature's Own",
      "imageUrls": "https://cdn0.woolworths.media/content/wowproductimages/large/827709.jpg",
      "storeId": "woolworths",
      "packageSize": "60 pack",
      "cupPrice": "$16.67 / 100EA",
      "locations": {
        "ALL": {
          "price": 10,
          "discountRate": 50,
          "promo": "",
          "orgPrice": 20
        }
      },
      "categoryIds": ["w-health-beauty"],
      "similarProducts": [
        { "productId": "cw-74823", "storeId": "chemist-warehouse" }
      ]
    },
    {
      "id": "w-678276-9316090019121",
      "name": "Nature's Own Vitamin B3 500mg Tablets",
      "brand": "Nature's Own",
      "imageUrls": "https://cdn0.woolworths.media/content/wowproductimages/large/678276.jpg",
      "storeId": "woolworths",
      "packageSize": "60 pack",
      "cupPrice": "$10.00 / 100EA",
      "locations": {
        "ALL": { "price": 6, "discountRate": 50, "promo": "", "orgPrice": 12 }
      },
      "categoryIds": ["w-health-beauty"],
      "similarProducts": [
        { "productId": "cw-21113", "storeId": "chemist-warehouse" },
        { "productId": "cw-20621", "storeId": "chemist-warehouse" },
        { "productId": "cw-20820", "storeId": "chemist-warehouse" },
        { "productId": "cw-82961", "storeId": "chemist-warehouse" }
      ]
    },
    {
      "id": "w-531547-9314807052225",
      "name": "Nature's Way Activated Curcumin",
      "brand": "Nature's Way",
      "imageUrls": "https://cdn0.woolworths.media/content/wowproductimages/large/531547.jpg",
      "storeId": "woolworths",
      "packageSize": "30 pack",
      "cupPrice": "$45.00 / 100EA",
      "locations": {
        "ALL": {
          "price": 13.5,
          "discountRate": 50,
          "promo": "",
          "orgPrice": 27
        }
      },
      "categoryIds": ["w-health-beauty"],
      "similarProducts": []
    },
    {
      "id": "w-86555-9314807069001",
      "name": "Nature's Way Adult Vita Gummies Probiotic & Prebiotic Sugar Free",
      "brand": "Nature's Way",
      "imageUrls": "https://cdn0.woolworths.media/content/wowproductimages/large/086555.jpg",
      "storeId": "woolworths",
      "packageSize": "65 pack",
      "cupPrice": "$15.38 / 100EA",
      "locations": {
        "ALL": {
          "price": 10,
          "discountRate": 50,
          "promo": "",
          "orgPrice": 20
        }
      },
      "categoryIds": ["w-health-beauty"],
      "similarProducts": []
    },
    {
      "id": "w-376268-9314807024697",
      "name": "Nature's Way Advanced Omega Triple Strength Fish Oil",
      "brand": "Nature's Way",
      "imageUrls": "https://cdn0.woolworths.media/content/wowproductimages/large/376268.jpg",
      "storeId": "woolworths",
      "packageSize": "60 pack",
      "cupPrice": "$16.67 / 100EA",
      "locations": {
        "ALL": {
          "price": 10,
          "discountRate": 50,
          "promo": "",
          "orgPrice": 20
        }
      },
      "categoryIds": ["w-health-beauty"],
      "similarProducts": [
        { "productId": "cw-63113", "storeId": "chemist-warehouse" }
      ]
    },
    {
      "id": "w-17963-9314807064983",
      "name": "Nature's Way Apple Cider Vinegar Diet Tablets",
      "brand": "Nature's Way",
      "imageUrls": "https://cdn0.woolworths.media/content/wowproductimages/large/017963.jpg",
      "storeId": "woolworths",
      "packageSize": "60 pack",
      "cupPrice": "$25.00 / 100EA",
      "locations": {
        "ALL": {
          "price": 15,
          "discountRate": 50,
          "promo": "",
          "orgPrice": 30
        }
      },
      "categoryIds": ["w-health-beauty"],
      "similarProducts": [
        { "productId": "cw-86162", "storeId": "chemist-warehouse" },
        { "productId": "cw-88002", "storeId": "chemist-warehouse" }
      ]
    },
    {
      "id": "w-85116-9314807068790",
      "name": "Nature's Way Apple Cider Vinegar Gummies",
      "brand": "Nature's Way",
      "imageUrls": "https://cdn0.woolworths.media/content/wowproductimages/large/085116.jpg",
      "storeId": "woolworths",
      "packageSize": "65 pack",
      "cupPrice": "$15.38 / 100EA",
      "locations": {
        "ALL": {
          "price": 10,
          "discountRate": 50,
          "promo": "",
          "orgPrice": 20
        }
      },
      "categoryIds": ["w-health-beauty"],
      "similarProducts": []
    },
    {
      "id": "w-531548-9314807052232",
      "name": "Nature's Way Beauty Collagen Gummies",
      "brand": "Nature's Way",
      "imageUrls": "https://cdn0.woolworths.media/content/wowproductimages/large/531548.jpg",
      "storeId": "woolworths",
      "packageSize": "40 pack",
      "cupPrice": "$25.00 / 100EA",
      "locations": {
        "ALL": {
          "price": 10,
          "discountRate": 50,
          "promo": "",
          "orgPrice": 20
        }
      },
      "categoryIds": ["w-health-beauty"],
      "similarProducts": [
        { "productId": "cw-80275", "storeId": "chemist-warehouse" }
      ]
    },
    {
      "id": "w-58910-9314807053956",
      "name": "Nature's Way Beauty Collagen Liquid Apple Flavoured",
      "brand": "Nature's Way",
      "imageUrls": "https://cdn0.woolworths.media/content/wowproductimages/large/058910.jpg",
      "storeId": "woolworths",
      "packageSize": "500ml",
      "cupPrice": "$3.00 / 100ML",
      "locations": {
        "ALL": {
          "price": 15,
          "discountRate": 50,
          "promo": "",
          "orgPrice": 30
        }
      },
      "categoryIds": ["w-health-beauty"],
      "similarProducts": []
    },
    {
      "id": "w-642324-9314807052249",
      "name": "Nature's Way Beauty Collagen Tablets",
      "brand": "Nature's Way",
      "imageUrls": "https://cdn0.woolworths.media/content/wowproductimages/large/642324.jpg",
      "storeId": "woolworths",
      "packageSize": "60 pack",
      "cupPrice": "$25.00 / 100EA",
      "locations": {
        "ALL": {
          "price": 15,
          "discountRate": 50,
          "promo": "",
          "orgPrice": 30
        }
      },
      "categoryIds": ["w-health-beauty"],
      "similarProducts": []
    },
    {
      "id": "w-57286-9314807068073",
      "name": "Nature's Way Beauty Collagn Mature Skin Tablets",
      "brand": "Nature's Way",
      "imageUrls": "https://cdn0.woolworths.media/content/wowproductimages/large/057286.jpg",
      "storeId": "woolworths",
      "packageSize": "60 pack",
      "cupPrice": "$29.17 / 100EA",
      "locations": {
        "ALL": {
          "price": 17.5,
          "discountRate": 50,
          "promo": "",
          "orgPrice": 35
        }
      },
      "categoryIds": ["w-health-beauty"],
      "similarProducts": [
        { "productId": "cw-93559", "storeId": "chemist-warehouse" }
      ]
    },
    {
      "id": "w-192546-9314807008062",
      "name": "Nature's Way Complete Daily Multivitamin Tablets",
      "brand": "Nature's Way",
      "imageUrls": "https://cdn0.woolworths.media/content/wowproductimages/large/192546.jpg",
      "storeId": "woolworths",
      "packageSize": "200 pack",
      "cupPrice": "$3.75 / 100EA",
      "locations": {
        "ALL": {
          "price": 7.5,
          "discountRate": 50,
          "promo": "",
          "orgPrice": 15
        }
      },
      "categoryIds": ["w-health-beauty"],
      "similarProducts": [
        { "productId": "cw-62711", "storeId": "chemist-warehouse" }
      ]
    },
    {
      "id": "w-826881-9314807048471",
      "name": "Nature's Way Coq10 150mg",
      "brand": "Nature's Way",
      "imageUrls": "https://cdn0.woolworths.media/content/wowproductimages/large/826881.jpg",
      "storeId": "woolworths",
      "packageSize": "60 pack",
      "cupPrice": "$25.00 / 100EA",
      "locations": {
        "ALL": {
          "price": 15,
          "discountRate": 50,
          "promo": "",
          "orgPrice": 30
        }
      },
      "categoryIds": ["w-health-beauty"],
      "similarProducts": []
    },
    {
      "id": "w-815335-9314807066062",
      "name": "Nature's Way Daily Immunity With Vitamin C & Zinc & Echinacea",
      "brand": "Nature's Way",
      "imageUrls": "https://cdn0.woolworths.media/content/wowproductimages/large/815335.jpg",
      "storeId": "woolworths",
      "packageSize": "100 pack",
      "cupPrice": "$10.00 / 100EA",
      "locations": {
        "ALL": {
          "price": 10,
          "discountRate": 50,
          "promo": "",
          "orgPrice": 20
        }
      },
      "categoryIds": ["w-health-beauty"],
      "similarProducts": []
    },
    {
      "id": "w-642323-9314807050009",
      "name": "Nature's Way Daily Probiotic Capsules",
      "brand": "Nature's Way",
      "imageUrls": "https://cdn0.woolworths.media/content/wowproductimages/large/642323.jpg",
      "storeId": "woolworths",
      "packageSize": "30 pack",
      "cupPrice": "$25.00 / 100EA",
      "locations": {
        "ALL": {
          "price": 7.5,
          "discountRate": 50,
          "promo": "",
          "orgPrice": 15
        }
      },
      "categoryIds": ["w-health-beauty"],
      "similarProducts": []
    },
    {
      "id": "w-306795-9314807048051",
      "name": "Nature's Way Glucosamine Tablets 1500mg",
      "brand": "Nature's Way",
      "imageUrls": "https://cdn0.woolworths.media/content/wowproductimages/large/306795.jpg",
      "storeId": "woolworths",
      "packageSize": "180 pack",
      "cupPrice": "$11.11 / 100EA",
      "locations": {
        "ALL": {
          "price": 20,
          "discountRate": 50,
          "promo": "",
          "orgPrice": 40
        }
      },
      "categoryIds": ["w-health-beauty"],
      "similarProducts": []
    },
    {
      "id": "w-57288-9314807068097",
      "name": "Nature's Way Hair Growth Tablets",
      "brand": "Nature's Way",
      "imageUrls": "https://cdn0.woolworths.media/content/wowproductimages/large/057288.jpg",
      "storeId": "woolworths",
      "packageSize": "30 pack",
      "cupPrice": "$33.33 / 100EA",
      "locations": {
        "ALL": {
          "price": 10,
          "discountRate": 50,
          "promo": "",
          "orgPrice": 20
        }
      },
      "categoryIds": ["w-health-beauty"],
      "similarProducts": []
    },
    {
      "id": "w-775441-9314807063900",
      "name": "Nature's Way Hemp Oil 100% Pure 1000mg",
      "brand": "Nature's Way",
      "imageUrls": "https://cdn0.woolworths.media/content/wowproductimages/large/775441.jpg",
      "storeId": "woolworths",
      "packageSize": "60 capsules",
      "cupPrice": "$16.67 / 100EA",
      "locations": {
        "ALL": {
          "price": 10,
          "discountRate": 50,
          "promo": "",
          "orgPrice": 20
        }
      },
      "categoryIds": ["w-health-beauty"],
      "similarProducts": []
    },
    {
      "id": "w-169114-9314807007379",
      "name": "Nature's Way Immunity Defense Garlic & Horseradish Tablets",
      "brand": "Nature's Way",
      "imageUrls": "https://cdn0.woolworths.media/content/wowproductimages/large/169114.jpg",
      "storeId": "woolworths",
      "packageSize": "200 pack",
      "cupPrice": "$5.00 / 100EA",
      "locations": {
        "ALL": {
          "price": 10,
          "discountRate": 50,
          "promo": "",
          "orgPrice": 20
        }
      },
      "categoryIds": ["w-health-beauty"],
      "similarProducts": []
    },
    {
      "id": "w-725414-9314807026370",
      "name": "Nature's Way Joint Health Osteo Krill",
      "brand": "Nature's Way",
      "imageUrls": "https://cdn0.woolworths.media/content/wowproductimages/large/725414.jpg",
      "storeId": "woolworths",
      "packageSize": "50 pack",
      "cupPrice": "$30.00 / 100EA",
      "locations": {
        "ALL": {
          "price": 15,
          "discountRate": 50,
          "promo": "",
          "orgPrice": 30
        }
      },
      "categoryIds": ["w-health-beauty"],
      "similarProducts": []
    },
    {
      "id": "w-324685-9314807021481",
      "name": "Nature's Way Joint Restore Triple Action",
      "brand": "Nature's Way",
      "imageUrls": "https://cdn0.woolworths.media/content/wowproductimages/large/324685.jpg",
      "storeId": "woolworths",
      "packageSize": "60 pack",
      "cupPrice": "$22.92 / 100EA",
      "locations": {
        "ALL": {
          "price": 13.75,
          "discountRate": 50,
          "promo": "",
          "orgPrice": 27.5
        }
      },
      "categoryIds": ["w-health-beauty"],
      "similarProducts": []
    },
    {
      "id": "w-345773-9314807021474",
      "name": "Nature's Way Kids Smart Complete",
      "brand": "Nature's Way",
      "imageUrls": "https://cdn0.woolworths.media/content/wowproductimages/large/345773.jpg",
      "storeId": "woolworths",
      "packageSize": "50 pack",
      "cupPrice": "$19.00 / 100EA",
      "locations": {
        "ALL": {
          "price": 9.5,
          "discountRate": 50,
          "promo": "",
          "orgPrice": 19
        }
      },
      "categoryIds": ["w-health-beauty"],
      "similarProducts": []
    },
    {
      "id": "w-57342-9314807066178",
      "name": "Nature's Way Kids Multi Plus Probiotics Chewable Tablets",
      "brand": "Nature's Way",
      "imageUrls": "https://cdn0.woolworths.media/content/wowproductimages/large/057342.jpg",
      "storeId": "woolworths",
      "packageSize": "50 pack",
      "cupPrice": "$19.00 / 100EA",
      "locations": {
        "ALL": {
          "price": 9.5,
          "discountRate": 50,
          "promo": "",
          "orgPrice": 19
        }
      },
      "categoryIds": ["w-health-beauty"],
      "similarProducts": []
    },
    {
      "id": "w-775078-9314807064655",
      "name": "Nature's Way Kids Omega-3 Fish Oil Smart Trio",
      "brand": "Nature's Way",
      "imageUrls": "https://cdn0.woolworths.media/content/wowproductimages/large/775078.jpg",
      "storeId": "woolworths",
      "packageSize": "60 capsules",
      "cupPrice": "$16.67 / 100EA",
      "locations": {
        "ALL": {
          "price": 10,
          "discountRate": 50,
          "promo": "",
          "orgPrice": 20
        }
      },
      "categoryIds": ["w-health-beauty"],
      "similarProducts": []
    },
    {
      "id": "w-705869-9314807025267",
      "name": "Nature's Way Kids Smart Vita-gummies Calcium",
      "brand": "Nature's Way",
      "imageUrls": "https://cdn0.woolworths.media/content/wowproductimages/large/705869.jpg",
      "storeId": "woolworths",
      "packageSize": "60 pack",
      "cupPrice": "$12.50 / 100EA",
      "locations": {
        "ALL": {
          "price": 7.5,
          "discountRate": 50,
          "promo": "",
          "orgPrice": 15
        }
      },
      "categoryIds": ["w-health-beauty"],
      "similarProducts": []
    },
    {
      "id": "w-572117-9314807056742",
      "name": "Nature's Way Kids Smart Triple Strength Dha",
      "brand": "Nature's Way",
      "imageUrls": "https://cdn0.woolworths.media/content/wowproductimages/large/572117.jpg",
      "storeId": "woolworths",
      "packageSize": "50 pack",
      "cupPrice": "$22.00 / 100EA",
      "locations": {
        "ALL": {
          "price": 11,
          "discountRate": 50,
          "promo": "",
          "orgPrice": 22
        }
      },
      "categoryIds": ["w-health-beauty"],
      "similarProducts": []
    },
    {
      "id": "w-57337-9314807064723",
      "name": "Nature's Way Kids Smart Immunity Chewable Tablets",
      "brand": "Nature's Way",
      "imageUrls": "https://cdn0.woolworths.media/content/wowproductimages/large/057337.jpg",
      "storeId": "woolworths",
      "packageSize": "50 pack",
      "cupPrice": "$15.00 / 100EA",
      "locations": {
        "ALL": {
          "price": 7.5,
          "discountRate": 50,
          "promo": "",
          "orgPrice": 15
        }
      },
      "categoryIds": ["w-health-beauty"],
      "similarProducts": [
        { "productId": "cw-86156", "storeId": "chemist-warehouse" }
      ]
    },
    {
      "id": "w-57335-9314807063061",
      "name": "Nature's Way Kids Smart Iron Chewable Tablets",
      "brand": "Nature's Way",
      "imageUrls": "https://cdn0.woolworths.media/content/wowproductimages/large/057335.jpg",
      "storeId": "woolworths",
      "packageSize": "50 pack",
      "cupPrice": "$15.00 / 100EA",
      "locations": {
        "ALL": {
          "price": 7.5,
          "discountRate": 50,
          "promo": "",
          "orgPrice": 15
        }
      },
      "categoryIds": ["w-health-beauty"],
      "similarProducts": [
        { "productId": "cw-86156", "storeId": "chemist-warehouse" }
      ]
    },
    {
      "id": "w-57343-9314807067694",
      "name": "Nature's Way Kids Smart Vita Gummies Vitamin C Plus Zinc",
      "brand": "Nature's Way",
      "imageUrls": "https://cdn0.woolworths.media/content/wowproductimages/large/057343.jpg",
      "storeId": "woolworths",
      "packageSize": "120 pack",
      "cupPrice": "$10.83 / 100EA",
      "locations": {
        "ALL": {
          "price": 13,
          "discountRate": 50,
          "promo": "",
          "orgPrice": 26
        }
      },
      "categoryIds": ["w-health-beauty"],
      "similarProducts": []
    },
    {
      "id": "w-674888-9314807062354",
      "name": "Nature's Way Kids Smart Vita-gummies Sugar Free Multi Trio",
      "brand": "Nature's Way",
      "imageUrls": "https://cdn0.woolworths.media/content/wowproductimages/large/674888.jpg",
      "storeId": "woolworths",
      "packageSize": "75 pack",
      "cupPrice": "$13.33 / 100EA",
      "locations": {
        "ALL": {
          "price": 10,
          "discountRate": 50,
          "promo": "",
          "orgPrice": 20
        }
      },
      "categoryIds": ["w-health-beauty"],
      "similarProducts": []
    },
    {
      "id": "w-674886-9314807062903",
      "name": "Nature's Way Magnesium + Calcium",
      "brand": "Nature's Way",
      "imageUrls": "https://cdn0.woolworths.media/content/wowproductimages/large/674886.jpg",
      "storeId": "woolworths",
      "packageSize": "90 pack",
      "cupPrice": "$11.11 / 100EA",
      "locations": {
        "ALL": {
          "price": 10,
          "discountRate": 50,
          "promo": "",
          "orgPrice": 20
        }
      },
      "categoryIds": ["w-health-beauty"],
      "similarProducts": []
    },
    {
      "id": "w-642322-9314807051617",
      "name": "Nature's Way Magnesium Chelate Tablets 1000mg",
      "brand": "Nature's Way",
      "imageUrls": "https://cdn0.woolworths.media/content/wowproductimages/large/642322.jpg",
      "storeId": "woolworths",
      "packageSize": "100 pack",
      "cupPrice": "$12.50 / 100EA",
      "locations": {
        "ALL": {
          "price": 12.5,
          "discountRate": 50,
          "promo": "",
          "orgPrice": 25
        }
      },
      "categoryIds": ["w-health-beauty"],
      "similarProducts": []
    },
    {
      "id": "w-815337-9314807066154",
      "name": "Nature's Way Melatonin+ With Chamomile & Passionflower",
      "brand": "Nature's Way",
      "imageUrls": "https://cdn0.woolworths.media/content/wowproductimages/large/815337.jpg",
      "storeId": "woolworths",
      "packageSize": "60 pack",
      "cupPrice": "$16.67 / 100EA",
      "locations": {
        "ALL": {
          "price": 10,
          "discountRate": 50,
          "promo": "",
          "orgPrice": 20
        }
      },
      "categoryIds": ["w-health-beauty"],
      "similarProducts": []
    },
    {
      "id": "w-169204-9314807007225",
      "name": "Nature's Way Protein Powder Chocolate",
      "brand": "Nature's Way",
      "imageUrls": "https://cdn0.woolworths.media/content/wowproductimages/large/169204.jpg",
      "storeId": "woolworths",
      "packageSize": "375g",
      "cupPrice": "$2.80 / 100G",
      "locations": {
        "ALL": {
          "price": 10.5,
          "discountRate": 50,
          "promo": "",
          "orgPrice": 21
        }
      },
      "categoryIds": ["w-health-beauty"],
      "similarProducts": []
    },
    {
      "id": "w-7821-9310041209098",
      "name": "Nature's Way Protein Powder Instant Natural",
      "brand": "Nature's Way",
      "imageUrls": "https://cdn0.woolworths.media/content/wowproductimages/large/007821.jpg",
      "storeId": "woolworths",
      "packageSize": "375g",
      "cupPrice": "$2.80 / 100G",
      "locations": {
        "ALL": {
          "price": 10.5,
          "discountRate": 50,
          "promo": "",
          "orgPrice": 21
        }
      },
      "categoryIds": ["w-health-beauty"],
      "similarProducts": []
    },
    {
      "id": "w-711581-9314807025540",
      "name": "Nature's Way Restore Daily Probiotic Chocballs",
      "brand": "Nature's Way",
      "imageUrls": "https://cdn0.woolworths.media/content/wowproductimages/large/711581.jpg",
      "storeId": "woolworths",
      "packageSize": "60 pack",
      "cupPrice": "$16.67 / 100EA",
      "locations": {
        "ALL": {
          "price": 10,
          "discountRate": 50,
          "promo": "",
          "orgPrice": 20
        }
      },
      "categoryIds": ["w-health-beauty"],
      "similarProducts": [
        { "productId": "cw-70251", "storeId": "chemist-warehouse" }
      ]
    },
    {
      "id": "w-780065-9314807043049",
      "name": "Nature's Way Restore Probiotic 30 Billion",
      "brand": "Nature's Way",
      "imageUrls": "https://cdn0.woolworths.media/content/wowproductimages/large/780065.jpg",
      "storeId": "woolworths",
      "packageSize": "30 pack",
      "cupPrice": "$46.67 / 100EA",
      "locations": {
        "ALL": {
          "price": 14,
          "discountRate": 50,
          "promo": "",
          "orgPrice": 28
        }
      },
      "categoryIds": ["w-health-beauty"],
      "similarProducts": []
    },
    {
      "id": "w-57324-9314807068233",
      "name": "Nature's Way Restore Complete Gut Formula Adult",
      "brand": "Nature's Way",
      "imageUrls": "https://cdn0.woolworths.media/content/wowproductimages/large/057324.jpg",
      "storeId": "woolworths",
      "packageSize": "30 pack",
      "cupPrice": "$66.67 / 100EA",
      "locations": {
        "ALL": {
          "price": 20,
          "discountRate": 50,
          "promo": "",
          "orgPrice": 40
        }
      },
      "categoryIds": ["w-health-beauty"],
      "similarProducts": [
        { "productId": "cw-93561", "storeId": "chemist-warehouse" }
      ]
    },
    {
      "id": "w-57311-9314807068240",
      "name": "Nature's Way Restore Complete Gut Formula Child",
      "brand": "Nature's Way",
      "imageUrls": "https://cdn0.woolworths.media/content/wowproductimages/large/057311.jpg",
      "storeId": "woolworths",
      "packageSize": "30 pack",
      "cupPrice": "$66.67 / 100EA",
      "locations": {
        "ALL": {
          "price": 20,
          "discountRate": 50,
          "promo": "",
          "orgPrice": 40
        }
      },
      "categoryIds": ["w-health-beauty"],
      "similarProducts": [
        { "productId": "cw-93562", "storeId": "chemist-warehouse" }
      ]
    },
    {
      "id": "w-360043-9314807022815",
      "name": "Nature's Way Restore Daily Probiotic Capsules",
      "brand": "Nature's Way",
      "imageUrls": "https://cdn0.woolworths.media/content/wowproductimages/large/360043.jpg",
      "storeId": "woolworths",
      "packageSize": "28 pack",
      "cupPrice": "$35.71 / 100EA",
      "locations": {
        "ALL": {
          "price": 10,
          "discountRate": 50,
          "promo": "",
          "orgPrice": 20
        }
      },
      "categoryIds": ["w-health-beauty"],
      "similarProducts": [
        { "productId": "cw-70251", "storeId": "chemist-warehouse" },
        { "productId": "cw-61560", "storeId": "chemist-warehouse" }
      ]
    },
    {
      "id": "w-780054-9314807041793",
      "name": "Nature's Way Restore Probiotic Daily Health & Prebiotic",
      "brand": "Nature's Way",
      "imageUrls": "https://cdn0.woolworths.media/content/wowproductimages/large/780054.jpg",
      "storeId": "woolworths",
      "packageSize": "90 pack",
      "cupPrice": "$26.39 / 100EA",
      "locations": {
        "ALL": {
          "price": 23.75,
          "discountRate": 50,
          "promo": "",
          "orgPrice": 47.5
        }
      },
      "categoryIds": ["w-health-beauty"],
      "similarProducts": []
    },
    {
      "id": "w-57310-9314807066260",
      "name": "Nature's Way Rosehip & Collagen Tablets",
      "brand": "Nature's Way",
      "imageUrls": "https://cdn0.woolworths.media/content/wowproductimages/large/057310.jpg",
      "storeId": "woolworths",
      "packageSize": "60 pack",
      "cupPrice": "$25.00 / 100EA",
      "locations": {
        "ALL": {
          "price": 15,
          "discountRate": 50,
          "promo": "",
          "orgPrice": 30
        }
      },
      "categoryIds": ["w-health-beauty"],
      "similarProducts": []
    },
    {
      "id": "w-57331-9314807066222",
      "name": "Nature's Way Sugar Free Adult Gummies Calcium",
      "brand": "Nature's Way",
      "imageUrls": "https://cdn0.woolworths.media/content/wowproductimages/large/057331.jpg",
      "storeId": "woolworths",
      "packageSize": "65 pack",
      "cupPrice": "$15.38 / 100EA",
      "locations": {
        "ALL": {
          "price": 10,
          "discountRate": 50,
          "promo": "",
          "orgPrice": 20
        }
      },
      "categoryIds": ["w-health-beauty"],
      "similarProducts": []
    },
    {
      "id": "w-674889-9314807061678",
      "name": "Nature's Way Super Foods Apple Cider Vinegar",
      "brand": "Nature's Way",
      "imageUrls": "https://cdn0.woolworths.media/content/wowproductimages/large/674889.jpg",
      "storeId": "woolworths",
      "packageSize": "60pk",
      "cupPrice": "$13.33 / 100EA",
      "locations": {
        "ALL": { "price": 8, "discountRate": 50, "promo": "", "orgPrice": 16 }
      },
      "categoryIds": ["w-health-beauty"],
      "similarProducts": []
    },
    {
      "id": "w-674887-9314807062569",
      "name": "Nature's Way Super Foods Collagen Turmeric",
      "brand": "Nature's Way",
      "imageUrls": "https://cdn0.woolworths.media/content/wowproductimages/large/674887.jpg",
      "storeId": "woolworths",
      "packageSize": "60 pack",
      "cupPrice": "$16.67 / 100EA",
      "locations": {
        "ALL": {
          "price": 10,
          "discountRate": 50,
          "promo": "",
          "orgPrice": 20
        }
      },
      "categoryIds": ["w-health-beauty"],
      "similarProducts": []
    },
    {
      "id": "w-86789-9314807068738",
      "name": "Nature's Way Triple Action Joint Restore Powder Lemon Flavour",
      "brand": "Nature's Way",
      "imageUrls": "https://cdn0.woolworths.media/content/wowproductimages/large/086789.jpg",
      "storeId": "woolworths",
      "packageSize": "150g",
      "cupPrice": "$11.67 / 100G",
      "locations": {
        "ALL": {
          "price": 17.5,
          "discountRate": 50,
          "promo": "",
          "orgPrice": 35
        }
      },
      "categoryIds": ["w-health-beauty"],
      "similarProducts": []
    },
    {
      "id": "w-376791-9314807023973",
      "name": "Nature's Way True Odourless High Strength Fish Oil 1500mg",
      "brand": "Nature's Way",
      "imageUrls": "https://cdn0.woolworths.media/content/wowproductimages/large/376791.jpg",
      "storeId": "woolworths",
      "packageSize": "400 pack",
      "cupPrice": "$4.38 / 100EA",
      "locations": {
        "ALL": {
          "price": 17.5,
          "discountRate": 50,
          "promo": "",
          "orgPrice": 35
        }
      },
      "categoryIds": ["w-health-beauty"],
      "similarProducts": []
    },
    {
      "id": "w-826884-9314807046392",
      "name": "Nature's Way Vitagummies Mens Multivitamin",
      "brand": "Nature's Way",
      "imageUrls": "https://cdn0.woolworths.media/content/wowproductimages/large/826884.jpg",
      "storeId": "woolworths",
      "packageSize": "100 pack",
      "cupPrice": "$10.00 / 100EA",
      "locations": {
        "ALL": {
          "price": 10,
          "discountRate": 50,
          "promo": "",
          "orgPrice": 20
        }
      },
      "categoryIds": ["w-health-beauty"],
      "similarProducts": []
    },
    {
      "id": "w-192538-9314807008048",
      "name": "Nature's Way Vitamin B Energy Boost Tablets",
      "brand": "Nature's Way",
      "imageUrls": "https://cdn0.woolworths.media/content/wowproductimages/large/192538.jpg",
      "storeId": "woolworths",
      "packageSize": "200 pack",
      "cupPrice": "$4.68 / 100EA",
      "locations": {
        "ALL": {
          "price": 9.35,
          "discountRate": 50,
          "promo": "",
          "orgPrice": 18.7
        }
      },
      "categoryIds": ["w-health-beauty"],
      "similarProducts": []
    },
    {
      "id": "w-146378-9314807006709",
      "name": "Nature's Way Vitamin C Orange 500mg",
      "brand": "Nature's Way",
      "imageUrls": "https://cdn0.woolworths.media/content/wowproductimages/large/146378.jpg",
      "storeId": "woolworths",
      "packageSize": "300 pack",
      "cupPrice": "$2.50 / 100EA",
      "locations": {
        "ALL": {
          "price": 7.5,
          "discountRate": 50,
          "promo": "",
          "orgPrice": 15
        }
      },
      "categoryIds": ["w-health-beauty"],
      "similarProducts": []
    },
    {
      "id": "w-566520-9314807058579",
      "name": "Nature's Way Activated Curcumin Turmeric Concentrate Joint Ease",
      "brand": "Nature's Way",
      "imageUrls": "https://cdn0.woolworths.media/content/wowproductimages/large/566520.jpg",
      "storeId": "woolworths",
      "packageSize": "50 pack",
      "cupPrice": "$36.00 / 100EA",
      "locations": {
        "ALL": {
          "price": 18,
          "discountRate": 50,
          "promo": "",
          "orgPrice": 36
        }
      },
      "categoryIds": ["w-health-beauty"],
      "similarProducts": []
    },
    {
      "id": "w-725423-9314807025458",
      "name": "Nature's Way Kids Smart Probiotic Choc Balls",
      "brand": "Nature's Way",
      "imageUrls": "https://cdn0.woolworths.media/content/wowproductimages/large/725423.jpg",
      "storeId": "woolworths",
      "packageSize": "50 pack",
      "cupPrice": "$15.94 / 100EA",
      "locations": {
        "ALL": {
          "price": 7.97,
          "discountRate": 50,
          "promo": "",
          "orgPrice": 15.95
        }
      },
      "categoryIds": ["w-health-beauty"],
      "similarProducts": []
    },
    {
      "id": "w-813638-9318956009543",
      "name": "Natures Commonscents Bodywash Goats Milk & Paw Paw",
      "brand": "Natures Commonscents",
      "imageUrls": "https://cdn0.woolworths.media/content/wowproductimages/large/813638.jpg",
      "storeId": "woolworths",
      "packageSize": "600ml",
      "cupPrice": "$1.02 / 100ML",
      "locations": {
        "ALL": {
          "price": 6.1,
          "discountRate": 19,
          "promo": "",
          "orgPrice": 7.5
        }
      },
      "categoryIds": ["w-health-beauty"],
      "similarProducts": []
    },
    {
      "id": "w-57346-9325740029854",
      "name": "Naturopathica Clear Skin Active Acne Relief Capsules",
      "brand": "Naturopathica",
      "imageUrls": "https://cdn0.woolworths.media/content/wowproductimages/large/057346.jpg",
      "storeId": "woolworths",
      "packageSize": "30 pack",
      "cupPrice": "$43.33 / 100EA",
      "locations": {
        "ALL": {
          "price": 13,
          "discountRate": 50,
          "promo": "",
          "orgPrice": 26
        }
      },
      "categoryIds": ["w-health-beauty"],
      "similarProducts": []
    },
    {
      "id": "w-627673-9325740029335",
      "name": "Naturopathica Fat Blaster Raspberry Shake",
      "brand": "Naturopathica",
      "imageUrls": "https://cdn0.woolworths.media/content/wowproductimages/large/627673.jpg",
      "storeId": "woolworths",
      "packageSize": "430g",
      "cupPrice": "$2.33 / 100G",
      "locations": {
        "ALL": {
          "price": 10,
          "discountRate": 50,
          "promo": "",
          "orgPrice": 20
        }
      },
      "categoryIds": ["w-health-beauty"],
      "similarProducts": []
    },
    {
      "id": "w-321460-9300673883643",
      "name": "Nicabate Quit Smoking Minis Lozenge 1.5 Mg",
      "brand": "Nicabate",
      "imageUrls": "https://cdn0.woolworths.media/content/wowproductimages/large/321460.jpg",
      "storeId": "woolworths",
      "packageSize": "60 pack",
      "cupPrice": "$46.67 / 100EA",
      "locations": {
        "ALL": {
          "price": 28,
          "discountRate": 18,
          "promo": "",
          "orgPrice": 34
        }
      },
      "categoryIds": ["w-health-beauty"],
      "similarProducts": []
    },
    {
      "id": "w-321467-9300673883988",
      "name": "Nicabate Quit Smoking Minis Lozenge 4 Mg",
      "brand": "Nicabate",
      "imageUrls": "https://cdn0.woolworths.media/content/wowproductimages/large/321467.jpg",
      "storeId": "woolworths",
      "packageSize": "60 pack",
      "cupPrice": "$46.67 / 100EA",
      "locations": {
        "ALL": {
          "price": 28,
          "discountRate": 18,
          "promo": "",
          "orgPrice": 34
        }
      },
      "categoryIds": ["w-health-beauty"],
      "similarProducts": []
    },
    {
      "id": "w-51646-4005900662446",
      "name": "Nivea Aloe Vera Moisture Fresh Shower Gel & Body Wash",
      "brand": "Nivea",
      "imageUrls": "https://cdn0.woolworths.media/content/wowproductimages/large/051646.jpg",
      "storeId": "woolworths",
      "packageSize": "1l",
      "cupPrice": "$0.69 / 100ML",
      "locations": {
        "ALL": {
          "price": 6.85,
          "discountRate": 50,
          "promo": "",
          "orgPrice": 13.7
        }
      },
      "categoryIds": ["w-health-beauty"],
      "similarProducts": [
        { "productId": "nivea-rich-moisture-shower-gel", "storeId": "coles" }
      ]
    },
    {
      "id": "w-787616-42269342",
      "name": "Nivea B&w Travel Mini Anti- Perspirant Aerosol Deodorant",
      "brand": "Nivea",
      "imageUrls": "https://cdn0.woolworths.media/content/wowproductimages/large/787616.jpg",
      "storeId": "woolworths",
      "packageSize": "35ml",
      "cupPrice": "$6.00 / 100ML",
      "locations": {
        "ALL": {
          "price": 2.1,
          "discountRate": 30,
          "promo": "",
          "orgPrice": 3
        }
      },
      "categoryIds": ["w-health-beauty"],
      "similarProducts": []
    },
    {
      "id": "w-694039-4005900536679",
      "name": "Nivea Coconut Indulgent Moisture Shower Gel & Body Wash",
      "brand": "Nivea",
      "imageUrls": "https://cdn0.woolworths.media/content/wowproductimages/large/694039.jpg",
      "storeId": "woolworths",
      "packageSize": "1l",
      "cupPrice": "$0.69 / 100ML",
      "locations": {
        "ALL": {
          "price": 6.85,
          "discountRate": 50,
          "promo": "",
          "orgPrice": 13.7
        }
      },
      "categoryIds": ["w-health-beauty"],
      "similarProducts": [
        {
          "productId": "nivea-shower-indulgent-moisture-coconut",
          "storeId": "coles"
        }
      ]
    },
    {
      "id": "w-364482-4005808319633",
      "name": "Nivea Creme Soft Soap Bar",
      "brand": "Nivea",
      "imageUrls": "https://cdn0.woolworths.media/content/wowproductimages/large/364482.jpg",
      "storeId": "woolworths",
      "packageSize": "2x100g",
      "cupPrice": "$1.43 / 100G",
      "locations": {
        "ALL": {
          "price": 2.85,
          "discountRate": 21,
          "promo": "",
          "orgPrice": 3.6
        }
      },
      "categoryIds": ["w-health-beauty"],
      "similarProducts": []
    },
    {
      "id": "w-754992-4005808810840",
      "name": "Nivea For Men Body Wash Senstitive",
      "brand": "Nivea",
      "imageUrls": "https://cdn0.woolworths.media/content/wowproductimages/large/754992.jpg",
      "storeId": "woolworths",
      "packageSize": "500ml",
      "cupPrice": "$0.96 / 100ML",
      "locations": {
        "ALL": {
          "price": 4.8,
          "discountRate": 20,
          "promo": "",
          "orgPrice": 6
        }
      },
      "categoryIds": ["w-health-beauty"],
      "similarProducts": []
    },
    {
      "id": "w-52532-9005800307510",
      "name": "Nivea Hawaiian Flower & Oil Shower Gel & Body Wash",
      "brand": "Nivea",
      "imageUrls": "https://cdn0.woolworths.media/content/wowproductimages/large/052532.jpg",
      "storeId": "woolworths",
      "packageSize": "500ml",
      "cupPrice": "$1.12 / 100ML",
      "locations": {
        "ALL": {
          "price": 5.6,
          "discountRate": 30,
          "promo": "",
          "orgPrice": 8
        }
      },
      "categoryIds": ["w-health-beauty"],
      "similarProducts": [
        {
          "productId": "nivea-shower-hawaii-flower-oil-500ml",
          "storeId": "coles"
        }
      ]
    },
    {
      "id": "w-700173-4005900536686",
      "name": "Nivea Indulgent Honey Shower Gel & Body Wash",
      "brand": "Nivea",
      "imageUrls": "https://cdn0.woolworths.media/content/wowproductimages/large/700173.jpg",
      "storeId": "woolworths",
      "packageSize": "1l",
      "cupPrice": "$0.69 / 100ML",
      "locations": {
        "ALL": {
          "price": 6.85,
          "discountRate": 50,
          "promo": "",
          "orgPrice": 13.7
        }
      },
      "categoryIds": ["w-health-beauty"],
      "similarProducts": []
    },
    {
      "id": "w-51538-9005800307503",
      "name": "Nivea Lemongrass & Oil Shower Gel & Body Wash",
      "brand": "Nivea",
      "imageUrls": "https://cdn0.woolworths.media/content/wowproductimages/large/051538.jpg",
      "storeId": "woolworths",
      "packageSize": "500ml",
      "cupPrice": "$1.12 / 100ML",
      "locations": {
        "ALL": {
          "price": 5.6,
          "discountRate": 30,
          "promo": "",
          "orgPrice": 8
        }
      },
      "categoryIds": ["w-health-beauty"],
      "similarProducts": [
        { "productId": "nivea-lemongrass-shower-oil", "storeId": "coles" }
      ]
    },
    {
      "id": "w-893149-4005900128492",
      "name": "Nivea Men Active Clean Shower Gel",
      "brand": "Nivea",
      "imageUrls": "https://cdn0.woolworths.media/content/wowproductimages/large/893149.jpg",
      "storeId": "woolworths",
      "packageSize": "500ml",
      "cupPrice": "$0.96 / 100ML",
      "locations": {
        "ALL": {
          "price": 4.8,
          "discountRate": 20,
          "promo": "",
          "orgPrice": 6
        }
      },
      "categoryIds": ["w-health-beauty"],
      "similarProducts": []
    },
    {
      "id": "w-754946-4005808135561",
      "name": "Nivea Men Body Wash Sport",
      "brand": "Nivea",
      "imageUrls": "https://cdn0.woolworths.media/content/wowproductimages/large/754946.jpg",
      "storeId": "woolworths",
      "packageSize": "500ml",
      "cupPrice": "$0.96 / 100ML",
      "locations": {
        "ALL": {
          "price": 4.8,
          "discountRate": 20,
          "promo": "",
          "orgPrice": 6
        }
      },
      "categoryIds": ["w-health-beauty"],
      "similarProducts": []
    },
    {
      "id": "w-809461-6001051003075",
      "name": "Nivea Men Deep Shower Gel",
      "brand": "Nivea",
      "imageUrls": "https://cdn0.woolworths.media/content/wowproductimages/large/809461.jpg",
      "storeId": "woolworths",
      "packageSize": "500ml",
      "cupPrice": "$0.96 / 100ML",
      "locations": {
        "ALL": {
          "price": 4.8,
          "discountRate": 20,
          "promo": "",
          "orgPrice": 6
        }
      },
      "categoryIds": ["w-health-beauty"],
      "similarProducts": [
        { "productId": "cw-88801", "storeId": "chemist-warehouse" }
      ]
    },
    {
      "id": "w-637111-4005900420220",
      "name": "Nivea Men Pure Impact Shower Gel & Body Wash",
      "brand": "Nivea",
      "imageUrls": "https://cdn0.woolworths.media/content/wowproductimages/large/637111.jpg",
      "storeId": "woolworths",
      "packageSize": "500ml",
      "cupPrice": "$0.96 / 100ML",
      "locations": {
        "ALL": {
          "price": 4.8,
          "discountRate": 20,
          "promo": "",
          "orgPrice": 6
        }
      },
      "categoryIds": ["w-health-beauty"],
      "similarProducts": []
    },
    {
      "id": "w-779510-4005808512799",
      "name": "Nivea Men Shower Gel Refresh",
      "brand": "Nivea",
      "imageUrls": "https://cdn0.woolworths.media/content/wowproductimages/large/779510.jpg",
      "storeId": "woolworths",
      "packageSize": "500ml",
      "cupPrice": "$0.96 / 100ML",
      "locations": {
        "ALL": {
          "price": 4.8,
          "discountRate": 20,
          "promo": "",
          "orgPrice": 6
        }
      },
      "categoryIds": ["w-health-beauty"],
      "similarProducts": []
    },
    {
      "id": "w-672180-4005900122049",
      "name": "Nivea Men Silver Protect Anti- Bacterial Showergel&body Wash",
      "brand": "Nivea",
      "imageUrls": "https://cdn0.woolworths.media/content/wowproductimages/large/672180.jpg",
      "storeId": "woolworths",
      "packageSize": "500ml",
      "cupPrice": "$0.96 / 100ML",
      "locations": {
        "ALL": {
          "price": 4.8,
          "discountRate": 20,
          "promo": "",
          "orgPrice": 6
        }
      },
      "categoryIds": ["w-health-beauty"],
      "similarProducts": []
    },
    {
      "id": "w-694036-4005900536662",
      "name": "Nivea Rich Moisture Soft Shower Gel & Body Wash",
      "brand": "Nivea",
      "imageUrls": "https://cdn0.woolworths.media/content/wowproductimages/large/694036.jpg",
      "storeId": "woolworths",
      "packageSize": "1l",
      "cupPrice": "$0.69 / 100ML",
      "locations": {
        "ALL": {
          "price": 6.85,
          "discountRate": 50,
          "promo": "",
          "orgPrice": 13.7
        }
      },
      "categoryIds": ["w-health-beauty"],
      "similarProducts": [
        {
          "productId": "nivea-shower-indulgent-moisture-soft",
          "storeId": "coles"
        }
      ]
    },
    {
      "id": "w-787572-42207443",
      "name": "Nivea Soft Travel Mini Moisturiser Lotion Vitamin E & Jojoba",
      "brand": "Nivea",
      "imageUrls": "https://cdn0.woolworths.media/content/wowproductimages/large/787572.jpg",
      "storeId": "woolworths",
      "packageSize": "50ml",
      "cupPrice": "$4.20 / 100ML",
      "locations": {
        "ALL": {
          "price": 2.1,
          "discountRate": 30,
          "promo": "",
          "orgPrice": 3
        }
      },
      "categoryIds": ["w-health-beauty"],
      "similarProducts": []
    },
    {
      "id": "w-76024-9314807067786",
      "name": "Norsca 0% Aluminium Antiperspirant Refreshing Vetiver Deodorant",
      "brand": "Norsca",
      "imageUrls": "https://cdn0.woolworths.media/content/wowproductimages/large/076024.jpg",
      "storeId": "woolworths",
      "packageSize": "245ml",
      "cupPrice": "$2.67 / 100G",
      "locations": {
        "ALL": { "price": 4, "discountRate": 50, "promo": "", "orgPrice": 8 }
      },
      "categoryIds": ["w-health-beauty"],
      "similarProducts": []
    },
    {
      "id": "w-77192-9314807067779",
      "name": "Norsca 0% Aluminium Antiperspirant Rosewater & Lotus Deodorant",
      "brand": "Norsca",
      "imageUrls": "https://cdn0.woolworths.media/content/wowproductimages/large/077192.jpg",
      "storeId": "woolworths",
      "packageSize": "245ml",
      "cupPrice": "$2.67 / 100G",
      "locations": {
        "ALL": { "price": 4, "discountRate": 50, "promo": "", "orgPrice": 8 }
      },
      "categoryIds": ["w-health-beauty"],
      "similarProducts": []
    },
    {
      "id": "w-75705-93549882",
      "name": "Norsca 0% Aluminium Antiperspirant Rosewater & Lotus Roll-on",
      "brand": "Norsca",
      "imageUrls": "https://cdn0.woolworths.media/content/wowproductimages/large/075705.jpg",
      "storeId": "woolworths",
      "packageSize": "50ml",
      "cupPrice": "$5.00 / 100ML",
      "locations": {
        "ALL": {
          "price": 2.5,
          "discountRate": 50,
          "promo": "",
          "orgPrice": 5
        }
      },
      "categoryIds": ["w-health-beauty"],
      "similarProducts": []
    },
    {
      "id": "w-19651-9300666335012",
      "name": "Norsca Anti Perspirant Deodorant Aerosol Pump Forest",
      "brand": "Norsca",
      "imageUrls": "https://cdn0.woolworths.media/content/wowproductimages/large/019651.jpg",
      "storeId": "woolworths",
      "packageSize": "150ml",
      "cupPrice": "$2.00 / 100ML",
      "locations": {
        "ALL": { "price": 3, "discountRate": 50, "promo": "", "orgPrice": 6 }
      },
      "categoryIds": ["w-health-beauty"],
      "similarProducts": []
    },
    {
      "id": "w-824755-9314807042639",
      "name": "Norsca Deodorant Aerosol Baby Powder Antiperspirant",
      "brand": "Norsca",
      "imageUrls": "https://cdn0.woolworths.media/content/wowproductimages/large/824755.jpg",
      "storeId": "woolworths",
      "packageSize": "150g",
      "cupPrice": "$1.22 / 100ML",
      "locations": {
        "ALL": { "price": 3, "discountRate": 50, "promo": "", "orgPrice": 6 }
      },
      "categoryIds": ["w-health-beauty"],
      "similarProducts": []
    },
    {
      "id": "w-370625-9314807020392",
      "name": "Norsca Deodorant Aerosol Clear Passion Flower",
      "brand": "Norsca",
      "imageUrls": "https://cdn0.woolworths.media/content/wowproductimages/large/370625.jpg",
      "storeId": "woolworths",
      "packageSize": "150g",
      "cupPrice": "$1.22 / 100ML",
      "locations": {
        "ALL": { "price": 3, "discountRate": 50, "promo": "", "orgPrice": 6 }
      },
      "categoryIds": ["w-health-beauty"],
      "similarProducts": []
    },
    {
      "id": "w-1100-9300666335005",
      "name": "Norsca Deodorant Aerosol Forest Fresh",
      "brand": "Norsca",
      "imageUrls": "https://cdn0.woolworths.media/content/wowproductimages/large/001100.jpg",
      "storeId": "woolworths",
      "packageSize": "150g",
      "cupPrice": "$1.22 / 100ML",
      "locations": {
        "ALL": { "price": 3, "discountRate": 50, "promo": "", "orgPrice": 6 }
      },
      "categoryIds": ["w-health-beauty"],
      "similarProducts": []
    },
    {
      "id": "w-370615-9314807024116",
      "name": "Norsca Deodorant Aerosol Instant Adrenalin",
      "brand": "Norsca",
      "imageUrls": "https://cdn0.woolworths.media/content/wowproductimages/large/370615.jpg",
      "storeId": "woolworths",
      "packageSize": "150g",
      "cupPrice": "$1.22 / 100ML",
      "locations": {
        "ALL": { "price": 3, "discountRate": 50, "promo": "", "orgPrice": 6 }
      },
      "categoryIds": ["w-health-beauty"],
      "similarProducts": []
    },
    {
      "id": "w-37747-93405041",
      "name": "Norsca Deodorant Roll On Forest Fresh",
      "brand": "Norsca",
      "imageUrls": "https://cdn0.woolworths.media/content/wowproductimages/large/037747.jpg",
      "storeId": "woolworths",
      "packageSize": "50ml",
      "cupPrice": "$4.00 / 100ML",
      "locations": {
        "ALL": { "price": 2, "discountRate": 50, "promo": "", "orgPrice": 4 }
      },
      "categoryIds": ["w-health-beauty"],
      "similarProducts": []
    },
    {
      "id": "w-756240-9300711647633",
      "name": "Nurofen Cold And Flu Multi-symptom Relief Tablets 200mg Ibuprofen",
      "brand": "Nurofen",
      "imageUrls": "https://cdn0.woolworths.media/content/wowproductimages/large/756240.jpg",
      "storeId": "woolworths",
      "packageSize": "12 pack",
      "cupPrice": "$0.67 / 1EA",
      "locations": {
        "ALL": { "price": 8, "discountRate": 11, "promo": "", "orgPrice": 9 }
      },
      "categoryIds": ["w-health-beauty"],
      "similarProducts": [
        { "productId": "nurofen-cold-flu-pe-tablets", "storeId": "coles" },
        { "productId": "cw-64831", "storeId": "chemist-warehouse" }
      ]
    },
    {
      "id": "w-821284-9300711653030",
      "name": "Nurofen Quickzorb Quick Pain Relief Caplets 200mg Ibuprofen",
      "brand": "Nurofen",
      "imageUrls": "https://cdn0.woolworths.media/content/wowproductimages/large/821284.jpg",
      "storeId": "woolworths",
      "packageSize": "24 pack",
      "cupPrice": "$0.29 / 1EA",
      "locations": {
        "ALL": { "price": 7, "discountRate": 13, "promo": "", "orgPrice": 8 }
      },
      "categoryIds": ["w-health-beauty"],
      "similarProducts": []
    },
    {
      "id": "w-841569-9314057010136",
      "name": "Nyal Children's Berry Cold & Flu Immunity Booster 2yrs+",
      "brand": "Nyal",
      "imageUrls": "https://cdn0.woolworths.media/content/wowproductimages/large/841569.jpg",
      "storeId": "woolworths",
      "packageSize": "200ml",
      "cupPrice": "$6.00 / 100ML",
      "locations": {
        "ALL": {
          "price": 12,
          "discountRate": 20,
          "promo": "",
          "orgPrice": 15
        }
      },
      "categoryIds": ["w-health-beauty"],
      "similarProducts": []
    },
    {
      "id": "w-188092-9330130001440",
      "name": "Nyal Cold & Flu Fighter Day & Night Tablets",
      "brand": "Nyal",
      "imageUrls": "https://cdn0.woolworths.media/content/wowproductimages/large/188092.jpg",
      "storeId": "woolworths",
      "packageSize": "24pk",
      "cupPrice": "$0.43 / 1EA",
      "locations": {
        "ALL": {
          "price": 10.4,
          "discountRate": 20,
          "promo": "",
          "orgPrice": 13
        }
      },
      "categoryIds": ["w-health-beauty"],
      "similarProducts": []
    },
    {
      "id": "w-87740-9300673169525",
      "name": "Nyal Cough Medicine For Dry Coughs",
      "brand": "Nyal",
      "imageUrls": "https://cdn0.woolworths.media/content/wowproductimages/large/087740.jpg",
      "storeId": "woolworths",
      "packageSize": "200ml",
      "cupPrice": "$3.40 / 100ML",
      "locations": {
        "ALL": {
          "price": 6.8,
          "discountRate": 20,
          "promo": "",
          "orgPrice": 8.5
        }
      },
      "categoryIds": ["w-health-beauty"],
      "similarProducts": []
    },
    {
      "id": "w-17800-9330130000344",
      "name": "Nyal Cough Syrups Bronchitis Mix",
      "brand": "Nyal",
      "imageUrls": "https://cdn0.woolworths.media/content/wowproductimages/large/017800.jpg",
      "storeId": "woolworths",
      "packageSize": "200ml",
      "cupPrice": "$3.40 / 100ML",
      "locations": {
        "ALL": {
          "price": 6.8,
          "discountRate": 20,
          "promo": "",
          "orgPrice": 8.5
        }
      },
      "categoryIds": ["w-health-beauty"],
      "similarProducts": []
    },
    {
      "id": "w-74708-9330130000603",
      "name": "Nyal Sprays Nasal Decongestant",
      "brand": "Nyal",
      "imageUrls": "https://cdn0.woolworths.media/content/wowproductimages/large/074708.jpg",
      "storeId": "woolworths",
      "packageSize": "15ml",
      "cupPrice": "$48.00 / 100ML",
      "locations": {
        "ALL": {
          "price": 7.2,
          "discountRate": 20,
          "promo": "",
          "orgPrice": 9
        }
      },
      "categoryIds": ["w-health-beauty"],
      "similarProducts": []
    },
    {
      "id": "w-305050-9330130002553",
      "name": "Nyal Tablets Cold And Flu 18 Day & 6 Night",
      "brand": "Nyal",
      "imageUrls": "https://cdn0.woolworths.media/content/wowproductimages/large/305050.jpg",
      "storeId": "woolworths",
      "packageSize": "24pk",
      "cupPrice": "$0.47 / 1EA",
      "locations": {
        "ALL": {
          "price": 11.2,
          "discountRate": 20,
          "promo": "",
          "orgPrice": 14
        }
      },
      "categoryIds": ["w-health-beauty"],
      "similarProducts": []
    },
    {
      "id": "w-225690-9330130001877",
      "name": "Nyal Tablets Relief Day And Night",
      "brand": "Nyal",
      "imageUrls": "https://cdn0.woolworths.media/content/wowproductimages/large/225690.jpg",
      "storeId": "woolworths",
      "packageSize": "24pk",
      "cupPrice": "$0.40 / 1EA",
      "locations": {
        "ALL": {
          "price": 9.6,
          "discountRate": 20,
          "promo": "",
          "orgPrice": 12
        }
      },
      "categoryIds": ["w-health-beauty"],
      "similarProducts": []
    },
    {
      "id": "w-699862-22796916716",
      "name": "Ogx Biotin Collagen Conditioner",
      "brand": "Ogx",
      "imageUrls": "https://cdn0.woolworths.media/content/wowproductimages/large/699862.jpg",
      "storeId": "woolworths",
      "packageSize": "385ml",
      "cupPrice": "$2.60 / 100ML",
      "locations": {
        "ALL": {
          "price": 10,
          "discountRate": 50,
          "promo": "",
          "orgPrice": 20
        }
      },
      "categoryIds": ["w-health-beauty"],
      "similarProducts": [
        { "productId": "cw-90111", "storeId": "chemist-warehouse" }
      ]
    },
    {
      "id": "w-699861-22796916709",
      "name": "Ogx Biotin Collagen Shampoo",
      "brand": "Ogx",
      "imageUrls": "https://cdn0.woolworths.media/content/wowproductimages/large/699861.jpg",
      "storeId": "woolworths",
      "packageSize": "385ml",
      "cupPrice": "$2.60 / 100ML",
      "locations": {
        "ALL": {
          "price": 10,
          "discountRate": 50,
          "promo": "",
          "orgPrice": 20
        }
      },
      "categoryIds": ["w-health-beauty"],
      "similarProducts": []
    },
    {
      "id": "w-376590-22796916013",
      "name": "Ogx Brazilian Keratin Therapy Shampoo",
      "brand": "Ogx",
      "imageUrls": "https://cdn0.woolworths.media/content/wowproductimages/large/376590.jpg",
      "storeId": "woolworths",
      "packageSize": "385ml",
      "cupPrice": "$2.60 / 100ML",
      "locations": {
        "ALL": {
          "price": 10,
          "discountRate": 50,
          "promo": "",
          "orgPrice": 20
        }
      },
      "categoryIds": ["w-health-beauty"],
      "similarProducts": []
    },
    {
      "id": "w-892991-22796900814",
      "name": "Ogx Cherry Blossom Conditioner",
      "brand": "Ogx",
      "imageUrls": "https://cdn0.woolworths.media/content/wowproductimages/large/892991.jpg",
      "storeId": "woolworths",
      "packageSize": "385ml",
      "cupPrice": "$2.60 / 100ML",
      "locations": {
        "ALL": {
          "price": 10,
          "discountRate": 50,
          "promo": "",
          "orgPrice": 20
        }
      },
      "categoryIds": ["w-health-beauty"],
      "similarProducts": []
    },
    {
      "id": "w-892988-22796900807",
      "name": "Ogx Cherry Blossom Shampoo",
      "brand": "Ogx",
      "imageUrls": "https://cdn0.woolworths.media/content/wowproductimages/large/892988.jpg",
      "storeId": "woolworths",
      "packageSize": "385ml",
      "cupPrice": "$2.60 / 100ML",
      "locations": {
        "ALL": {
          "price": 10,
          "discountRate": 50,
          "promo": "",
          "orgPrice": 20
        }
      },
      "categoryIds": ["w-health-beauty"],
      "similarProducts": []
    },
    {
      "id": "w-600932-22796901200",
      "name": "Ogx Coconut Miracle Oil Shampoo",
      "brand": "Ogx",
      "imageUrls": "https://cdn0.woolworths.media/content/wowproductimages/large/600932.jpg",
      "storeId": "woolworths",
      "packageSize": "385ml",
      "cupPrice": "$2.73 / 100ML",
      "locations": {
        "ALL": {
          "price": 10.5,
          "discountRate": 50,
          "promo": "",
          "orgPrice": 21
        }
      },
      "categoryIds": ["w-health-beauty"],
      "similarProducts": []
    },
    {
      "id": "w-601150-22796901217",
      "name": "Ogx Coconut Miracle Oil Extra Strength Conditioner",
      "brand": "Ogx",
      "imageUrls": "https://cdn0.woolworths.media/content/wowproductimages/large/601150.jpg",
      "storeId": "woolworths",
      "packageSize": "385ml",
      "cupPrice": "$2.73 / 100ML",
      "locations": {
        "ALL": {
          "price": 10.5,
          "discountRate": 50,
          "promo": "",
          "orgPrice": 21
        }
      },
      "categoryIds": ["w-health-beauty"],
      "similarProducts": []
    },
    {
      "id": "w-821691-22796642011",
      "name": "Ogx Conditioner Charcoal Detox",
      "brand": "Ogx",
      "imageUrls": "https://cdn0.woolworths.media/content/wowproductimages/large/821691.jpg",
      "storeId": "woolworths",
      "packageSize": "385ml",
      "cupPrice": "$2.60 / 100ML",
      "locations": {
        "ALL": {
          "price": 10,
          "discountRate": 50,
          "promo": "",
          "orgPrice": 20
        }
      },
      "categoryIds": ["w-health-beauty"],
      "similarProducts": []
    },
    {
      "id": "w-821690-22796610522",
      "name": "Ogx Conditioner Green Tea Fitness",
      "brand": "Ogx",
      "imageUrls": "https://cdn0.woolworths.media/content/wowproductimages/large/821690.jpg",
      "storeId": "woolworths",
      "packageSize": "385ml",
      "cupPrice": "$2.60 / 100ML",
      "locations": {
        "ALL": {
          "price": 10,
          "discountRate": 50,
          "promo": "",
          "orgPrice": 20
        }
      },
      "categoryIds": ["w-health-beauty"],
      "similarProducts": []
    },
    {
      "id": "w-376591-22796916020",
      "name": "Ogx Conditioner Ever Straight Brazilian Keratin Therapy",
      "brand": "Ogx",
      "imageUrls": "https://cdn0.woolworths.media/content/wowproductimages/large/376591.jpg",
      "storeId": "woolworths",
      "packageSize": "385ml",
      "cupPrice": "$2.60 / 100ML",
      "locations": {
        "ALL": {
          "price": 10,
          "discountRate": 50,
          "promo": "",
          "orgPrice": 20
        }
      },
      "categoryIds": ["w-health-beauty"],
      "similarProducts": []
    },
    {
      "id": "w-725754-22796916129",
      "name": "Ogx Conditioner Renewing Argan Oil Of Morocco",
      "brand": "Ogx",
      "imageUrls": "https://cdn0.woolworths.media/content/wowproductimages/large/725754.jpg",
      "storeId": "woolworths",
      "packageSize": "385ml",
      "cupPrice": "$2.60 / 100ML",
      "locations": {
        "ALL": {
          "price": 10,
          "discountRate": 50,
          "promo": "",
          "orgPrice": 20
        }
      },
      "categoryIds": ["w-health-beauty"],
      "similarProducts": []
    },
    {
      "id": "w-486564-22796907028",
      "name": "Ogx Conditioner Strength & Body Bamboo Fiber-full",
      "brand": "Ogx",
      "imageUrls": "https://cdn0.woolworths.media/content/wowproductimages/large/486564.jpg",
      "storeId": "woolworths",
      "packageSize": "385ml",
      "cupPrice": "$2.60 / 100ML",
      "locations": {
        "ALL": {
          "price": 10,
          "discountRate": 50,
          "promo": "",
          "orgPrice": 20
        }
      },
      "categoryIds": ["w-health-beauty"],
      "similarProducts": []
    },
    {
      "id": "w-486575-22796900111",
      "name": "Ogx Extra Strength Argan Oil Of Morocco Conditioner",
      "brand": "Ogx",
      "imageUrls": "https://cdn0.woolworths.media/content/wowproductimages/large/486575.jpg",
      "storeId": "woolworths",
      "packageSize": "385ml",
      "cupPrice": "$2.73 / 100ML",
      "locations": {
        "ALL": {
          "price": 10.5,
          "discountRate": 50,
          "promo": "",
          "orgPrice": 21
        }
      },
      "categoryIds": ["w-health-beauty"],
      "similarProducts": []
    },
    {
      "id": "w-486585-22796900104",
      "name": "Ogx Extra Strength Argan Oil Of Morocco Shampoo",
      "brand": "Ogx",
      "imageUrls": "https://cdn0.woolworths.media/content/wowproductimages/large/486585.jpg",
      "storeId": "woolworths",
      "packageSize": "385ml",
      "cupPrice": "$2.73 / 100ML",
      "locations": {
        "ALL": {
          "price": 10.5,
          "discountRate": 50,
          "promo": "",
          "orgPrice": 21
        }
      },
      "categoryIds": ["w-health-beauty"],
      "similarProducts": []
    },
    {
      "id": "w-84912-52800674882",
      "name": "Ogx Extra Volume Biotin & Collagen Conditioner",
      "brand": "Ogx",
      "imageUrls": "https://cdn0.woolworths.media/content/wowproductimages/large/084912.jpg",
      "storeId": "woolworths",
      "packageSize": "385ml",
      "cupPrice": "$2.73 / 100ML",
      "locations": {
        "ALL": {
          "price": 10.5,
          "discountRate": 50,
          "promo": "",
          "orgPrice": 21
        }
      },
      "categoryIds": ["w-health-beauty"],
      "similarProducts": []
    },
    {
      "id": "w-78350-52800674875",
      "name": "Ogx Extra Volume Biotin & Collagen Shampoo",
      "brand": "Ogx",
      "imageUrls": "https://cdn0.woolworths.media/content/wowproductimages/large/078350.jpg",
      "storeId": "woolworths",
      "packageSize": "385ml",
      "cupPrice": "$2.73 / 100ML",
      "locations": {
        "ALL": {
          "price": 10.5,
          "discountRate": 50,
          "promo": "",
          "orgPrice": 21
        }
      },
      "categoryIds": ["w-health-beauty"],
      "similarProducts": []
    },
    {
      "id": "w-725643-22796916136",
      "name": "Ogx Intense Moisturizing Treatment Argan Oil Of Morocco",
      "brand": "Ogx",
      "imageUrls": "https://cdn0.woolworths.media/content/wowproductimages/large/725643.jpg",
      "storeId": "woolworths",
      "packageSize": "237ml",
      "cupPrice": "$4.22 / 100ML",
      "locations": {
        "ALL": {
          "price": 10,
          "discountRate": 50,
          "promo": "",
          "orgPrice": 20
        }
      },
      "categoryIds": ["w-health-beauty"],
      "similarProducts": []
    },
    {
      "id": "w-325774-22796910066",
      "name": "Ogx Nourishing Coconut Milk Conditioner",
      "brand": "Ogx",
      "imageUrls": "https://cdn0.woolworths.media/content/wowproductimages/large/325774.jpg",
      "storeId": "woolworths",
      "packageSize": "385ml",
      "cupPrice": "$2.60 / 100ML",
      "locations": {
        "ALL": {
          "price": 10,
          "discountRate": 50,
          "promo": "",
          "orgPrice": 20
        }
      },
      "categoryIds": ["w-health-beauty"],
      "similarProducts": []
    },
    {
      "id": "w-325771-22796910059",
      "name": "Ogx Nourishing Coconut Milk Shampoo",
      "brand": "Ogx",
      "imageUrls": "https://cdn0.woolworths.media/content/wowproductimages/large/325771.jpg",
      "storeId": "woolworths",
      "packageSize": "385ml",
      "cupPrice": "$2.60 / 100ML",
      "locations": {
        "ALL": {
          "price": 10,
          "discountRate": 50,
          "promo": "",
          "orgPrice": 20
        }
      },
      "categoryIds": ["w-health-beauty"],
      "similarProducts": []
    },
    {
      "id": "w-486571-22796900920",
      "name": "Ogx Quenching & Coconut Curls Conditioner",
      "brand": "Ogx",
      "imageUrls": "https://cdn0.woolworths.media/content/wowproductimages/large/486571.jpg",
      "storeId": "woolworths",
      "packageSize": "385ml",
      "cupPrice": "$2.60 / 100ML",
      "locations": {
        "ALL": {
          "price": 10,
          "discountRate": 50,
          "promo": "",
          "orgPrice": 20
        }
      },
      "categoryIds": ["w-health-beauty"],
      "similarProducts": []
    },
    {
      "id": "w-486567-22796900906",
      "name": "Ogx Quenching & Coconut Curls Shampoo",
      "brand": "Ogx",
      "imageUrls": "https://cdn0.woolworths.media/content/wowproductimages/large/486567.jpg",
      "storeId": "woolworths",
      "packageSize": "385ml",
      "cupPrice": "$2.60 / 100ML",
      "locations": {
        "ALL": {
          "price": 10,
          "discountRate": 50,
          "promo": "",
          "orgPrice": 20
        }
      },
      "categoryIds": ["w-health-beauty"],
      "similarProducts": []
    },
    {
      "id": "w-821656-22796642004",
      "name": "Ogx Shampoo Charcoal Detox",
      "brand": "Ogx",
      "imageUrls": "https://cdn0.woolworths.media/content/wowproductimages/large/821656.jpg",
      "storeId": "woolworths",
      "packageSize": "385ml",
      "cupPrice": "$2.60 / 100ML",
      "locations": {
        "ALL": {
          "price": 10,
          "discountRate": 50,
          "promo": "",
          "orgPrice": 20
        }
      },
      "categoryIds": ["w-health-beauty"],
      "similarProducts": []
    },
    {
      "id": "w-821655-22796610515",
      "name": "Ogx Shampoo Green Tea Fitness",
      "brand": "Ogx",
      "imageUrls": "https://cdn0.woolworths.media/content/wowproductimages/large/821655.jpg",
      "storeId": "woolworths",
      "packageSize": "385ml",
      "cupPrice": "$2.60 / 100ML",
      "locations": {
        "ALL": {
          "price": 10,
          "discountRate": 50,
          "promo": "",
          "orgPrice": 20
        }
      },
      "categoryIds": ["w-health-beauty"],
      "similarProducts": []
    },
    {
      "id": "w-725753-22796916112",
      "name": "Ogx Shampoo Renewing Argan Oil Of Morocco",
      "brand": "Ogx",
      "imageUrls": "https://cdn0.woolworths.media/content/wowproductimages/large/725753.jpg",
      "storeId": "woolworths",
      "packageSize": "385ml",
      "cupPrice": "$2.60 / 100ML",
      "locations": {
        "ALL": {
          "price": 10,
          "discountRate": 50,
          "promo": "",
          "orgPrice": 20
        }
      },
      "categoryIds": ["w-health-beauty"],
      "similarProducts": []
    },
    {
      "id": "w-486539-22796907011",
      "name": "Ogx Shampoo Strength & Body Bamboo Fiber-full",
      "brand": "Ogx",
      "imageUrls": "https://cdn0.woolworths.media/content/wowproductimages/large/486539.jpg",
      "storeId": "woolworths",
      "packageSize": "385ml",
      "cupPrice": "$2.60 / 100ML",
      "locations": {
        "ALL": {
          "price": 10,
          "discountRate": 50,
          "promo": "",
          "orgPrice": 20
        }
      },
      "categoryIds": ["w-health-beauty"],
      "similarProducts": []
    },
    {
      "id": "w-84952-52800674950",
      "name": "Ogx Strength & Length Golden Turmeric Shampoo",
      "brand": "Ogx",
      "imageUrls": "https://cdn0.woolworths.media/content/wowproductimages/large/084952.jpg",
      "storeId": "woolworths",
      "packageSize": "385ml",
      "cupPrice": "$2.60 / 100ML",
      "locations": {
        "ALL": {
          "price": 10,
          "discountRate": 50,
          "promo": "",
          "orgPrice": 20
        }
      },
      "categoryIds": ["w-health-beauty"],
      "similarProducts": []
    },
    {
      "id": "w-21867-9324401005121",
      "name": "Optislim Life Bar Caramel Crunch",
      "brand": "Optislim",
      "imageUrls": "https://cdn0.woolworths.media/content/wowproductimages/large/021867.jpg",
      "storeId": "woolworths",
      "packageSize": "5 pack",
      "cupPrice": "$3.33 / 100G",
      "locations": {
        "ALL": {
          "price": 10,
          "discountRate": 50,
          "promo": "",
          "orgPrice": 20
        }
      },
      "categoryIds": ["w-health-beauty"],
      "similarProducts": []
    },
    {
      "id": "w-870937-9324401008016",
      "name": "Optislim Life French Vanilla Shake",
      "brand": "Optislim",
      "imageUrls": "https://cdn0.woolworths.media/content/wowproductimages/large/870937.jpg",
      "storeId": "woolworths",
      "packageSize": "7 pack",
      "cupPrice": "$3.00 / 100G",
      "locations": {
        "ALL": {
          "price": 10.5,
          "discountRate": 50,
          "promo": "",
          "orgPrice": 21
        }
      },
      "categoryIds": ["w-health-beauty"],
      "similarProducts": []
    },
    {
      "id": "w-302209-4210201174134",
      "name": "Oral-b 3d White Electric Toothbrush Replacement Head",
      "brand": "Oral-b",
      "imageUrls": "https://cdn0.woolworths.media/content/wowproductimages/large/302209.jpg",
      "storeId": "woolworths",
      "packageSize": "2 refills",
      "cupPrice": "$6.70 / 1EA",
      "locations": {
        "ALL": {
          "price": 13.4,
          "discountRate": 20,
          "promo": "",
          "orgPrice": 16.75
        }
      },
      "categoryIds": ["w-health-beauty"],
      "similarProducts": []
    },
    {
      "id": "w-678275-4902430751872",
      "name": "Oral-b 3d White Glamorous White Toothpaste",
      "brand": "Oral-b",
      "imageUrls": "https://cdn0.woolworths.media/content/wowproductimages/large/678275.jpg",
      "storeId": "woolworths",
      "packageSize": "95g",
      "cupPrice": "$4.74 / 100G",
      "locations": {
        "ALL": {
          "price": 4.5,
          "discountRate": 50,
          "promo": "",
          "orgPrice": 9
        }
      },
      "categoryIds": ["w-health-beauty"],
      "similarProducts": [
        { "productId": "cw-86305", "storeId": "chemist-warehouse" }
      ]
    },
    {
      "id": "w-678277-4902430751865",
      "name": "Oral-b 3d White Luxe Diamond Strong Toothpaste",
      "brand": "Oral-b",
      "imageUrls": "https://cdn0.woolworths.media/content/wowproductimages/large/678277.jpg",
      "storeId": "woolworths",
      "packageSize": "95g",
      "cupPrice": "$4.74 / 100G",
      "locations": {
        "ALL": {
          "price": 4.5,
          "discountRate": 50,
          "promo": "",
          "orgPrice": 9
        }
      },
      "categoryIds": ["w-health-beauty"],
      "similarProducts": [
        { "productId": "cw-86304", "storeId": "chemist-warehouse" }
      ]
    },
    {
      "id": "w-426201-4902430670043",
      "name": "Oral-b 3d White Luxe Mouthwash Diamond Strong Clean Mint",
      "brand": "Oral-b",
      "imageUrls": "https://cdn0.woolworths.media/content/wowproductimages/large/426201.jpg",
      "storeId": "woolworths",
      "packageSize": "473ml",
      "cupPrice": "$1.33 / 100ML",
      "locations": {
        "ALL": {
          "price": 6.3,
          "discountRate": 30,
          "promo": "",
          "orgPrice": 9
        }
      },
      "categoryIds": ["w-health-beauty"],
      "similarProducts": []
    },
    {
      "id": "w-678300-4902430751889",
      "name": "Oral-b 3d White Perfection Toothpaste",
      "brand": "Oral-b",
      "imageUrls": "https://cdn0.woolworths.media/content/wowproductimages/large/678300.jpg",
      "storeId": "woolworths",
      "packageSize": "95g",
      "cupPrice": "$4.74 / 100G",
      "locations": {
        "ALL": {
          "price": 4.5,
          "discountRate": 50,
          "promo": "",
          "orgPrice": 9
        }
      },
      "categoryIds": ["w-health-beauty"],
      "similarProducts": []
    },
    {
      "id": "w-824855-4902430799607",
      "name": "Oral-b 3d White Therapy Toothpaste Enamel Care",
      "brand": "Oral-b",
      "imageUrls": "https://cdn0.woolworths.media/content/wowproductimages/large/824855.jpg",
      "storeId": "woolworths",
      "packageSize": "95g",
      "cupPrice": "$6.32 / 100G",
      "locations": {
        "ALL": { "price": 6, "discountRate": 50, "promo": "", "orgPrice": 12 }
      },
      "categoryIds": ["w-health-beauty"],
      "similarProducts": []
    },
    {
      "id": "w-80824-4902430883658",
      "name": "Oral-b 3d Whitening Therapy Charcoal",
      "brand": "Oral-b",
      "imageUrls": "https://cdn0.woolworths.media/content/wowproductimages/large/080824.jpg",
      "storeId": "woolworths",
      "packageSize": "95g",
      "cupPrice": "$6.32 / 100G",
      "locations": {
        "ALL": { "price": 6, "discountRate": 50, "promo": "", "orgPrice": 12 }
      },
      "categoryIds": ["w-health-beauty"],
      "similarProducts": []
    },
    {
      "id": "w-678302-4902430771481",
      "name": "Oral-b 5 Way Clean Toothbrush",
      "brand": "Oral-b",
      "imageUrls": "https://cdn0.woolworths.media/content/wowproductimages/large/678302.jpg",
      "storeId": "woolworths",
      "packageSize": "3 pack",
      "cupPrice": "$1.67 / 1EA",
      "locations": {
        "ALL": { "price": 5, "discountRate": 50, "promo": "", "orgPrice": 10 }
      },
      "categoryIds": ["w-health-beauty"],
      "similarProducts": []
    },
    {
      "id": "w-750314-3014260011888",
      "name": "Oral-b Complete 5 Way Clean Toothbrush Med",
      "brand": "Oral-b",
      "imageUrls": "https://cdn0.woolworths.media/content/wowproductimages/large/750314.jpg",
      "storeId": "woolworths",
      "packageSize": "1pk",
      "cupPrice": "$2.00 / 1EA",
      "locations": {
        "ALL": { "price": 2, "discountRate": 50, "promo": "", "orgPrice": 4 }
      },
      "categoryIds": ["w-health-beauty"],
      "similarProducts": []
    },
    {
      "id": "w-820440-4902430848572",
      "name": "Oral-b Cross Action 3d White Manual Toothbrush",
      "brand": "Oral-b",
      "imageUrls": "https://cdn0.woolworths.media/content/wowproductimages/large/820440.jpg",
      "storeId": "woolworths",
      "packageSize": "3 pack",
      "cupPrice": "$3.00 / 1EA",
      "locations": {
        "ALL": { "price": 9, "discountRate": 25, "promo": "", "orgPrice": 12 }
      },
      "categoryIds": ["w-health-beauty"],
      "similarProducts": []
    },
    {
      "id": "w-80548-4902430853736",
      "name": "Oral-b Cross Action Charcoal Manual Toothbrush",
      "brand": "Oral-b",
      "imageUrls": "https://cdn0.woolworths.media/content/wowproductimages/large/080548.jpg",
      "storeId": "woolworths",
      "packageSize": "each",
      "cupPrice": "$3.00 / 1EA",
      "locations": {
        "ALL": { "price": 3, "discountRate": 50, "promo": "", "orgPrice": 6 }
      },
      "categoryIds": ["w-health-beauty"],
      "similarProducts": []
    },
    {
      "id": "w-79840-4902430853750",
      "name": "Oral-b Cross Action Charcoal Manual Toothbrush",
      "brand": "Oral-b",
      "imageUrls": "https://cdn0.woolworths.media/content/wowproductimages/large/079840.jpg",
      "storeId": "woolworths",
      "packageSize": "3 pack",
      "cupPrice": "$3.00 / 1EA",
      "locations": {
        "ALL": { "price": 9, "discountRate": 25, "promo": "", "orgPrice": 12 }
      },
      "categoryIds": ["w-health-beauty"],
      "similarProducts": []
    },
    {
      "id": "w-83122-4902430848497",
      "name": "Oral-b Cross Action Ultrathin Manual Toothbrush",
      "brand": "Oral-b",
      "imageUrls": "https://cdn0.woolworths.media/content/wowproductimages/large/083122.jpg",
      "storeId": "woolworths",
      "packageSize": "each",
      "cupPrice": "$3.00 / 1EA",
      "locations": {
        "ALL": { "price": 3, "discountRate": 50, "promo": "", "orgPrice": 6 }
      },
      "categoryIds": ["w-health-beauty"],
      "similarProducts": [
        { "productId": "cw-90782", "storeId": "chemist-warehouse" }
      ]
    },
    {
      "id": "w-101697-9300647788707",
      "name": "Oral-b Dental Floss Satin Tape Mint 25 Meters",
      "brand": "Oral-b",
      "imageUrls": "https://cdn0.woolworths.media/content/wowproductimages/large/101697.jpg",
      "storeId": "woolworths",
      "packageSize": "each",
      "cupPrice": "$0.11 / 1M",
      "locations": {
        "ALL": {
          "price": 2.75,
          "discountRate": 30,
          "promo": "",
          "orgPrice": 3.95
        }
      },
      "categoryIds": ["w-health-beauty"],
      "similarProducts": []
    },
    {
      "id": "w-277130-4210201746348",
      "name": "Oral-b Electric Toothbrush Flossaction Heads",
      "brand": "Oral-b",
      "imageUrls": "https://cdn0.woolworths.media/content/wowproductimages/large/277130.jpg",
      "storeId": "woolworths",
      "packageSize": "2 pack",
      "cupPrice": "$6.70 / 1EA",
      "locations": {
        "ALL": {
          "price": 13.4,
          "discountRate": 20,
          "promo": "",
          "orgPrice": 16.75
        }
      },
      "categoryIds": ["w-health-beauty"],
      "similarProducts": []
    },
    {
      "id": "w-42966-9300647000342",
      "name": "Oral-b Essential Waxed Dental Floss Mint",
      "brand": "Oral-b",
      "imageUrls": "https://cdn0.woolworths.media/content/wowproductimages/large/042966.jpg",
      "storeId": "woolworths",
      "packageSize": "50m",
      "cupPrice": "$0.06 / 1M",
      "locations": {
        "ALL": {
          "price": 2.8,
          "discountRate": 30,
          "promo": "",
          "orgPrice": 4
        }
      },
      "categoryIds": ["w-health-beauty"],
      "similarProducts": []
    },
    {
      "id": "w-565575-4902430711548",
      "name": "Oral-b Gum Care & Enamel Restore Toothpaste Smooth Mint",
      "brand": "Oral-b",
      "imageUrls": "https://cdn0.woolworths.media/content/wowproductimages/large/565575.jpg",
      "storeId": "woolworths",
      "packageSize": "110g",
      "cupPrice": "$4.55 / 100G",
      "locations": {
        "ALL": { "price": 5, "discountRate": 50, "promo": "", "orgPrice": 10 }
      },
      "categoryIds": ["w-health-beauty"],
      "similarProducts": []
    },
    {
      "id": "w-565577-4902430713054",
      "name": "Oral-b Gum Care & Sensitive Repair Toothpaste",
      "brand": "Oral-b",
      "imageUrls": "https://cdn0.woolworths.media/content/wowproductimages/large/565577.jpg",
      "storeId": "woolworths",
      "packageSize": "110g",
      "cupPrice": "$4.55 / 100G",
      "locations": {
        "ALL": { "price": 5, "discountRate": 50, "promo": "", "orgPrice": 10 }
      },
      "categoryIds": ["w-health-beauty"],
      "similarProducts": [
        { "productId": "cw-82486", "storeId": "chemist-warehouse" }
      ]
    },
    {
      "id": "w-678323-4210201180852",
      "name": "Oral-b Gum Care Power Brush Refills",
      "brand": "Oral-b",
      "imageUrls": "https://cdn0.woolworths.media/content/wowproductimages/large/678323.jpg",
      "storeId": "woolworths",
      "packageSize": "2 pack",
      "cupPrice": "$6.70 / 1EA",
      "locations": {
        "ALL": {
          "price": 13.4,
          "discountRate": 20,
          "promo": "",
          "orgPrice": 16.75
        }
      },
      "categoryIds": ["w-health-beauty"],
      "similarProducts": []
    },
    {
      "id": "w-820436-4902430812740",
      "name": "Oral-b Gum Detoxify Intensive Clean Toothpaste",
      "brand": "Oral-b",
      "imageUrls": "https://cdn0.woolworths.media/content/wowproductimages/large/820436.jpg",
      "storeId": "woolworths",
      "packageSize": "110g",
      "cupPrice": "$5.45 / 100G",
      "locations": {
        "ALL": { "price": 6, "discountRate": 50, "promo": "", "orgPrice": 12 }
      },
      "categoryIds": ["w-health-beauty"],
      "similarProducts": [
        { "productId": "cw-90775", "storeId": "chemist-warehouse" }
      ]
    },
    {
      "id": "w-820438-4902430835732",
      "name": "Oral-b Junior Paste Star Wars",
      "brand": "Oral-b",
      "imageUrls": "https://cdn0.woolworths.media/content/wowproductimages/large/820438.jpg",
      "storeId": "woolworths",
      "packageSize": "92g",
      "cupPrice": "$1.90 / 100G",
      "locations": {
        "ALL": {
          "price": 1.75,
          "discountRate": 50,
          "promo": "",
          "orgPrice": 3.5
        }
      },
      "categoryIds": ["w-health-beauty"],
      "similarProducts": []
    },
    {
      "id": "w-820437-4902430835718",
      "name": "Oral-b Kids Paste Frozen",
      "brand": "Oral-b",
      "imageUrls": "https://cdn0.woolworths.media/content/wowproductimages/large/820437.jpg",
      "storeId": "woolworths",
      "packageSize": "92g",
      "cupPrice": "$1.90 / 100G",
      "locations": {
        "ALL": {
          "price": 1.75,
          "discountRate": 50,
          "promo": "",
          "orgPrice": 3.5
        }
      },
      "categoryIds": ["w-health-beauty"],
      "similarProducts": []
    },
    {
      "id": "w-820434-6903148269916",
      "name": "Oral-b Pro 100 3d White Polish Electric Toothbrush",
      "brand": "Oral-b",
      "imageUrls": "https://cdn0.woolworths.media/content/wowproductimages/large/820434.jpg",
      "storeId": "woolworths",
      "packageSize": "each",
      "cupPrice": "$35.00 / 1EA",
      "locations": {
        "ALL": {
          "price": 35,
          "discountRate": 50,
          "promo": "",
          "orgPrice": 70
        }
      },
      "categoryIds": ["w-health-beauty"],
      "similarProducts": []
    },
    {
      "id": "w-820433-6903148269749",
      "name": "Oral-b Pro 100 Crossaction Midnight Black Electric Toothbrush",
      "brand": "Oral-b",
      "imageUrls": "https://cdn0.woolworths.media/content/wowproductimages/large/820433.jpg",
      "storeId": "woolworths",
      "packageSize": "each",
      "cupPrice": "$35.00 / 1EA",
      "locations": {
        "ALL": {
          "price": 35,
          "discountRate": 50,
          "promo": "",
          "orgPrice": 70
        }
      },
      "categoryIds": ["w-health-beauty"],
      "similarProducts": []
    },
    {
      "id": "w-80121-6903148269923",
      "name": "Oral-b Pro 100 Floss Action Electric Toothbrush",
      "brand": "Oral-b",
      "imageUrls": "https://cdn0.woolworths.media/content/wowproductimages/large/080121.jpg",
      "storeId": "woolworths",
      "packageSize": "each",
      "cupPrice": "$35.00 / 1EA",
      "locations": {
        "ALL": {
          "price": 35,
          "discountRate": 50,
          "promo": "",
          "orgPrice": 70
        }
      },
      "categoryIds": ["w-health-beauty"],
      "similarProducts": []
    },
    {
      "id": "w-678305-4902430753166",
      "name": "Oral-b Pro Gumcare And Whitening Toothpaste",
      "brand": "Oral-b",
      "imageUrls": "https://cdn0.woolworths.media/content/wowproductimages/large/678305.jpg",
      "storeId": "woolworths",
      "packageSize": "110g",
      "cupPrice": "$4.55 / 100G",
      "locations": {
        "ALL": { "price": 5, "discountRate": 50, "promo": "", "orgPrice": 10 }
      },
      "categoryIds": ["w-health-beauty"],
      "similarProducts": []
    },
    {
      "id": "w-678321-4902430753104",
      "name": "Oral-b Pro Health Clean Mint Toothpaste",
      "brand": "Oral-b",
      "imageUrls": "https://cdn0.woolworths.media/content/wowproductimages/large/678321.jpg",
      "storeId": "woolworths",
      "packageSize": "190g",
      "cupPrice": "$1.84 / 100G",
      "locations": {
        "ALL": {
          "price": 3.5,
          "discountRate": 50,
          "promo": "",
          "orgPrice": 7
        }
      },
      "categoryIds": ["w-health-beauty"],
      "similarProducts": [
        { "productId": "cw-86316", "storeId": "chemist-warehouse" }
      ]
    },
    {
      "id": "w-426213-4902430670258",
      "name": "Oral-b Pro Health Fluoride Toothpaste Advanced Deep Clean Mint",
      "brand": "Oral-b",
      "imageUrls": "https://cdn0.woolworths.media/content/wowproductimages/large/426213.jpg",
      "storeId": "woolworths",
      "packageSize": "110g",
      "cupPrice": "$2.23 / 100G",
      "locations": {
        "ALL": {
          "price": 2.45,
          "discountRate": 51,
          "promo": "",
          "orgPrice": 4.99
        }
      },
      "categoryIds": ["w-health-beauty"],
      "similarProducts": []
    },
    {
      "id": "w-678320-4902430753128",
      "name": "Oral-b Pro Health Fresh Mint Toothpaste",
      "brand": "Oral-b",
      "imageUrls": "https://cdn0.woolworths.media/content/wowproductimages/large/678320.jpg",
      "storeId": "woolworths",
      "packageSize": "190g",
      "cupPrice": "$1.84 / 100G",
      "locations": {
        "ALL": {
          "price": 3.5,
          "discountRate": 50,
          "promo": "",
          "orgPrice": 7
        }
      },
      "categoryIds": ["w-health-beauty"],
      "similarProducts": [
        { "productId": "cw-86317", "storeId": "chemist-warehouse" }
      ]
    },
    {
      "id": "w-426208-4902430670265",
      "name": "Oral-b Pro Health Toothpaste Advanced Whitening",
      "brand": "Oral-b",
      "imageUrls": "https://cdn0.woolworths.media/content/wowproductimages/large/426208.jpg",
      "storeId": "woolworths",
      "packageSize": "110g",
      "cupPrice": "$2.23 / 100G",
      "locations": {
        "ALL": {
          "price": 2.45,
          "discountRate": 51,
          "promo": "",
          "orgPrice": 4.99
        }
      },
      "categoryIds": ["w-health-beauty"],
      "similarProducts": []
    },
    {
      "id": "w-81286-4902430883665",
      "name": "Oral-b Pro-health Advanced All Around Protection Toothpaste",
      "brand": "Oral-b",
      "imageUrls": "https://cdn0.woolworths.media/content/wowproductimages/large/081286.jpg",
      "storeId": "woolworths",
      "packageSize": "110g",
      "cupPrice": "$2.27 / 100G",
      "locations": {
        "ALL": {
          "price": 2.5,
          "discountRate": 50,
          "promo": "",
          "orgPrice": 5
        }
      },
      "categoryIds": ["w-health-beauty"],
      "similarProducts": []
    },
    {
      "id": "w-82143-4902430883672",
      "name": "Oral-b Pro-health Advanced Gum Protect Toothpaste",
      "brand": "Oral-b",
      "imageUrls": "https://cdn0.woolworths.media/content/wowproductimages/large/082143.jpg",
      "storeId": "woolworths",
      "packageSize": "110g",
      "cupPrice": "$2.27 / 100G",
      "locations": {
        "ALL": {
          "price": 2.5,
          "discountRate": 50,
          "promo": "",
          "orgPrice": 5
        }
      },
      "categoryIds": ["w-health-beauty"],
      "similarProducts": []
    },
    {
      "id": "w-81562-4902430905961",
      "name": "Oral-b Pure Enamel Care Fluoride Toothpaste Soft Mint",
      "brand": "Oral-b",
      "imageUrls": "https://cdn0.woolworths.media/content/wowproductimages/large/081562.jpg",
      "storeId": "woolworths",
      "packageSize": "100g",
      "cupPrice": "$5.00 / 100G",
      "locations": {
        "ALL": { "price": 5, "discountRate": 50, "promo": "", "orgPrice": 10 }
      },
      "categoryIds": ["w-health-beauty"],
      "similarProducts": []
    },
    {
      "id": "w-81610-4902430905985",
      "name": "Oral-b Pure Multi-protect Fluoride Toothpaste Eucalyptus Mint",
      "brand": "Oral-b",
      "imageUrls": "https://cdn0.woolworths.media/content/wowproductimages/large/081610.jpg",
      "storeId": "woolworths",
      "packageSize": "100g",
      "cupPrice": "$5.00 / 100G",
      "locations": {
        "ALL": { "price": 5, "discountRate": 50, "promo": "", "orgPrice": 10 }
      },
      "categoryIds": ["w-health-beauty"],
      "similarProducts": []
    },
    {
      "id": "w-169614-3014260279547",
      "name": "Oral-b Stages 2 Manual Toothbrush 2-4 Years Winnie The Pooh",
      "brand": "Oral-b",
      "imageUrls": "https://cdn0.woolworths.media/content/wowproductimages/large/169614.jpg",
      "storeId": "woolworths",
      "packageSize": "each",
      "cupPrice": "$1.77 / 1EA",
      "locations": {
        "ALL": {
          "price": 1.77,
          "discountRate": 50,
          "promo": "",
          "orgPrice": 3.55
        }
      },
      "categoryIds": ["w-health-beauty"],
      "similarProducts": []
    },
    {
      "id": "w-169612-3014260279530",
      "name": "Oral-b Stages 3 Manual Toothbrush 5-7 Years Disney Princess",
      "brand": "Oral-b",
      "imageUrls": "https://cdn0.woolworths.media/content/wowproductimages/large/169612.jpg",
      "storeId": "woolworths",
      "packageSize": "each",
      "cupPrice": "$1.77 / 1EA",
      "locations": {
        "ALL": {
          "price": 1.77,
          "discountRate": 50,
          "promo": "",
          "orgPrice": 3.55
        }
      },
      "categoryIds": ["w-health-beauty"],
      "similarProducts": []
    },
    {
      "id": "w-573381-4902430744669",
      "name": "Oral-b Stages Kids Power Toothbrush",
      "brand": "Oral-b",
      "imageUrls": "https://cdn0.woolworths.media/content/wowproductimages/large/573381.jpg",
      "storeId": "woolworths",
      "packageSize": "each",
      "cupPrice": "$22.50 / 1EA",
      "locations": {
        "ALL": {
          "price": 22.5,
          "discountRate": 50,
          "promo": "",
          "orgPrice": 45
        }
      },
      "categoryIds": ["w-health-beauty"],
      "similarProducts": []
    },
    {
      "id": "w-824925-4902430848435",
      "name": "Oral-b Toothbrush 7 Benefits Pro Health",
      "brand": "Oral-b",
      "imageUrls": "https://cdn0.woolworths.media/content/wowproductimages/large/824925.jpg",
      "storeId": "woolworths",
      "packageSize": "each",
      "cupPrice": "$3.00 / 1EA",
      "locations": {
        "ALL": { "price": 3, "discountRate": 50, "promo": "", "orgPrice": 6 }
      },
      "categoryIds": ["w-health-beauty"],
      "similarProducts": []
    },
    {
      "id": "w-376687-4210201856160",
      "name": "Oral-b Vitality Plus Floss Action Power Toothbrush",
      "brand": "Oral-b",
      "imageUrls": "https://cdn0.woolworths.media/content/wowproductimages/large/376687.jpg",
      "storeId": "woolworths",
      "packageSize": "each",
      "cupPrice": "$22.50 / 1EA",
      "locations": {
        "ALL": {
          "price": 22.5,
          "discountRate": 50,
          "promo": "",
          "orgPrice": 45
        }
      },
      "categoryIds": ["w-health-beauty"],
      "similarProducts": []
    },
    {
      "id": "w-332537-4210201829416",
      "name": "Oral-b Vitality Precision Clean Power Toothbrush",
      "brand": "Oral-b",
      "imageUrls": "https://cdn0.woolworths.media/content/wowproductimages/large/332537.jpg",
      "storeId": "woolworths",
      "packageSize": "each",
      "cupPrice": "$22.50 / 1EA",
      "locations": {
        "ALL": {
          "price": 22.5,
          "discountRate": 50,
          "promo": "",
          "orgPrice": 45
        }
      },
      "categoryIds": ["w-health-beauty"],
      "similarProducts": []
    },
    {
      "id": "w-376691-4210201856191",
      "name": "Oral-b Vitality Sensitive Clean Power Toothbrush",
      "brand": "Oral-b",
      "imageUrls": "https://cdn0.woolworths.media/content/wowproductimages/large/376691.jpg",
      "storeId": "woolworths",
      "packageSize": "each",
      "cupPrice": "$22.50 / 1EA",
      "locations": {
        "ALL": {
          "price": 22.5,
          "discountRate": 50,
          "promo": "",
          "orgPrice": 45
        }
      },
      "categoryIds": ["w-health-beauty"],
      "similarProducts": []
    },
    {
      "id": "w-759589-9310692421276",
      "name": "Organic Care Conditioner Normal",
      "brand": "Organic Care",
      "imageUrls": "https://cdn0.woolworths.media/content/wowproductimages/large/759589.jpg",
      "storeId": "woolworths",
      "packageSize": "725ml",
      "cupPrice": "$0.69 / 100ML",
      "locations": {
        "ALL": { "price": 5, "discountRate": 17, "promo": "", "orgPrice": 6 }
      },
      "categoryIds": ["w-health-beauty"],
      "similarProducts": []
    },
    {
      "id": "w-759539-9310692422174",
      "name": "Organic Care Dry Shampoo",
      "brand": "Organic Care",
      "imageUrls": "https://cdn0.woolworths.media/content/wowproductimages/large/759539.jpg",
      "storeId": "woolworths",
      "packageSize": "725ml",
      "cupPrice": "$0.69 / 100ML",
      "locations": {
        "ALL": { "price": 5, "discountRate": 17, "promo": "", "orgPrice": 6 }
      },
      "categoryIds": ["w-health-beauty"],
      "similarProducts": []
    },
    {
      "id": "w-759611-9310692421177",
      "name": "Organic Care Shampoo Normal",
      "brand": "Organic Care",
      "imageUrls": "https://cdn0.woolworths.media/content/wowproductimages/large/759611.jpg",
      "storeId": "woolworths",
      "packageSize": "725ml",
      "cupPrice": "$0.69 / 100ML",
      "locations": {
        "ALL": { "price": 5, "discountRate": 17, "promo": "", "orgPrice": 6 }
      },
      "categoryIds": ["w-health-beauty"],
      "similarProducts": []
    },
    {
      "id": "w-705839-9316090500506",
      "name": "Ostelin Calcium & Vitamin D3 Tablets",
      "brand": "Ostelin",
      "imageUrls": "https://cdn0.woolworths.media/content/wowproductimages/large/705839.jpg",
      "storeId": "woolworths",
      "packageSize": "130 pack",
      "cupPrice": "$10.00 / 100EA",
      "locations": {
        "ALL": {
          "price": 13,
          "discountRate": 50,
          "promo": "",
          "orgPrice": 26
        }
      },
      "categoryIds": ["w-health-beauty"],
      "similarProducts": [
        { "productId": "cw-58664", "storeId": "chemist-warehouse" },
        { "productId": "cw-54252", "storeId": "chemist-warehouse" }
      ]
    },
    {
      "id": "w-92261-9349830007805",
      "name": "Oz Guard Hand Sanitiser",
      "brand": "Oz Guard",
      "imageUrls": "https://cdn0.woolworths.media/content/wowproductimages/large/092261.JPG",
      "storeId": "woolworths",
      "packageSize": "60ml",
      "cupPrice": "$5.83 / 100ML",
      "locations": {
        "ALL": {
          "price": 3.5,
          "discountRate": 13,
          "promo": "",
          "orgPrice": 4
        }
      },
      "categoryIds": ["w-health-beauty"],
      "similarProducts": []
    },
    {
      "id": "w-94315-9349830007775",
      "name": "Ozguard Hand Sanitiser",
      "brand": "Ozguard",
      "imageUrls": "https://cdn0.woolworths.media/content/wowproductimages/large/094315.jpg",
      "storeId": "woolworths",
      "packageSize": "350ml",
      "cupPrice": "$2.29 / 100ML",
      "locations": {
        "ALL": { "price": 8, "discountRate": 20, "promo": "", "orgPrice": 10 }
      },
      "categoryIds": ["w-health-beauty"],
      "similarProducts": []
    },
    {
      "id": "w-94314-9349830007782",
      "name": "Ozguard Hand Sanitiser",
      "brand": "Ozguard",
      "imageUrls": "https://cdn0.woolworths.media/content/wowproductimages/large/094314.jpg",
      "storeId": "woolworths",
      "packageSize": "750ml",
      "cupPrice": "$1.73 / 100ML",
      "locations": {
        "ALL": {
          "price": 13,
          "discountRate": 13,
          "promo": "",
          "orgPrice": 15
        }
      },
      "categoryIds": ["w-health-beauty"],
      "similarProducts": []
    },
    {
      "id": "w-210811-8850006532607",
      "name": "Palmolive Aromatherapy Anti-stress Body Wash Ylang Ylang & Iris",
      "brand": "Palmolive",
      "imageUrls": "https://cdn0.woolworths.media/content/wowproductimages/large/210811.jpg",
      "storeId": "woolworths",
      "packageSize": "500ml",
      "cupPrice": "$1.00 / 100ML",
      "locations": {
        "ALL": { "price": 5, "discountRate": 7, "promo": "", "orgPrice": 5.4 }
      },
      "categoryIds": ["w-health-beauty"],
      "similarProducts": [
        { "productId": "cw-80035", "storeId": "chemist-warehouse" }
      ]
    },
    {
      "id": "w-43746-8850006931981",
      "name": "Palmolive Clarifying Micellar Hair Shampoo Rose Oil",
      "brand": "Palmolive",
      "imageUrls": "https://cdn0.woolworths.media/content/wowproductimages/large/043746.jpg",
      "storeId": "woolworths",
      "packageSize": "370ml",
      "cupPrice": "$1.08 / 100ML",
      "locations": {
        "ALL": { "price": 4, "discountRate": 50, "promo": "", "orgPrice": 8 }
      },
      "categoryIds": ["w-health-beauty"],
      "similarProducts": []
    },
    {
      "id": "w-842626-8850006493205",
      "name": "Palmolive Kids 3 In 1 Bodywash Shampoo & Conditioner Happy Apple",
      "brand": "Palmolive",
      "imageUrls": "https://cdn0.woolworths.media/content/wowproductimages/large/842626.jpg",
      "storeId": "woolworths",
      "packageSize": "350ml",
      "cupPrice": "$0.71 / 100ML",
      "locations": {
        "ALL": {
          "price": 2.5,
          "discountRate": 50,
          "promo": "",
          "orgPrice": 5
        }
      },
      "categoryIds": ["w-health-beauty"],
      "similarProducts": []
    },
    {
      "id": "w-814206-8850006480878",
      "name": "Palmolive Luminous Oils Coconut Oil & Frangipani Enriching Body Wash",
      "brand": "Palmolive",
      "imageUrls": "https://cdn0.woolworths.media/content/wowproductimages/large/814206.jpg",
      "storeId": "woolworths",
      "packageSize": "400ml",
      "cupPrice": "$0.75 / 100ML",
      "locations": {
        "ALL": { "price": 3, "discountRate": 50, "promo": "", "orgPrice": 6 }
      },
      "categoryIds": ["w-health-beauty"],
      "similarProducts": []
    },
    {
      "id": "w-676541-8850006480854",
      "name": "Palmolive Luminous Oils Macadamia Oil & Peony Invigorating Body Wash",
      "brand": "Palmolive",
      "imageUrls": "https://cdn0.woolworths.media/content/wowproductimages/large/676541.jpg",
      "storeId": "woolworths",
      "packageSize": "400ml",
      "cupPrice": "$0.75 / 100ML",
      "locations": {
        "ALL": { "price": 3, "discountRate": 50, "promo": "", "orgPrice": 6 }
      },
      "categoryIds": ["w-health-beauty"],
      "similarProducts": []
    },
    {
      "id": "w-791621-8850006481332",
      "name": "Palmolive Luminous Oils Moroccan Argan Oil & Camellia Protect Shampoo",
      "brand": "Palmolive",
      "imageUrls": "https://cdn0.woolworths.media/content/wowproductimages/large/791621.jpg",
      "storeId": "woolworths",
      "packageSize": "350ml",
      "cupPrice": "$0.71 / 100ML",
      "locations": {
        "ALL": {
          "price": 2.5,
          "discountRate": 50,
          "promo": "",
          "orgPrice": 5
        }
      },
      "categoryIds": ["w-health-beauty"],
      "similarProducts": []
    },
    {
      "id": "w-792531-8850006481356",
      "name": "Palmolive Luminous Oils Moroccan Argan Oil Camellia Hair Conditioner",
      "brand": "Palmolive",
      "imageUrls": "https://cdn0.woolworths.media/content/wowproductimages/large/792531.jpg",
      "storeId": "woolworths",
      "packageSize": "350ml",
      "cupPrice": "$0.71 / 100ML",
      "locations": {
        "ALL": {
          "price": 2.5,
          "discountRate": 50,
          "promo": "",
          "orgPrice": 5
        }
      },
      "categoryIds": ["w-health-beauty"],
      "similarProducts": []
    },
    {
      "id": "w-792534-8850006481363",
      "name": "Palmolive Luminous Oils Rose Petal Oil & Bamboo Renew Hair Conditioner",
      "brand": "Palmolive",
      "imageUrls": "https://cdn0.woolworths.media/content/wowproductimages/large/792534.jpg",
      "storeId": "woolworths",
      "packageSize": "350ml",
      "cupPrice": "$0.71 / 100ML",
      "locations": {
        "ALL": {
          "price": 2.5,
          "discountRate": 50,
          "promo": "",
          "orgPrice": 5
        }
      },
      "categoryIds": ["w-health-beauty"],
      "similarProducts": []
    },
    {
      "id": "w-792532-8850006481349",
      "name": "Palmolive Luminous Oils Rose Petal Oil & Bamboo Restore & Renew Shampoo",
      "brand": "Palmolive",
      "imageUrls": "https://cdn0.woolworths.media/content/wowproductimages/large/792532.jpg",
      "storeId": "woolworths",
      "packageSize": "350ml",
      "cupPrice": "$0.71 / 100ML",
      "locations": {
        "ALL": {
          "price": 2.5,
          "discountRate": 50,
          "promo": "",
          "orgPrice": 5
        }
      },
      "categoryIds": ["w-health-beauty"],
      "similarProducts": []
    },
    {
      "id": "w-381210-8850006535424",
      "name": "Palmolive Men Active Soap Free Body Wash With Sea Minerals",
      "brand": "Palmolive",
      "imageUrls": "https://cdn0.woolworths.media/content/wowproductimages/large/381210.jpg",
      "storeId": "woolworths",
      "packageSize": "1l",
      "cupPrice": "$0.70 / 100ML",
      "locations": {
        "ALL": {
          "price": 7,
          "discountRate": 18,
          "promo": "",
          "orgPrice": 8.5
        }
      },
      "categoryIds": ["w-health-beauty"],
      "similarProducts": [
        { "productId": "cw-75852", "storeId": "chemist-warehouse" }
      ]
    },
    {
      "id": "w-839868-8850006493519",
      "name": "Palmolive Men Deep Clean Soap Free Body Wash Exfoliating",
      "brand": "Palmolive",
      "imageUrls": "https://cdn0.woolworths.media/content/wowproductimages/large/839868.jpg",
      "storeId": "woolworths",
      "packageSize": "500ml",
      "cupPrice": "$1.00 / 100ML",
      "locations": {
        "ALL": { "price": 5, "discountRate": 7, "promo": "", "orgPrice": 5.4 }
      },
      "categoryIds": ["w-health-beauty"],
      "similarProducts": []
    },
    {
      "id": "w-43755-8850006931974",
      "name": "Palmolive Micellar Conditioner Geranium Orange Oil",
      "brand": "Palmolive",
      "imageUrls": "https://cdn0.woolworths.media/content/wowproductimages/large/043755.jpg",
      "storeId": "woolworths",
      "packageSize": "370ml",
      "cupPrice": "$1.08 / 100ML",
      "locations": {
        "ALL": { "price": 4, "discountRate": 50, "promo": "", "orgPrice": 8 }
      },
      "categoryIds": ["w-health-beauty"],
      "similarProducts": []
    },
    {
      "id": "w-43753-8850006931998",
      "name": "Palmolive Micellar Healthy Shine Shampoo Geranium & Orange Oil",
      "brand": "Palmolive",
      "imageUrls": "https://cdn0.woolworths.media/content/wowproductimages/large/043753.jpg",
      "storeId": "woolworths",
      "packageSize": "370ml",
      "cupPrice": "$1.08 / 100ML",
      "locations": {
        "ALL": { "price": 4, "discountRate": 50, "promo": "", "orgPrice": 8 }
      },
      "categoryIds": ["w-health-beauty"],
      "similarProducts": []
    },
    {
      "id": "w-842530-8850006493137",
      "name": "Palmolive Naturals Anti-dandruff 2in1 Shampoo & Hair Conditioner",
      "brand": "Palmolive",
      "imageUrls": "https://cdn0.woolworths.media/content/wowproductimages/large/842530.jpg",
      "storeId": "woolworths",
      "packageSize": "350ml",
      "cupPrice": "$0.64 / 100ML",
      "locations": {
        "ALL": {
          "price": 2.25,
          "discountRate": 50,
          "promo": "",
          "orgPrice": 4.5
        }
      },
      "categoryIds": ["w-health-beauty"],
      "similarProducts": []
    },
    {
      "id": "w-381212-8850006536223",
      "name": "Palmolive Naturals Calming Moisture Body Wash Milk & Cherry Blossom",
      "brand": "Palmolive",
      "imageUrls": "https://cdn0.woolworths.media/content/wowproductimages/large/381212.jpg",
      "storeId": "woolworths",
      "packageSize": "1l",
      "cupPrice": "$0.70 / 100ML",
      "locations": {
        "ALL": {
          "price": 7,
          "discountRate": 18,
          "promo": "",
          "orgPrice": 8.5
        }
      },
      "categoryIds": ["w-health-beauty"],
      "similarProducts": []
    },
    {
      "id": "w-182847-8850006531464",
      "name": "Palmolive Naturals Hydrating Soap Free Body Wash Sea Minerals",
      "brand": "Palmolive",
      "imageUrls": "https://cdn0.woolworths.media/content/wowproductimages/large/182847.jpg",
      "storeId": "woolworths",
      "packageSize": "500ml",
      "cupPrice": "$1.00 / 100ML",
      "locations": {
        "ALL": { "price": 5, "discountRate": 7, "promo": "", "orgPrice": 5.4 }
      },
      "categoryIds": ["w-health-beauty"],
      "similarProducts": []
    },
    {
      "id": "w-381697-8850006536230",
      "name": "Palmolive Naturals Hydrating Soap Free Body Wash Sea Minerals",
      "brand": "Palmolive",
      "imageUrls": "https://cdn0.woolworths.media/content/wowproductimages/large/381697.jpg",
      "storeId": "woolworths",
      "packageSize": "1l",
      "cupPrice": "$0.70 / 100ML",
      "locations": {
        "ALL": {
          "price": 7,
          "discountRate": 18,
          "promo": "",
          "orgPrice": 8.5
        }
      },
      "categoryIds": ["w-health-beauty"],
      "similarProducts": []
    },
    {
      "id": "w-786292-8850006492864",
      "name": "Palmolive Naturals Irresistible Softness Body Wash Milk & Orchid",
      "brand": "Palmolive",
      "imageUrls": "https://cdn0.woolworths.media/content/wowproductimages/large/786292.jpg",
      "storeId": "woolworths",
      "packageSize": "1l",
      "cupPrice": "$0.70 / 100ML",
      "locations": {
        "ALL": {
          "price": 7,
          "discountRate": 18,
          "promo": "",
          "orgPrice": 8.5
        }
      },
      "categoryIds": ["w-health-beauty"],
      "similarProducts": []
    },
    {
      "id": "w-814008-8850006481295",
      "name": "Palmolive Naturals Mild & Sensitive Hypoallergenic Milk Body Wash",
      "brand": "Palmolive",
      "imageUrls": "https://cdn0.woolworths.media/content/wowproductimages/large/814008.jpg",
      "storeId": "woolworths",
      "packageSize": "1l",
      "cupPrice": "$0.70 / 100ML",
      "locations": {
        "ALL": {
          "price": 7,
          "discountRate": 18,
          "promo": "",
          "orgPrice": 8.5
        }
      },
      "categoryIds": ["w-health-beauty"],
      "similarProducts": []
    },
    {
      "id": "w-381208-8850006536247",
      "name": "Palmolive Naturals Pomegranate & Mango Soap Free Body Wash",
      "brand": "Palmolive",
      "imageUrls": "https://cdn0.woolworths.media/content/wowproductimages/large/381208.jpg",
      "storeId": "woolworths",
      "packageSize": "1l",
      "cupPrice": "$0.70 / 100ML",
      "locations": {
        "ALL": {
          "price": 7,
          "discountRate": 18,
          "promo": "",
          "orgPrice": 8.5
        }
      },
      "categoryIds": ["w-health-beauty"],
      "similarProducts": []
    },
    {
      "id": "w-381207-8850006533000",
      "name": "Palmolive Naturals Rich Moisture Soap Free Body Wash Milk & Honey",
      "brand": "Palmolive",
      "imageUrls": "https://cdn0.woolworths.media/content/wowproductimages/large/381207.jpg",
      "storeId": "woolworths",
      "packageSize": "1l",
      "cupPrice": "$0.70 / 100ML",
      "locations": {
        "ALL": {
          "price": 7,
          "discountRate": 18,
          "promo": "",
          "orgPrice": 8.5
        }
      },
      "categoryIds": ["w-health-beauty"],
      "similarProducts": [
        { "productId": "cw-63255", "storeId": "chemist-warehouse" },
        { "productId": "cw-63795", "storeId": "chemist-warehouse" }
      ]
    },
    {
      "id": "w-163938-8850006531105",
      "name": "Palmolive Naturals Rich Moisture Soap Free Body Wash Milk & Honey",
      "brand": "Palmolive",
      "imageUrls": "https://cdn0.woolworths.media/content/wowproductimages/large/163938.jpg",
      "storeId": "woolworths",
      "packageSize": "500ml",
      "cupPrice": "$1.00 / 100ML",
      "locations": {
        "ALL": { "price": 5, "discountRate": 7, "promo": "", "orgPrice": 5.4 }
      },
      "categoryIds": ["w-health-beauty"],
      "similarProducts": [
        { "productId": "cw-63255", "storeId": "chemist-warehouse" },
        { "productId": "cw-63795", "storeId": "chemist-warehouse" }
      ]
    },
    {
      "id": "w-251043-8850006533390",
      "name": "Palmolive Naturals Ultra Moisture Body Wash Milk & Shea Butter",
      "brand": "Palmolive",
      "imageUrls": "https://cdn0.woolworths.media/content/wowproductimages/large/251043.jpg",
      "storeId": "woolworths",
      "packageSize": "500ml",
      "cupPrice": "$1.00 / 100ML",
      "locations": {
        "ALL": { "price": 5, "discountRate": 7, "promo": "", "orgPrice": 5.4 }
      },
      "categoryIds": ["w-health-beauty"],
      "similarProducts": []
    },
    {
      "id": "w-24780-8850006481271",
      "name": "Palmolive Shower Gel Moroccan And Argan Oil",
      "brand": "Palmolive",
      "imageUrls": "https://cdn0.woolworths.media/content/wowproductimages/large/024780.jpg",
      "storeId": "woolworths",
      "packageSize": "500ml",
      "cupPrice": "$1.00 / 100ML",
      "locations": {
        "ALL": { "price": 5, "discountRate": 7, "promo": "", "orgPrice": 5.4 }
      },
      "categoryIds": ["w-health-beauty"],
      "similarProducts": []
    },
    {
      "id": "w-770450-9300673840479",
      "name": "Panadol Extra With Optizorb Paracetamol Pain Relief",
      "brand": "Panadol",
      "imageUrls": "https://cdn0.woolworths.media/content/wowproductimages/large/770450.jpg",
      "storeId": "woolworths",
      "packageSize": "20 pack",
      "cupPrice": "$0.29 / 1EA",
      "locations": {
        "ALL": {
          "price": 5.7,
          "discountRate": 21,
          "promo": "",
          "orgPrice": 7.2
        }
      },
      "categoryIds": ["w-health-beauty"],
      "similarProducts": [
        { "productId": "cw-69140", "storeId": "chemist-warehouse" },
        { "productId": "cw-69139", "storeId": "chemist-warehouse" }
      ]
    },
    {
      "id": "w-321507-9300673884329",
      "name": "Panadol Paracetamol Cold + Flu Plus Decongestant",
      "brand": "Panadol",
      "imageUrls": "https://cdn0.woolworths.media/content/wowproductimages/large/321507.jpg",
      "storeId": "woolworths",
      "packageSize": "20 pack",
      "cupPrice": "$0.58 / 1EA",
      "locations": {
        "ALL": {
          "price": 11,
          "discountRate": 15,
          "promo": "",
          "orgPrice": 13
        }
      },
      "categoryIds": ["w-health-beauty"],
      "similarProducts": []
    },
    {
      "id": "w-679031-4902430790628",
      "name": "Pantene 3 Minute Miracle Daily Moisture Renewal Conditioner",
      "brand": "Pantene",
      "imageUrls": "https://cdn0.woolworths.media/content/wowproductimages/large/679031.jpg",
      "storeId": "woolworths",
      "packageSize": "400ml",
      "cupPrice": "$1.88 / 100ML",
      "locations": {
        "ALL": {
          "price": 7.5,
          "discountRate": 44,
          "promo": "",
          "orgPrice": 13.5
        }
      },
      "categoryIds": ["w-health-beauty"],
      "similarProducts": [
        { "productId": "cw-79299", "storeId": "chemist-warehouse" },
        { "productId": "cw-87072", "storeId": "chemist-warehouse" }
      ]
    },
    {
      "id": "w-679019-4902430790642",
      "name": "Pantene Colour Protect 3min Conditioner",
      "brand": "Pantene",
      "imageUrls": "https://cdn0.woolworths.media/content/wowproductimages/large/679019.jpg",
      "storeId": "woolworths",
      "packageSize": "400ml",
      "cupPrice": "$1.88 / 100ML",
      "locations": {
        "ALL": {
          "price": 7.5,
          "discountRate": 44,
          "promo": "",
          "orgPrice": 13.5
        }
      },
      "categoryIds": ["w-health-beauty"],
      "similarProducts": []
    },
    {
      "id": "w-820426-4902430858427",
      "name": "Pantene Conditioner Micellar",
      "brand": "Pantene",
      "imageUrls": "https://cdn0.woolworths.media/content/wowproductimages/large/820426.jpg",
      "storeId": "woolworths",
      "packageSize": "300ml",
      "cupPrice": "$2.17 / 100ML",
      "locations": {
        "ALL": {
          "price": 6.5,
          "discountRate": 50,
          "promo": "",
          "orgPrice": 13
        }
      },
      "categoryIds": ["w-health-beauty"],
      "similarProducts": []
    },
    {
      "id": "w-820428-4902430858724",
      "name": "Pantene Pro V Blends Micellar Conditioner",
      "brand": "Pantene",
      "imageUrls": "https://cdn0.woolworths.media/content/wowproductimages/large/820428.jpg",
      "storeId": "woolworths",
      "packageSize": "300ml",
      "cupPrice": "$2.17 / 100ML",
      "locations": {
        "ALL": {
          "price": 6.5,
          "discountRate": 50,
          "promo": "",
          "orgPrice": 13
        }
      },
      "categoryIds": ["w-health-beauty"],
      "similarProducts": [
        { "productId": "cw-91559", "storeId": "chemist-warehouse" },
        { "productId": "cw-91558", "storeId": "chemist-warehouse" }
      ]
    },
    {
      "id": "w-820430-4902430858465",
      "name": "Pantene Pro V Blends Micellar Aloe Conditioner",
      "brand": "Pantene",
      "imageUrls": "https://cdn0.woolworths.media/content/wowproductimages/large/820430.jpg",
      "storeId": "woolworths",
      "packageSize": "300ml",
      "cupPrice": "$2.17 / 100ML",
      "locations": {
        "ALL": {
          "price": 6.5,
          "discountRate": 50,
          "promo": "",
          "orgPrice": 13
        }
      },
      "categoryIds": ["w-health-beauty"],
      "similarProducts": [
        { "productId": "cw-91550", "storeId": "chemist-warehouse" },
        { "productId": "cw-91551", "storeId": "chemist-warehouse" }
      ]
    },
    {
      "id": "w-852213-4902430858717",
      "name": "Pantene Pro V Blends Micellar Aloe Conditioner",
      "brand": "Pantene",
      "imageUrls": "https://cdn0.woolworths.media/content/wowproductimages/large/852213.jpg",
      "storeId": "woolworths",
      "packageSize": "530ml",
      "cupPrice": "$1.70 / 100ML",
      "locations": {
        "ALL": { "price": 9, "discountRate": 50, "promo": "", "orgPrice": 18 }
      },
      "categoryIds": ["w-health-beauty"],
      "similarProducts": [
        { "productId": "cw-91550", "storeId": "chemist-warehouse" },
        { "productId": "cw-91551", "storeId": "chemist-warehouse" }
      ]
    },
    {
      "id": "w-820427-4902430858700",
      "name": "Pantene Pro V Blends Micellar Aloe Shampoo",
      "brand": "Pantene",
      "imageUrls": "https://cdn0.woolworths.media/content/wowproductimages/large/820427.jpg",
      "storeId": "woolworths",
      "packageSize": "300ml",
      "cupPrice": "$2.17 / 100ML",
      "locations": {
        "ALL": {
          "price": 6.5,
          "discountRate": 50,
          "promo": "",
          "orgPrice": 13
        }
      },
      "categoryIds": ["w-health-beauty"],
      "similarProducts": [
        { "productId": "cw-91552", "storeId": "chemist-warehouse" },
        { "productId": "cw-91553", "storeId": "chemist-warehouse" }
      ]
    },
    {
      "id": "w-852210-4902430858731",
      "name": "Pantene Pro V Blends Micellar Aloe Shampoo",
      "brand": "Pantene",
      "imageUrls": "https://cdn0.woolworths.media/content/wowproductimages/large/852210.jpg",
      "storeId": "woolworths",
      "packageSize": "530ml",
      "cupPrice": "$1.70 / 100ML",
      "locations": {
        "ALL": { "price": 9, "discountRate": 50, "promo": "", "orgPrice": 18 }
      },
      "categoryIds": ["w-health-beauty"],
      "similarProducts": [
        { "productId": "cw-91552", "storeId": "chemist-warehouse" },
        { "productId": "cw-91553", "storeId": "chemist-warehouse" }
      ]
    },
    {
      "id": "w-820429-4902430858441",
      "name": "Pantene Pro V Blends Micellar Charcoal Conditioner",
      "brand": "Pantene",
      "imageUrls": "https://cdn0.woolworths.media/content/wowproductimages/large/820429.jpg",
      "storeId": "woolworths",
      "packageSize": "300ml",
      "cupPrice": "$2.17 / 100ML",
      "locations": {
        "ALL": {
          "price": 6.5,
          "discountRate": 50,
          "promo": "",
          "orgPrice": 13
        }
      },
      "categoryIds": ["w-health-beauty"],
      "similarProducts": [
        { "productId": "cw-91555", "storeId": "chemist-warehouse" },
        { "productId": "cw-91554", "storeId": "chemist-warehouse" }
      ]
    },
    {
      "id": "w-852214-4902430858458",
      "name": "Pantene Pro V Blends Micellar Charcoal Conditioner",
      "brand": "Pantene",
      "imageUrls": "https://cdn0.woolworths.media/content/wowproductimages/large/852214.jpg",
      "storeId": "woolworths",
      "packageSize": "530ml",
      "cupPrice": "$1.70 / 100ML",
      "locations": {
        "ALL": { "price": 9, "discountRate": 50, "promo": "", "orgPrice": 18 }
      },
      "categoryIds": ["w-health-beauty"],
      "similarProducts": [
        { "productId": "cw-91555", "storeId": "chemist-warehouse" },
        { "productId": "cw-91554", "storeId": "chemist-warehouse" }
      ]
    },
    {
      "id": "w-83230-4902430919418",
      "name": "Pantene Pro-v Blends Rosewater Moisture Restoring Shampoo",
      "brand": "Pantene",
      "imageUrls": "https://cdn0.woolworths.media/content/wowproductimages/large/083230.jpg",
      "storeId": "woolworths",
      "packageSize": "530ml",
      "cupPrice": "$1.70 / 100ML",
      "locations": {
        "ALL": { "price": 9, "discountRate": 50, "promo": "", "orgPrice": 18 }
      },
      "categoryIds": ["w-health-beauty"],
      "similarProducts": []
    },
    {
      "id": "w-83240-4902430919401",
      "name": "Pantene Prov Blend Rosewater Moisture Restoring Conditioner",
      "brand": "Pantene",
      "imageUrls": "https://cdn0.woolworths.media/content/wowproductimages/large/083240.jpg",
      "storeId": "woolworths",
      "packageSize": "300ml",
      "cupPrice": "$0.00 / 0",
      "locations": {
        "ALL": {
          "price": 6.5,
          "discountRate": 50,
          "promo": "",
          "orgPrice": 13
        }
      },
      "categoryIds": ["w-health-beauty"],
      "similarProducts": []
    },
    {
      "id": "w-83239-4902430919425",
      "name": "Pantene Prov Blend Rosewater Moisture Restoring Conditioner",
      "brand": "Pantene",
      "imageUrls": "https://cdn0.woolworths.media/content/wowproductimages/large/083239.jpg",
      "storeId": "woolworths",
      "packageSize": "530ml",
      "cupPrice": "$1.70 / 100ML",
      "locations": {
        "ALL": { "price": 9, "discountRate": 50, "promo": "", "orgPrice": 18 }
      },
      "categoryIds": ["w-health-beauty"],
      "similarProducts": []
    },
    {
      "id": "w-85187-4902430919395",
      "name": "Pantene Prov Blend Rosewater Moisture Restoring Shampoo",
      "brand": "Pantene",
      "imageUrls": "https://cdn0.woolworths.media/content/wowproductimages/large/085187.jpg",
      "storeId": "woolworths",
      "packageSize": "300ml",
      "cupPrice": "$2.17 / 100ML",
      "locations": {
        "ALL": {
          "price": 6.5,
          "discountRate": 50,
          "promo": "",
          "orgPrice": 13
        }
      },
      "categoryIds": ["w-health-beauty"],
      "similarProducts": []
    },
    {
      "id": "w-649946-9336628000001",
      "name": "Piksters Interdental Brushes Size 0",
      "brand": "Piksters",
      "imageUrls": "https://cdn0.woolworths.media/content/wowproductimages/large/649946.jpg",
      "storeId": "woolworths",
      "packageSize": "10 pack",
      "cupPrice": "$0.60 / 1EA",
      "locations": {
        "ALL": { "price": 6, "discountRate": 14, "promo": "", "orgPrice": 7 }
      },
      "categoryIds": ["w-health-beauty"],
      "similarProducts": []
    },
    {
      "id": "w-83515-9336628002036",
      "name": "Piksters Interdental Brushes Size 00",
      "brand": "Piksters",
      "imageUrls": "https://cdn0.woolworths.media/content/wowproductimages/large/083515.jpg",
      "storeId": "woolworths",
      "packageSize": "10 pack",
      "cupPrice": "$0.00 / 0",
      "locations": {
        "ALL": { "price": 6, "discountRate": 14, "promo": "", "orgPrice": 7 }
      },
      "categoryIds": ["w-health-beauty"],
      "similarProducts": []
    },
    {
      "id": "w-377295-9336628000056",
      "name": "Piksters Dental Floss Interdental Brush Large",
      "brand": "Piksters",
      "imageUrls": "https://cdn0.woolworths.media/content/wowproductimages/large/377295.jpg",
      "storeId": "woolworths",
      "packageSize": "10 pack",
      "cupPrice": "$0.60 / 1EA",
      "locations": {
        "ALL": { "price": 6, "discountRate": 14, "promo": "", "orgPrice": 7 }
      },
      "categoryIds": ["w-health-beauty"],
      "similarProducts": []
    },
    {
      "id": "w-377293-9336628000032",
      "name": "Piksters Dental Floss Interdental Brush Medium",
      "brand": "Piksters",
      "imageUrls": "https://cdn0.woolworths.media/content/wowproductimages/large/377293.jpg",
      "storeId": "woolworths",
      "packageSize": "10 pack",
      "cupPrice": "$0.60 / 1EA",
      "locations": {
        "ALL": { "price": 6, "discountRate": 14, "promo": "", "orgPrice": 7 }
      },
      "categoryIds": ["w-health-beauty"],
      "similarProducts": []
    },
    {
      "id": "w-376487-9336628000018",
      "name": "Piksters Dental Floss Interdental Brush Small",
      "brand": "Piksters",
      "imageUrls": "https://cdn0.woolworths.media/content/wowproductimages/large/376487.jpg",
      "storeId": "woolworths",
      "packageSize": "10 pack",
      "cupPrice": "$0.60 / 1EA",
      "locations": {
        "ALL": { "price": 6, "discountRate": 14, "promo": "", "orgPrice": 7 }
      },
      "categoryIds": ["w-health-beauty"],
      "similarProducts": []
    },
    {
      "id": "w-347627-9312894002321",
      "name": "Priya Soap Bar Goats Milk",
      "brand": "Priya",
      "imageUrls": "https://cdn0.woolworths.media/content/wowproductimages/large/347627.jpg",
      "storeId": "woolworths",
      "packageSize": "100g",
      "cupPrice": "$1.80 / 100G",
      "locations": {
        "ALL": {
          "price": 1.8,
          "discountRate": 10,
          "promo": "",
          "orgPrice": 2
        }
      },
      "categoryIds": ["w-health-beauty"],
      "similarProducts": []
    },
    {
      "id": "w-72792-9312894035916",
      "name": "Priya Soap Bar Natural Sandalwood",
      "brand": "Priya",
      "imageUrls": "https://cdn0.woolworths.media/content/wowproductimages/large/072792.jpg",
      "storeId": "woolworths",
      "packageSize": "100g",
      "cupPrice": "$1.80 / 100G",
      "locations": {
        "ALL": {
          "price": 1.8,
          "discountRate": 10,
          "promo": "",
          "orgPrice": 2
        }
      },
      "categoryIds": ["w-health-beauty"],
      "similarProducts": []
    },
    {
      "id": "w-40746-9328418000551",
      "name": "Priya Soap Body Balance Oat Milk",
      "brand": "Priya",
      "imageUrls": "https://cdn0.woolworths.media/content/wowproductimages/large/040746.jpg",
      "storeId": "woolworths",
      "packageSize": "100g",
      "cupPrice": "$1.80 / 100G",
      "locations": {
        "ALL": {
          "price": 1.8,
          "discountRate": 10,
          "promo": "",
          "orgPrice": 2
        }
      },
      "categoryIds": ["w-health-beauty"],
      "similarProducts": []
    },
    {
      "id": "w-83573-5012008614306",
      "name": "Provoke Liquid Blonde Touch Of Silver Leave In Conditioner",
      "brand": "Provoke Liquid Blonde",
      "imageUrls": "https://cdn0.woolworths.media/content/wowproductimages/large/083573.jpg",
      "storeId": "woolworths",
      "packageSize": "150ml",
      "cupPrice": "$4.67 / 100ML",
      "locations": {
        "ALL": { "price": 7, "discountRate": 30, "promo": "", "orgPrice": 10 }
      },
      "categoryIds": ["w-health-beauty"],
      "similarProducts": []
    },
    {
      "id": "w-857458-5012008469302",
      "name": "Provoke Touch Of Silver Brightening Shampoo",
      "brand": "Provoke Touch Of Silver",
      "imageUrls": "https://cdn0.woolworths.media/content/wowproductimages/large/857458.jpg",
      "storeId": "woolworths",
      "packageSize": "200ml",
      "cupPrice": "$4.50 / 100ML",
      "locations": {
        "ALL": { "price": 9, "discountRate": 31, "promo": "", "orgPrice": 13 }
      },
      "categoryIds": ["w-health-beauty"],
      "similarProducts": []
    },
    {
      "id": "w-847888-5012008650908",
      "name": "Provoke Touch Of Silver Conditioner Brightening",
      "brand": "Provoke Touch Of Silver",
      "imageUrls": "https://cdn0.woolworths.media/content/wowproductimages/large/847888.jpg",
      "storeId": "woolworths",
      "packageSize": "500ml",
      "cupPrice": "$3.20 / 100ML",
      "locations": {
        "ALL": {
          "price": 16,
          "discountRate": 20,
          "promo": "",
          "orgPrice": 20
        }
      },
      "categoryIds": ["w-health-beauty"],
      "similarProducts": []
    },
    {
      "id": "w-857436-5012008469401",
      "name": "Provoke Touch Of Silver Daily Maintenance Shampoo",
      "brand": "Provoke Touch Of Silver",
      "imageUrls": "https://cdn0.woolworths.media/content/wowproductimages/large/857436.jpg",
      "storeId": "woolworths",
      "packageSize": "400ml",
      "cupPrice": "$1.75 / 100ML",
      "locations": {
        "ALL": { "price": 7, "discountRate": 30, "promo": "", "orgPrice": 10 }
      },
      "categoryIds": ["w-health-beauty"],
      "similarProducts": []
    },
    {
      "id": "w-857438-5012008469500",
      "name": "Provoke Touch Of Silver Daily Nourish Conditioner",
      "brand": "Provoke Touch Of Silver",
      "imageUrls": "https://cdn0.woolworths.media/content/wowproductimages/large/857438.jpg",
      "storeId": "woolworths",
      "packageSize": "400ml",
      "cupPrice": "$1.75 / 100ML",
      "locations": {
        "ALL": { "price": 7, "discountRate": 30, "promo": "", "orgPrice": 10 }
      },
      "categoryIds": ["w-health-beauty"],
      "similarProducts": []
    },
    {
      "id": "w-857439-5012008469609",
      "name": "Provoke Touch Of Silver Intensive Conditioner",
      "brand": "Provoke Touch Of Silver",
      "imageUrls": "https://cdn0.woolworths.media/content/wowproductimages/large/857439.jpg",
      "storeId": "woolworths",
      "packageSize": "200ml",
      "cupPrice": "$4.50 / 100ML",
      "locations": {
        "ALL": { "price": 9, "discountRate": 31, "promo": "", "orgPrice": 13 }
      },
      "categoryIds": ["w-health-beauty"],
      "similarProducts": []
    },
    {
      "id": "w-850483-5012008650809",
      "name": "Provoke Touch Of Silver Shampoo Brightening",
      "brand": "Provoke Touch Of Silver",
      "imageUrls": "https://cdn0.woolworths.media/content/wowproductimages/large/850483.jpg",
      "storeId": "woolworths",
      "packageSize": "500ml",
      "cupPrice": "$3.20 / 100ML",
      "locations": {
        "ALL": {
          "price": 16,
          "discountRate": 20,
          "promo": "",
          "orgPrice": 20
        }
      },
      "categoryIds": ["w-health-beauty"],
      "similarProducts": []
    },
    {
      "id": "w-850484-5012008651004",
      "name": "Provoke Touch Of Silver Shampoo Colour Care",
      "brand": "Provoke Touch Of Silver",
      "imageUrls": "https://cdn0.woolworths.media/content/wowproductimages/large/850484.jpg",
      "storeId": "woolworths",
      "packageSize": "1000ml",
      "cupPrice": "$1.44 / 100ML",
      "locations": {
        "ALL": {
          "price": 14.4,
          "discountRate": 20,
          "promo": "",
          "orgPrice": 18
        }
      },
      "categoryIds": ["w-health-beauty"],
      "similarProducts": []
    },
    {
      "id": "w-850485-5012008645102",
      "name": "Provoke Touch Of Silver Toning Treatment Mask",
      "brand": "Provoke Touch Of Silver",
      "imageUrls": "https://cdn0.woolworths.media/content/wowproductimages/large/850485.jpg",
      "storeId": "woolworths",
      "packageSize": "200ml",
      "cupPrice": "$4.50 / 100ML",
      "locations": {
        "ALL": { "price": 9, "discountRate": 31, "promo": "", "orgPrice": 13 }
      },
      "categoryIds": ["w-health-beauty"],
      "similarProducts": []
    },
    {
      "id": "w-711686-9325894008453",
      "name": "Quitnits Head Lice Treatment Comb",
      "brand": "Quitnits",
      "imageUrls": "https://cdn0.woolworths.media/content/wowproductimages/large/711686.jpg",
      "storeId": "woolworths",
      "packageSize": "2 pack",
      "cupPrice": "$5.60 / 1EA",
      "locations": {
        "ALL": {
          "price": 11.2,
          "discountRate": 20,
          "promo": "",
          "orgPrice": 14
        }
      },
      "categoryIds": ["w-health-beauty"],
      "similarProducts": []
    },
    {
      "id": "w-379396-9325894008279",
      "name": "Quitnits Head Lice Treatment Complet Kit",
      "brand": "Quitnits",
      "imageUrls": "https://cdn0.woolworths.media/content/wowproductimages/large/379396.jpg",
      "storeId": "woolworths",
      "packageSize": "each",
      "cupPrice": "$18.80 / 1EA",
      "locations": {
        "ALL": {
          "price": 18.8,
          "discountRate": 20,
          "promo": "",
          "orgPrice": 23.5
        }
      },
      "categoryIds": ["w-health-beauty"],
      "similarProducts": []
    },
    {
      "id": "w-379098-9325894008002",
      "name": "Quitnits Head Lice Treatment Rapid",
      "brand": "Quitnits",
      "imageUrls": "https://cdn0.woolworths.media/content/wowproductimages/large/379098.jpg",
      "storeId": "woolworths",
      "packageSize": "200ml",
      "cupPrice": "$6.80 / 100ML",
      "locations": {
        "ALL": {
          "price": 13.6,
          "discountRate": 20,
          "promo": "",
          "orgPrice": 17
        }
      },
      "categoryIds": ["w-health-beauty"],
      "similarProducts": []
    },
    {
      "id": "w-63541-9349338001664",
      "name": "Rapid Loss Meal Replacement Shake - Chocolate",
      "brand": "Rapid Loss",
      "imageUrls": "https://cdn0.woolworths.media/content/wowproductimages/large/063541.jpg",
      "storeId": "woolworths",
      "packageSize": "740g",
      "cupPrice": "$2.67 / 100G",
      "locations": {
        "ALL": {
          "price": 19.75,
          "discountRate": 50,
          "promo": "",
          "orgPrice": 39.5
        }
      },
      "categoryIds": ["w-health-beauty"],
      "similarProducts": []
    },
    {
      "id": "w-63697-9349338001701",
      "name": "Rapid Loss Meal Replacement Shake - Strawberry",
      "brand": "Rapid Loss",
      "imageUrls": "https://cdn0.woolworths.media/content/wowproductimages/large/063697.jpg",
      "storeId": "woolworths",
      "packageSize": "740g",
      "cupPrice": "$2.67 / 100G",
      "locations": {
        "ALL": {
          "price": 19.75,
          "discountRate": 50,
          "promo": "",
          "orgPrice": 39.5
        }
      },
      "categoryIds": ["w-health-beauty"],
      "similarProducts": []
    },
    {
      "id": "w-65687-9349338001671",
      "name": "Rapid Loss Meal Replacement Shake - Vanilla",
      "brand": "Rapid Loss",
      "imageUrls": "https://cdn0.woolworths.media/content/wowproductimages/large/065687.jpg",
      "storeId": "woolworths",
      "packageSize": "740g",
      "cupPrice": "$2.67 / 100G",
      "locations": {
        "ALL": {
          "price": 19.75,
          "discountRate": 50,
          "promo": "",
          "orgPrice": 39.5
        }
      },
      "categoryIds": ["w-health-beauty"],
      "similarProducts": []
    },
    {
      "id": "w-66073-9349338001688",
      "name": "Rapid Loss Meal Replacement Shake - Latte",
      "brand": "Rapid Loss",
      "imageUrls": "https://cdn0.woolworths.media/content/wowproductimages/large/066073.jpg",
      "storeId": "woolworths",
      "packageSize": "740g",
      "cupPrice": "$2.67 / 100G",
      "locations": {
        "ALL": {
          "price": 19.75,
          "discountRate": 50,
          "promo": "",
          "orgPrice": 39.5
        }
      },
      "categoryIds": ["w-health-beauty"],
      "similarProducts": []
    },
    {
      "id": "w-6300-9314807018719",
      "name": "Redwin Anti-perspirant Deodorant Aerosol Aluminium Free Sport",
      "brand": "Redwin",
      "imageUrls": "https://cdn0.woolworths.media/content/wowproductimages/large/006300.jpg",
      "storeId": "woolworths",
      "packageSize": "150ml",
      "cupPrice": "$2.67 / 100ML",
      "locations": {
        "ALL": { "price": 4, "discountRate": 20, "promo": "", "orgPrice": 5 }
      },
      "categoryIds": ["w-health-beauty"],
      "similarProducts": []
    },
    {
      "id": "w-59875-9314807018450",
      "name": "Redwin Body Moisturiser Vitamin E",
      "brand": "Redwin",
      "imageUrls": "https://cdn0.woolworths.media/content/wowproductimages/large/059875.jpg",
      "storeId": "woolworths",
      "packageSize": "300g",
      "cupPrice": "$0.72 / 100G",
      "locations": {
        "ALL": {
          "price": 2.15,
          "discountRate": 50,
          "promo": "",
          "orgPrice": 4.3
        }
      },
      "categoryIds": ["w-health-beauty"],
      "similarProducts": []
    },
    {
      "id": "w-12836-9314807018504",
      "name": "Redwin Sorbolene Body Moisturiser With Vitamin E",
      "brand": "Redwin",
      "imageUrls": "https://cdn0.woolworths.media/content/wowproductimages/large/012836.jpg",
      "storeId": "woolworths",
      "packageSize": "1l",
      "cupPrice": "$0.32 / 100ML",
      "locations": {
        "ALL": {
          "price": 3.15,
          "discountRate": 50,
          "promo": "",
          "orgPrice": 6.3
        }
      },
      "categoryIds": ["w-health-beauty"],
      "similarProducts": []
    },
    {
      "id": "w-369-9314094000473",
      "name": "Redwin Sorbolene Body Moisturiser With Vitamin E",
      "brand": "Redwin",
      "imageUrls": "https://cdn0.woolworths.media/content/wowproductimages/large/000369.jpg",
      "storeId": "woolworths",
      "packageSize": "500ml",
      "cupPrice": "$0.53 / 100ML",
      "locations": {
        "ALL": {
          "price": 2.65,
          "discountRate": 51,
          "promo": "",
          "orgPrice": 5.36
        }
      },
      "categoryIds": ["w-health-beauty"],
      "similarProducts": []
    },
    {
      "id": "w-16787-9314807018498",
      "name": "Redwin Sorbolene Hand Cream With Vitamin E",
      "brand": "Redwin",
      "imageUrls": "https://cdn0.woolworths.media/content/wowproductimages/large/016787.jpg",
      "storeId": "woolworths",
      "packageSize": "100g",
      "cupPrice": "$1.50 / 100G",
      "locations": {
        "ALL": {
          "price": 1.5,
          "discountRate": 53,
          "promo": "",
          "orgPrice": 3.17
        }
      },
      "categoryIds": ["w-health-beauty"],
      "similarProducts": []
    },
    {
      "id": "w-89786-784927406397",
      "name": "Renovatio An Apple A Day Activated Phenolics Antioxidants",
      "brand": "Renovatio",
      "imageUrls": "https://cdn0.woolworths.media/content/wowproductimages/large/089786.jpg",
      "storeId": "woolworths",
      "packageSize": "30 tablets",
      "cupPrice": "$48.33 / 100EA",
      "locations": {
        "ALL": {
          "price": 14.5,
          "discountRate": 50,
          "promo": "",
          "orgPrice": 29
        }
      },
      "categoryIds": ["w-health-beauty"],
      "similarProducts": []
    },
    {
      "id": "w-91654-784927406434",
      "name": "Renovatio Original Activated Phenolics Powder",
      "brand": "Renovatio",
      "imageUrls": "https://cdn0.woolworths.media/content/wowproductimages/large/091654.jpg",
      "storeId": "woolworths",
      "packageSize": "150g",
      "cupPrice": "$11.67 / 100G",
      "locations": {
        "ALL": {
          "price": 17.5,
          "discountRate": 50,
          "promo": "",
          "orgPrice": 35
        }
      },
      "categoryIds": ["w-health-beauty"],
      "similarProducts": []
    },
    {
      "id": "w-712408-9300830007530",
      "name": "Rexona Clinical Protection Sport",
      "brand": "Rexona",
      "imageUrls": "https://cdn0.woolworths.media/content/wowproductimages/large/712408.jpg",
      "storeId": "woolworths",
      "packageSize": "45ml",
      "cupPrice": "$20.00 / 100ML",
      "locations": {
        "ALL": { "price": 9, "discountRate": 31, "promo": "", "orgPrice": 13 }
      },
      "categoryIds": ["w-health-beauty"],
      "similarProducts": []
    },
    {
      "id": "w-789434-4800888185792",
      "name": "Rexona Clinical Protection Summer Strength",
      "brand": "Rexona",
      "imageUrls": "https://cdn0.woolworths.media/content/wowproductimages/large/789434.jpg",
      "storeId": "woolworths",
      "packageSize": "45ml",
      "cupPrice": "$20.00 / 100ML",
      "locations": {
        "ALL": { "price": 9, "discountRate": 31, "promo": "", "orgPrice": 13 }
      },
      "categoryIds": ["w-health-beauty"],
      "similarProducts": []
    },
    {
      "id": "w-68832-9300830056453",
      "name": "Rexona Men Advanced Protection Workout",
      "brand": "Rexona",
      "imageUrls": "https://cdn0.woolworths.media/content/wowproductimages/large/068832.jpg",
      "storeId": "woolworths",
      "packageSize": "220ml",
      "cupPrice": "$2.73 / 100ML",
      "locations": {
        "ALL": {
          "price": 6,
          "discountRate": 20,
          "promo": "",
          "orgPrice": 7.5
        }
      },
      "categoryIds": ["w-health-beauty"],
      "similarProducts": []
    },
    {
      "id": "w-841494-4800888189226",
      "name": "Rexona Men Antiperspirant Roll On Deodorant Original",
      "brand": "Rexona",
      "imageUrls": "https://cdn0.woolworths.media/content/wowproductimages/large/841494.jpg",
      "storeId": "woolworths",
      "packageSize": "50ml",
      "cupPrice": "$6.00 / 100ML",
      "locations": {
        "ALL": { "price": 3, "discountRate": 25, "promo": "", "orgPrice": 4 }
      },
      "categoryIds": ["w-health-beauty"],
      "similarProducts": [
        { "productId": "cw-7447", "storeId": "chemist-warehouse" },
        { "productId": "cw-7446", "storeId": "chemist-warehouse" }
      ]
    },
    {
      "id": "w-841493-4800888189233",
      "name": "Rexona Men Antiperspirant Roll On Deodorant Sport",
      "brand": "Rexona",
      "imageUrls": "https://cdn0.woolworths.media/content/wowproductimages/large/841493.jpg",
      "storeId": "woolworths",
      "packageSize": "50ml",
      "cupPrice": "$6.00 / 100ML",
      "locations": {
        "ALL": { "price": 3, "discountRate": 25, "promo": "", "orgPrice": 4 }
      },
      "categoryIds": ["w-health-beauty"],
      "similarProducts": [
        { "productId": "cw-7447", "storeId": "chemist-warehouse" }
      ]
    },
    {
      "id": "w-814803-9300830048830",
      "name": "Rexona Men Clinical Clean Scent",
      "brand": "Rexona",
      "imageUrls": "https://cdn0.woolworths.media/content/wowproductimages/large/814803.jpg",
      "storeId": "woolworths",
      "packageSize": "180ml",
      "cupPrice": "$3.89 / 100ML",
      "locations": {
        "ALL": { "price": 7, "discountRate": 30, "promo": "", "orgPrice": 10 }
      },
      "categoryIds": ["w-health-beauty"],
      "similarProducts": []
    },
    {
      "id": "w-814802-9300830048816",
      "name": "Rexona Men Clinical Sport",
      "brand": "Rexona",
      "imageUrls": "https://cdn0.woolworths.media/content/wowproductimages/large/814802.jpg",
      "storeId": "woolworths",
      "packageSize": "180ml",
      "cupPrice": "$3.89 / 100ML",
      "locations": {
        "ALL": { "price": 7, "discountRate": 30, "promo": "", "orgPrice": 10 }
      },
      "categoryIds": ["w-health-beauty"],
      "similarProducts": []
    },
    {
      "id": "w-328751-9300663459636",
      "name": "Rexona Men Clinical Protection Anti- Perspirant Active Fresh",
      "brand": "Rexona",
      "imageUrls": "https://cdn0.woolworths.media/content/wowproductimages/large/328751.jpg",
      "storeId": "woolworths",
      "packageSize": "45ml",
      "cupPrice": "$20.00 / 100ML",
      "locations": {
        "ALL": { "price": 9, "discountRate": 31, "promo": "", "orgPrice": 13 }
      },
      "categoryIds": ["w-health-beauty"],
      "similarProducts": [
        { "productId": "cw-90353", "storeId": "chemist-warehouse" }
      ]
    },
    {
      "id": "w-814796-4800888207951",
      "name": "Rexona Men Clinical Roll On Sport",
      "brand": "Rexona",
      "imageUrls": "https://cdn0.woolworths.media/content/wowproductimages/large/814796.jpg",
      "storeId": "woolworths",
      "packageSize": "50ml",
      "cupPrice": "$11.20 / 100ML",
      "locations": {
        "ALL": {
          "price": 5.6,
          "discountRate": 30,
          "promo": "",
          "orgPrice": 8
        }
      },
      "categoryIds": ["w-health-beauty"],
      "similarProducts": []
    },
    {
      "id": "w-68833-9300830056422",
      "name": "Rexona Women Advanced Protection Antiperspirant Bright Bouquet",
      "brand": "Rexona",
      "imageUrls": "https://cdn0.woolworths.media/content/wowproductimages/large/068833.jpg",
      "storeId": "woolworths",
      "packageSize": "220ml",
      "cupPrice": "$2.73 / 100ML",
      "locations": {
        "ALL": {
          "price": 6,
          "discountRate": 20,
          "promo": "",
          "orgPrice": 7.5
        }
      },
      "categoryIds": ["w-health-beauty"],
      "similarProducts": []
    },
    {
      "id": "w-68835-9300830056415",
      "name": "Rexona Women Advanced Protection Antiperspirant Shower Fresh",
      "brand": "Rexona",
      "imageUrls": "https://cdn0.woolworths.media/content/wowproductimages/large/068835.jpg",
      "storeId": "woolworths",
      "packageSize": "220ml",
      "cupPrice": "$2.73 / 100ML",
      "locations": {
        "ALL": {
          "price": 6,
          "discountRate": 20,
          "promo": "",
          "orgPrice": 7.5
        }
      },
      "categoryIds": ["w-health-beauty"],
      "similarProducts": []
    },
    {
      "id": "w-68836-9300830056378",
      "name": "Rexona Women Advanced Protection Invisible Dry Pure",
      "brand": "Rexona",
      "imageUrls": "https://cdn0.woolworths.media/content/wowproductimages/large/068836.jpg",
      "storeId": "woolworths",
      "packageSize": "220ml",
      "cupPrice": "$2.73 / 100ML",
      "locations": {
        "ALL": {
          "price": 6,
          "discountRate": 20,
          "promo": "",
          "orgPrice": 7.5
        }
      },
      "categoryIds": ["w-health-beauty"],
      "similarProducts": []
    },
    {
      "id": "w-789425-4800888185778",
      "name": "Rexona Women Antiperspirant Deodorant Clinical Gentle Dry",
      "brand": "Rexona",
      "imageUrls": "https://cdn0.woolworths.media/content/wowproductimages/large/789425.jpg",
      "storeId": "woolworths",
      "packageSize": "45ml",
      "cupPrice": "$20.00 / 100ML",
      "locations": {
        "ALL": { "price": 9, "discountRate": 31, "promo": "", "orgPrice": 13 }
      },
      "categoryIds": ["w-health-beauty"],
      "similarProducts": []
    },
    {
      "id": "w-789433-4800888185822",
      "name": "Rexona Women Antiperspirant Deodorant Clinical Shower Clean",
      "brand": "Rexona",
      "imageUrls": "https://cdn0.woolworths.media/content/wowproductimages/large/789433.jpg",
      "storeId": "woolworths",
      "packageSize": "45ml",
      "cupPrice": "$20.00 / 100ML",
      "locations": {
        "ALL": { "price": 9, "discountRate": 31, "promo": "", "orgPrice": 13 }
      },
      "categoryIds": ["w-health-beauty"],
      "similarProducts": []
    },
    {
      "id": "w-841509-4800888189240",
      "name": "Rexona Women Antiperspirant Roll On Deodorant Classic",
      "brand": "Rexona",
      "imageUrls": "https://cdn0.woolworths.media/content/wowproductimages/large/841509.jpg",
      "storeId": "woolworths",
      "packageSize": "50ml",
      "cupPrice": "$6.00 / 100ML",
      "locations": {
        "ALL": { "price": 3, "discountRate": 25, "promo": "", "orgPrice": 4 }
      },
      "categoryIds": ["w-health-beauty"],
      "similarProducts": [
        { "productId": "cw-7443", "storeId": "chemist-warehouse" }
      ]
    },
    {
      "id": "w-841515-4800888189271",
      "name": "Rexona Women Antiperspirant Roll On Invisible Dry Black & White",
      "brand": "Rexona",
      "imageUrls": "https://cdn0.woolworths.media/content/wowproductimages/large/841515.jpg",
      "storeId": "woolworths",
      "packageSize": "50ml",
      "cupPrice": "$6.00 / 100ML",
      "locations": {
        "ALL": { "price": 3, "discountRate": 25, "promo": "", "orgPrice": 4 }
      },
      "categoryIds": ["w-health-beauty"],
      "similarProducts": []
    },
    {
      "id": "w-814801-9300830048861",
      "name": "Rexona Women Clinical Shower Clean",
      "brand": "Rexona",
      "imageUrls": "https://cdn0.woolworths.media/content/wowproductimages/large/814801.jpg",
      "storeId": "woolworths",
      "packageSize": "180ml",
      "cupPrice": "$3.89 / 100ML",
      "locations": {
        "ALL": { "price": 7, "discountRate": 30, "promo": "", "orgPrice": 10 }
      },
      "categoryIds": ["w-health-beauty"],
      "similarProducts": []
    },
    {
      "id": "w-814799-9300830048847",
      "name": "Rexona Women Clinical Summer Strength",
      "brand": "Rexona",
      "imageUrls": "https://cdn0.woolworths.media/content/wowproductimages/large/814799.jpg",
      "storeId": "woolworths",
      "packageSize": "180ml",
      "cupPrice": "$3.89 / 100ML",
      "locations": {
        "ALL": { "price": 7, "discountRate": 30, "promo": "", "orgPrice": 10 }
      },
      "categoryIds": ["w-health-beauty"],
      "similarProducts": []
    },
    {
      "id": "w-814795-4800888207937",
      "name": "Rexona Women Clinical Roll On Shower Clean",
      "brand": "Rexona",
      "imageUrls": "https://cdn0.woolworths.media/content/wowproductimages/large/814795.jpg",
      "storeId": "woolworths",
      "packageSize": "50ml",
      "cupPrice": "$11.20 / 100ML",
      "locations": {
        "ALL": {
          "price": 5.6,
          "discountRate": 30,
          "promo": "",
          "orgPrice": 8
        }
      },
      "categoryIds": ["w-health-beauty"],
      "similarProducts": []
    },
    {
      "id": "w-814786-4800888207913",
      "name": "Rexona Women Clinical Roll On Summer Strength",
      "brand": "Rexona",
      "imageUrls": "https://cdn0.woolworths.media/content/wowproductimages/large/814786.jpg",
      "storeId": "woolworths",
      "packageSize": "50ml",
      "cupPrice": "$11.20 / 100ML",
      "locations": {
        "ALL": {
          "price": 5.6,
          "discountRate": 30,
          "promo": "",
          "orgPrice": 8
        }
      },
      "categoryIds": ["w-health-beauty"],
      "similarProducts": []
    },
    {
      "id": "w-188387-9310488022915",
      "name": "Robitussin Cough Syrups Chesty Cough",
      "brand": "Robitussin",
      "imageUrls": "https://cdn0.woolworths.media/content/wowproductimages/large/188387.jpg",
      "storeId": "woolworths",
      "packageSize": "200ml",
      "cupPrice": "$4.45 / 100ML",
      "locations": {
        "ALL": {
          "price": 8.9,
          "discountRate": 22,
          "promo": "",
          "orgPrice": 11.4
        }
      },
      "categoryIds": ["w-health-beauty"],
      "similarProducts": []
    },
    {
      "id": "w-341147-9310488001002",
      "name": "Robitussin Cough Syrups Cold & Chesty Cough",
      "brand": "Robitussin",
      "imageUrls": "https://cdn0.woolworths.media/content/wowproductimages/large/341147.jpg",
      "storeId": "woolworths",
      "packageSize": "235ml",
      "cupPrice": "$4.45 / 100ML",
      "locations": {
        "ALL": {
          "price": 8.9,
          "discountRate": 22,
          "promo": "",
          "orgPrice": 11.4
        }
      },
      "categoryIds": ["w-health-beauty"],
      "similarProducts": []
    },
    {
      "id": "w-213349-9314807045197",
      "name": "Rosken Skin Repair Hand Cream For Dry Skin",
      "brand": "Rosken",
      "imageUrls": "https://cdn0.woolworths.media/content/wowproductimages/large/213349.jpg",
      "storeId": "woolworths",
      "packageSize": "75ml",
      "cupPrice": "$2.65 / 100ML",
      "locations": {
        "ALL": {
          "price": 1.99,
          "discountRate": 50,
          "promo": "",
          "orgPrice": 3.99
        }
      },
      "categoryIds": ["w-health-beauty"],
      "similarProducts": []
    },
    {
      "id": "w-30847-9300623015681",
      "name": "Salvital Salts Saline",
      "brand": "Salvital",
      "imageUrls": "https://cdn0.woolworths.media/content/wowproductimages/large/030847.jpg",
      "storeId": "woolworths",
      "packageSize": "375g",
      "cupPrice": "$1.47 / 100G",
      "locations": {
        "ALL": {
          "price": 5.5,
          "discountRate": 27,
          "promo": "",
          "orgPrice": 7.5
        }
      },
      "categoryIds": ["w-health-beauty"],
      "similarProducts": []
    },
    {
      "id": "w-81263-9314807069063",
      "name": "Sambucol Soothing Throat Lozenges Black Elderberry",
      "brand": "Sambucol",
      "imageUrls": "https://cdn0.woolworths.media/content/wowproductimages/large/081263.jpg",
      "storeId": "woolworths",
      "packageSize": "16 pack",
      "cupPrice": "$0.38 / 1EA",
      "locations": {
        "ALL": { "price": 6, "discountRate": 25, "promo": "", "orgPrice": 8 }
      },
      "categoryIds": ["w-health-beauty"],
      "similarProducts": []
    },
    {
      "id": "w-29411-9300655014492",
      "name": "Sanofi Hydrogen Peroxide",
      "brand": "Sanofi",
      "imageUrls": "https://cdn0.woolworths.media/content/wowproductimages/large/029411.jpg",
      "storeId": "woolworths",
      "packageSize": "200ml",
      "cupPrice": "$1.60 / 100ML",
      "locations": {
        "ALL": {
          "price": 3.2,
          "discountRate": 20,
          "promo": "",
          "orgPrice": 4
        }
      },
      "categoryIds": ["w-health-beauty"],
      "similarProducts": []
    },
    {
      "id": "w-704085-6937266703649",
      "name": "Schick Mens Razor Disposable Xtreme 3 Sensitive",
      "brand": "Schick",
      "imageUrls": "https://cdn0.woolworths.media/content/wowproductimages/large/704085.jpg",
      "storeId": "woolworths",
      "packageSize": "10 pack",
      "cupPrice": "$0.75 / 1EA",
      "locations": {
        "ALL": {
          "price": 7.5,
          "discountRate": 21,
          "promo": "",
          "orgPrice": 9.5
        }
      },
      "categoryIds": ["w-health-beauty"],
      "similarProducts": []
    },
    {
      "id": "w-704086-6937266733516",
      "name": "Schick Razor Disposable Xtreme Sensitive",
      "brand": "Schick",
      "imageUrls": "https://cdn0.woolworths.media/content/wowproductimages/large/704086.jpg",
      "storeId": "woolworths",
      "packageSize": "4 pack",
      "cupPrice": "$1.00 / 1EA",
      "locations": {
        "ALL": { "price": 4, "discountRate": 20, "promo": "", "orgPrice": 5 }
      },
      "categoryIds": ["w-health-beauty"],
      "similarProducts": []
    },
    {
      "id": "w-368684-4891228300234",
      "name": "Schick Shave Gel Hydro Sensitive",
      "brand": "Schick",
      "imageUrls": "https://cdn0.woolworths.media/content/wowproductimages/large/368684.jpg",
      "storeId": "woolworths",
      "packageSize": "236g",
      "cupPrice": "$2.01 / 100G",
      "locations": {
        "ALL": {
          "price": 4.75,
          "discountRate": 21,
          "promo": "",
          "orgPrice": 6
        }
      },
      "categoryIds": ["w-health-beauty"],
      "similarProducts": []
    },
    {
      "id": "w-754716-9310714214831",
      "name": "Schwarzkopf Brilliance 59 Violet Wild Silk",
      "brand": "Schwarzkopf",
      "imageUrls": "https://cdn0.woolworths.media/content/wowproductimages/large/754716.jpg",
      "storeId": "woolworths",
      "packageSize": "each",
      "cupPrice": "$0.00 / 0",
      "locations": {
        "ALL": {
          "price": 7.2,
          "discountRate": 50,
          "promo": "",
          "orgPrice": 14.4
        }
      },
      "categoryIds": ["w-health-beauty"],
      "similarProducts": [
        { "productId": "cw-79385", "storeId": "chemist-warehouse" }
      ]
    },
    {
      "id": "w-285791-9310714205372",
      "name": "Schwarzkopf Brilliance 68 Chocolate Rush",
      "brand": "Schwarzkopf",
      "imageUrls": "https://cdn0.woolworths.media/content/wowproductimages/large/285791.jpg",
      "storeId": "woolworths",
      "packageSize": "1pk",
      "cupPrice": "$0.00 / 0",
      "locations": {
        "ALL": {
          "price": 7.2,
          "discountRate": 50,
          "promo": "",
          "orgPrice": 14.4
        }
      },
      "categoryIds": ["w-health-beauty"],
      "similarProducts": [
        { "productId": "cw-57933", "storeId": "chemist-warehouse" }
      ]
    },
    {
      "id": "w-285799-9310714205426",
      "name": "Schwarzkopf Brilliance 88 Dark Brown",
      "brand": "Schwarzkopf",
      "imageUrls": "https://cdn0.woolworths.media/content/wowproductimages/large/285799.jpg",
      "storeId": "woolworths",
      "packageSize": "1pk",
      "cupPrice": "$0.00 / 0",
      "locations": {
        "ALL": {
          "price": 7.2,
          "discountRate": 50,
          "promo": "",
          "orgPrice": 14.4
        }
      },
      "categoryIds": ["w-health-beauty"],
      "similarProducts": []
    },
    {
      "id": "w-285794-9310714205396",
      "name": "Schwarzkopf Brilliance 89 Bitter Sweet Chocolate",
      "brand": "Schwarzkopf",
      "imageUrls": "https://cdn0.woolworths.media/content/wowproductimages/large/285794.jpg",
      "storeId": "woolworths",
      "packageSize": "1pk",
      "cupPrice": "$0.00 / 0",
      "locations": {
        "ALL": {
          "price": 7.2,
          "discountRate": 50,
          "promo": "",
          "orgPrice": 14.4
        }
      },
      "categoryIds": ["w-health-beauty"],
      "similarProducts": [
        { "productId": "cw-54636", "storeId": "chemist-warehouse" }
      ]
    },
    {
      "id": "w-285793-9310714205488",
      "name": "Schwarzkopf Brilliance 90 Black",
      "brand": "Schwarzkopf",
      "imageUrls": "https://cdn0.woolworths.media/content/wowproductimages/large/285793.jpg",
      "storeId": "woolworths",
      "packageSize": "1pk",
      "cupPrice": "$0.00 / 0",
      "locations": {
        "ALL": {
          "price": 7.2,
          "discountRate": 50,
          "promo": "",
          "orgPrice": 14.4
        }
      },
      "categoryIds": ["w-health-beauty"],
      "similarProducts": [
        { "productId": "cw-54637", "storeId": "chemist-warehouse" }
      ]
    },
    {
      "id": "w-285792-9310714205457",
      "name": "Schwarzkopf Brilliance 91 Blue Black",
      "brand": "Schwarzkopf",
      "imageUrls": "https://cdn0.woolworths.media/content/wowproductimages/large/285792.jpg",
      "storeId": "woolworths",
      "packageSize": "1pk",
      "cupPrice": "$0.00 / 0",
      "locations": {
        "ALL": {
          "price": 7.2,
          "discountRate": 50,
          "promo": "",
          "orgPrice": 14.4
        }
      },
      "categoryIds": ["w-health-beauty"],
      "similarProducts": [
        { "productId": "cw-57934", "storeId": "chemist-warehouse" }
      ]
    },
    {
      "id": "w-697249-9310714221709",
      "name": "Schwarzkopf Brilliance 23 Burgundy Chic",
      "brand": "Schwarzkopf",
      "imageUrls": "https://cdn0.woolworths.media/content/wowproductimages/large/697249.jpg",
      "storeId": "woolworths",
      "packageSize": "each",
      "cupPrice": "$0.00 / 0",
      "locations": {
        "ALL": {
          "price": 7.2,
          "discountRate": 50,
          "promo": "",
          "orgPrice": 14.4
        }
      },
      "categoryIds": ["w-health-beauty"],
      "similarProducts": []
    },
    {
      "id": "w-305947-9310714206171",
      "name": "Schwarzkopf Brilliance Luminance Smouldering Red L43",
      "brand": "Schwarzkopf",
      "imageUrls": "https://cdn0.woolworths.media/content/wowproductimages/large/305947.jpg",
      "storeId": "woolworths",
      "packageSize": "each",
      "cupPrice": "$0.00 / 0",
      "locations": {
        "ALL": {
          "price": 7.2,
          "discountRate": 50,
          "promo": "",
          "orgPrice": 14.4
        }
      },
      "categoryIds": ["w-health-beauty"],
      "similarProducts": []
    },
    {
      "id": "w-683756-9310714221303",
      "name": "Schwarzkopf Colour Specialist 1.0 Opulent Black",
      "brand": "Schwarzkopf",
      "imageUrls": "https://cdn0.woolworths.media/content/wowproductimages/large/683756.jpg",
      "storeId": "woolworths",
      "packageSize": "each",
      "cupPrice": "$9.50 / 1EA",
      "locations": {
        "ALL": {
          "price": 9.5,
          "discountRate": 50,
          "promo": "",
          "orgPrice": 19
        }
      },
      "categoryIds": ["w-health-beauty"],
      "similarProducts": [
        { "productId": "cw-91742", "storeId": "chemist-warehouse" }
      ]
    },
    {
      "id": "w-601359-9310714220870",
      "name": "Schwarzkopf Colour Specialist 5.1 Cool Light Brown",
      "brand": "Schwarzkopf",
      "imageUrls": "https://cdn0.woolworths.media/content/wowproductimages/large/601359.jpg",
      "storeId": "woolworths",
      "packageSize": "each",
      "cupPrice": "$9.50 / 1EA",
      "locations": {
        "ALL": {
          "price": 9.5,
          "discountRate": 50,
          "promo": "",
          "orgPrice": 19
        }
      },
      "categoryIds": ["w-health-beauty"],
      "similarProducts": [
        { "productId": "cw-83609", "storeId": "chemist-warehouse" },
        { "productId": "cw-83613", "storeId": "chemist-warehouse" },
        { "productId": "cw-83608", "storeId": "chemist-warehouse" }
      ]
    },
    {
      "id": "w-601565-9310714220917",
      "name": "Schwarzkopf Colour Specialist 8.1 Cool Light Blonde",
      "brand": "Schwarzkopf",
      "imageUrls": "https://cdn0.woolworths.media/content/wowproductimages/large/601565.jpg",
      "storeId": "woolworths",
      "packageSize": "each",
      "cupPrice": "$9.50 / 1EA",
      "locations": {
        "ALL": {
          "price": 9.5,
          "discountRate": 50,
          "promo": "",
          "orgPrice": 19
        }
      },
      "categoryIds": ["w-health-beauty"],
      "similarProducts": [
        { "productId": "cw-83605", "storeId": "chemist-warehouse" },
        { "productId": "cw-83613", "storeId": "chemist-warehouse" },
        { "productId": "cw-83608", "storeId": "chemist-warehouse" }
      ]
    },
    {
      "id": "w-83448-9310714223918",
      "name": "Schwarzkopf Extra Care Bio Tech 4in1 Repair Treatment",
      "brand": "Schwarzkopf",
      "imageUrls": "https://cdn0.woolworths.media/content/wowproductimages/large/083448.jpg",
      "storeId": "woolworths",
      "packageSize": "250ml",
      "cupPrice": "$3.00 / 100ML",
      "locations": {
        "ALL": {
          "price": 7.5,
          "discountRate": 50,
          "promo": "",
          "orgPrice": 15
        }
      },
      "categoryIds": ["w-health-beauty"],
      "similarProducts": []
    },
    {
      "id": "w-83260-9310714223895",
      "name": "Schwarzkopf Extra Care Bio Tech Colour Conditioner",
      "brand": "Schwarzkopf",
      "imageUrls": "https://cdn0.woolworths.media/content/wowproductimages/large/083260.jpg",
      "storeId": "woolworths",
      "packageSize": "500ml",
      "cupPrice": "$1.70 / 100ML",
      "locations": {
        "ALL": {
          "price": 8.5,
          "discountRate": 50,
          "promo": "",
          "orgPrice": 17
        }
      },
      "categoryIds": ["w-health-beauty"],
      "similarProducts": [
        { "productId": "cw-99465", "storeId": "chemist-warehouse" }
      ]
    },
    {
      "id": "w-83248-9310714223888",
      "name": "Schwarzkopf Extra Care Bio Tech Colour Shampoo",
      "brand": "Schwarzkopf",
      "imageUrls": "https://cdn0.woolworths.media/content/wowproductimages/large/083248.jpg",
      "storeId": "woolworths",
      "packageSize": "500ml",
      "cupPrice": "$1.70 / 100ML",
      "locations": {
        "ALL": {
          "price": 8.5,
          "discountRate": 50,
          "promo": "",
          "orgPrice": 17
        }
      },
      "categoryIds": ["w-health-beauty"],
      "similarProducts": [
        { "productId": "cw-99466", "storeId": "chemist-warehouse" }
      ]
    },
    {
      "id": "w-83439-9310714223864",
      "name": "Schwarzkopf Extra Care Bio Tech Pro-balance Shampoo",
      "brand": "Schwarzkopf",
      "imageUrls": "https://cdn0.woolworths.media/content/wowproductimages/large/083439.jpg",
      "storeId": "woolworths",
      "packageSize": "500ml",
      "cupPrice": "$1.70 / 100ML",
      "locations": {
        "ALL": {
          "price": 8.5,
          "discountRate": 50,
          "promo": "",
          "orgPrice": 17
        }
      },
      "categoryIds": ["w-health-beauty"],
      "similarProducts": [
        { "productId": "cw-99468", "storeId": "chemist-warehouse" }
      ]
    },
    {
      "id": "w-83542-9310714223857",
      "name": "Schwarzkopf Extra Care Bio Tech Repair Conditioner",
      "brand": "Schwarzkopf",
      "imageUrls": "https://cdn0.woolworths.media/content/wowproductimages/large/083542.jpg",
      "storeId": "woolworths",
      "packageSize": "500ml",
      "cupPrice": "$1.70 / 100ML",
      "locations": {
        "ALL": {
          "price": 8.5,
          "discountRate": 50,
          "promo": "",
          "orgPrice": 17
        }
      },
      "categoryIds": ["w-health-beauty"],
      "similarProducts": [
        { "productId": "cw-99469", "storeId": "chemist-warehouse" }
      ]
    },
    {
      "id": "w-860019-9310714223383",
      "name": "Schwarzkopf Extra Care Blonde Toner",
      "brand": "Schwarzkopf",
      "imageUrls": "https://cdn0.woolworths.media/content/wowproductimages/large/860019.jpg",
      "storeId": "woolworths",
      "packageSize": "250ml",
      "cupPrice": "$2.60 / 100ML",
      "locations": {
        "ALL": {
          "price": 6.5,
          "discountRate": 50,
          "promo": "",
          "orgPrice": 13
        }
      },
      "categoryIds": ["w-health-beauty"],
      "similarProducts": []
    },
    {
      "id": "w-208698-9310714100240",
      "name": "Schwarzkopf Extra Care Conditioner Colour Protect",
      "brand": "Schwarzkopf",
      "imageUrls": "https://cdn0.woolworths.media/content/wowproductimages/large/208698.jpg",
      "storeId": "woolworths",
      "packageSize": "400ml",
      "cupPrice": "$0.86 / 100ML",
      "locations": {
        "ALL": {
          "price": 3.45,
          "discountRate": 50,
          "promo": "",
          "orgPrice": 6.9
        }
      },
      "categoryIds": ["w-health-beauty"],
      "similarProducts": [
        { "productId": "cw-55439", "storeId": "chemist-warehouse" }
      ]
    },
    {
      "id": "w-589538-9310714221051",
      "name": "Schwarzkopf Extra Care Conditioner Fibre Therapy",
      "brand": "Schwarzkopf",
      "imageUrls": "https://cdn0.woolworths.media/content/wowproductimages/large/589538.jpg",
      "storeId": "woolworths",
      "packageSize": "400ml",
      "cupPrice": "$0.86 / 100ML",
      "locations": {
        "ALL": {
          "price": 3.45,
          "discountRate": 50,
          "promo": "",
          "orgPrice": 6.9
        }
      },
      "categoryIds": ["w-health-beauty"],
      "similarProducts": []
    },
    {
      "id": "w-208689-9310714100288",
      "name": "Schwarzkopf Extra Care Conditioner Liquid Silk",
      "brand": "Schwarzkopf",
      "imageUrls": "https://cdn0.woolworths.media/content/wowproductimages/large/208689.jpg",
      "storeId": "woolworths",
      "packageSize": "400ml",
      "cupPrice": "$0.86 / 100ML",
      "locations": {
        "ALL": {
          "price": 3.45,
          "discountRate": 50,
          "promo": "",
          "orgPrice": 6.9
        }
      },
      "categoryIds": ["w-health-beauty"],
      "similarProducts": [
        { "productId": "cw-52079", "storeId": "chemist-warehouse" }
      ]
    },
    {
      "id": "w-726202-9310714213094",
      "name": "Schwarzkopf Extra Care Conditioner Marrakesh Oil",
      "brand": "Schwarzkopf",
      "imageUrls": "https://cdn0.woolworths.media/content/wowproductimages/large/726202.jpg",
      "storeId": "woolworths",
      "packageSize": "400ml",
      "cupPrice": "$0.86 / 100ML",
      "locations": {
        "ALL": {
          "price": 3.45,
          "discountRate": 50,
          "promo": "",
          "orgPrice": 6.9
        }
      },
      "categoryIds": ["w-health-beauty"],
      "similarProducts": []
    },
    {
      "id": "w-363573-9310714210642",
      "name": "Schwarzkopf Extra Care Conditioner Push Up Volume Hair Repair",
      "brand": "Schwarzkopf",
      "imageUrls": "https://cdn0.woolworths.media/content/wowproductimages/large/363573.jpg",
      "storeId": "woolworths",
      "packageSize": "400ml",
      "cupPrice": "$0.86 / 100ML",
      "locations": {
        "ALL": {
          "price": 3.45,
          "discountRate": 50,
          "promo": "",
          "orgPrice": 6.9
        }
      },
      "categoryIds": ["w-health-beauty"],
      "similarProducts": []
    },
    {
      "id": "w-859111-9310714223307",
      "name": "Schwarzkopf Extra Care Conditioner Normal Balance",
      "brand": "Schwarzkopf",
      "imageUrls": "https://cdn0.woolworths.media/content/wowproductimages/large/859111.jpg",
      "storeId": "woolworths",
      "packageSize": "250ml",
      "cupPrice": "$2.52 / 100ML",
      "locations": {
        "ALL": {
          "price": 6.3,
          "discountRate": 30,
          "promo": "",
          "orgPrice": 9
        }
      },
      "categoryIds": ["w-health-beauty"],
      "similarProducts": []
    },
    {
      "id": "w-683957-9310714221969",
      "name": "Schwarzkopf Extra Care Conditionner Supreme Length",
      "brand": "Schwarzkopf",
      "imageUrls": "https://cdn0.woolworths.media/content/wowproductimages/large/683957.jpg",
      "storeId": "woolworths",
      "packageSize": "400ml",
      "cupPrice": "$0.86 / 100ML",
      "locations": {
        "ALL": {
          "price": 3.45,
          "discountRate": 50,
          "promo": "",
          "orgPrice": 6.9
        }
      },
      "categoryIds": ["w-health-beauty"],
      "similarProducts": []
    },
    {
      "id": "w-22753-9310714467435",
      "name": "Schwarzkopf Extra Care Hair Spray Super Styling Lacquer",
      "brand": "Schwarzkopf",
      "imageUrls": "https://cdn0.woolworths.media/content/wowproductimages/large/022753.jpg",
      "storeId": "woolworths",
      "packageSize": "250g",
      "cupPrice": "$2.40 / 100G",
      "locations": {
        "ALL": { "price": 6, "discountRate": 14, "promo": "", "orgPrice": 7 }
      },
      "categoryIds": ["w-health-beauty"],
      "similarProducts": []
    },
    {
      "id": "w-378904-9310714211748",
      "name": "Schwarzkopf Extra Care Hair Spray Ultra Styling Lacquer",
      "brand": "Schwarzkopf",
      "imageUrls": "https://cdn0.woolworths.media/content/wowproductimages/large/378904.jpg",
      "storeId": "woolworths",
      "packageSize": "250g",
      "cupPrice": "$2.40 / 100G",
      "locations": {
        "ALL": { "price": 6, "discountRate": 14, "promo": "", "orgPrice": 7 }
      },
      "categoryIds": ["w-health-beauty"],
      "similarProducts": []
    },
    {
      "id": "w-699901-9310714222409",
      "name": "Schwarzkopf Extra Care Marrakesh Oil Conditioner",
      "brand": "Schwarzkopf",
      "imageUrls": "https://cdn0.woolworths.media/content/wowproductimages/large/699901.jpg",
      "storeId": "woolworths",
      "packageSize": "900ml",
      "cupPrice": "$0.78 / 100ML",
      "locations": {
        "ALL": { "price": 7, "discountRate": 50, "promo": "", "orgPrice": 14 }
      },
      "categoryIds": ["w-health-beauty"],
      "similarProducts": [
        { "productId": "cw-91750", "storeId": "chemist-warehouse" }
      ]
    },
    {
      "id": "w-699900-9310714222393",
      "name": "Schwarzkopf Extra Care Marrakesh Oil Shampoo",
      "brand": "Schwarzkopf",
      "imageUrls": "https://cdn0.woolworths.media/content/wowproductimages/large/699900.jpg",
      "storeId": "woolworths",
      "packageSize": "900ml",
      "cupPrice": "$0.78 / 100ML",
      "locations": {
        "ALL": { "price": 7, "discountRate": 50, "promo": "", "orgPrice": 14 }
      },
      "categoryIds": ["w-health-beauty"],
      "similarProducts": [
        { "productId": "cw-91751", "storeId": "chemist-warehouse" }
      ]
    },
    {
      "id": "w-727398-9310714213124",
      "name": "Schwarzkopf Extra Care Oil Treatment Elixir",
      "brand": "Schwarzkopf",
      "imageUrls": "https://cdn0.woolworths.media/content/wowproductimages/large/727398.jpg",
      "storeId": "woolworths",
      "packageSize": "75ml",
      "cupPrice": "$8.40 / 100ML",
      "locations": {
        "ALL": {
          "price": 6.3,
          "discountRate": 30,
          "promo": "",
          "orgPrice": 9
        }
      },
      "categoryIds": ["w-health-beauty"],
      "similarProducts": []
    },
    {
      "id": "w-208704-9310714100257",
      "name": "Schwarzkopf Extra Care Shampoo Colour Protect",
      "brand": "Schwarzkopf",
      "imageUrls": "https://cdn0.woolworths.media/content/wowproductimages/large/208704.jpg",
      "storeId": "woolworths",
      "packageSize": "400ml",
      "cupPrice": "$0.86 / 100ML",
      "locations": {
        "ALL": {
          "price": 3.45,
          "discountRate": 50,
          "promo": "",
          "orgPrice": 6.9
        }
      },
      "categoryIds": ["w-health-beauty"],
      "similarProducts": [
        { "productId": "cw-55588", "storeId": "chemist-warehouse" }
      ]
    },
    {
      "id": "w-589552-9310714221037",
      "name": "Schwarzkopf Extra Care Shampoo Fibre Therapy",
      "brand": "Schwarzkopf",
      "imageUrls": "https://cdn0.woolworths.media/content/wowproductimages/large/589552.jpg",
      "storeId": "woolworths",
      "packageSize": "400ml",
      "cupPrice": "$0.86 / 100ML",
      "locations": {
        "ALL": {
          "price": 3.45,
          "discountRate": 50,
          "promo": "",
          "orgPrice": 6.9
        }
      },
      "categoryIds": ["w-health-beauty"],
      "similarProducts": []
    },
    {
      "id": "w-208687-9310714100301",
      "name": "Schwarzkopf Extra Care Shampoo Liquid Silk",
      "brand": "Schwarzkopf",
      "imageUrls": "https://cdn0.woolworths.media/content/wowproductimages/large/208687.jpg",
      "storeId": "woolworths",
      "packageSize": "400ml",
      "cupPrice": "$0.86 / 100ML",
      "locations": {
        "ALL": {
          "price": 3.45,
          "discountRate": 50,
          "promo": "",
          "orgPrice": 6.9
        }
      },
      "categoryIds": ["w-health-beauty"],
      "similarProducts": [
        { "productId": "cw-52080", "storeId": "chemist-warehouse" }
      ]
    },
    {
      "id": "w-726195-9310714213087",
      "name": "Schwarzkopf Extra Care Shampoo Marrakesh Oil",
      "brand": "Schwarzkopf",
      "imageUrls": "https://cdn0.woolworths.media/content/wowproductimages/large/726195.jpg",
      "storeId": "woolworths",
      "packageSize": "400ml",
      "cupPrice": "$0.86 / 100ML",
      "locations": {
        "ALL": {
          "price": 3.45,
          "discountRate": 50,
          "promo": "",
          "orgPrice": 6.9
        }
      },
      "categoryIds": ["w-health-beauty"],
      "similarProducts": []
    },
    {
      "id": "w-363572-9310714210635",
      "name": "Schwarzkopf Extra Care Shampoo Push Up Volume Hair Repair",
      "brand": "Schwarzkopf",
      "imageUrls": "https://cdn0.woolworths.media/content/wowproductimages/large/363572.jpg",
      "storeId": "woolworths",
      "packageSize": "400ml",
      "cupPrice": "$0.86 / 100ML",
      "locations": {
        "ALL": {
          "price": 3.45,
          "discountRate": 50,
          "promo": "",
          "orgPrice": 6.9
        }
      },
      "categoryIds": ["w-health-beauty"],
      "similarProducts": []
    },
    {
      "id": "w-379198-9310714211403",
      "name": "Schwarzkopf Extra Care Shampoo Ultimate Repair",
      "brand": "Schwarzkopf",
      "imageUrls": "https://cdn0.woolworths.media/content/wowproductimages/large/379198.jpg",
      "storeId": "woolworths",
      "packageSize": "400ml",
      "cupPrice": "$0.86 / 100ML",
      "locations": {
        "ALL": {
          "price": 3.45,
          "discountRate": 50,
          "promo": "",
          "orgPrice": 6.9
        }
      },
      "categoryIds": ["w-health-beauty"],
      "similarProducts": []
    },
    {
      "id": "w-859107-9310714223376",
      "name": "Schwarzkopf Extra Care Shampoo Purple",
      "brand": "Schwarzkopf",
      "imageUrls": "https://cdn0.woolworths.media/content/wowproductimages/large/859107.jpg",
      "storeId": "woolworths",
      "packageSize": "250ml",
      "cupPrice": "$2.60 / 100ML",
      "locations": {
        "ALL": {
          "price": 6.5,
          "discountRate": 50,
          "promo": "",
          "orgPrice": 13
        }
      },
      "categoryIds": ["w-health-beauty"],
      "similarProducts": []
    },
    {
      "id": "w-683975-9310714221952",
      "name": "Schwarzkopf Extra Care Shampoo Supreme Length",
      "brand": "Schwarzkopf",
      "imageUrls": "https://cdn0.woolworths.media/content/wowproductimages/large/683975.jpg",
      "storeId": "woolworths",
      "packageSize": "400ml",
      "cupPrice": "$0.86 / 100ML",
      "locations": {
        "ALL": {
          "price": 3.45,
          "discountRate": 50,
          "promo": "",
          "orgPrice": 6.9
        }
      },
      "categoryIds": ["w-health-beauty"],
      "similarProducts": []
    },
    {
      "id": "w-784925-9310714216019",
      "name": "Schwarzkopf Extra Care Treatment 6 Miracles Oil",
      "brand": "Schwarzkopf",
      "imageUrls": "https://cdn0.woolworths.media/content/wowproductimages/large/784925.jpg",
      "storeId": "woolworths",
      "packageSize": "75ml",
      "cupPrice": "$10.27 / 100ML",
      "locations": {
        "ALL": {
          "price": 7.7,
          "discountRate": 30,
          "promo": "",
          "orgPrice": 11
        }
      },
      "categoryIds": ["w-health-beauty"],
      "similarProducts": []
    },
    {
      "id": "w-589716-9310714221068",
      "name": "Schwarzkopf Extra Care Treatment Fibre Therapy",
      "brand": "Schwarzkopf",
      "imageUrls": "https://cdn0.woolworths.media/content/wowproductimages/large/589716.jpg",
      "storeId": "woolworths",
      "packageSize": "80ml",
      "cupPrice": "$8.75 / 100ML",
      "locations": {
        "ALL": { "price": 7, "discountRate": 30, "promo": "", "orgPrice": 10 }
      },
      "categoryIds": ["w-health-beauty"],
      "similarProducts": []
    },
    {
      "id": "w-589539-9310714221112",
      "name": "Schwarzkopf Extra Care Treatment Marrakesh Oil",
      "brand": "Schwarzkopf",
      "imageUrls": "https://cdn0.woolworths.media/content/wowproductimages/large/589539.jpg",
      "storeId": "woolworths",
      "packageSize": "80ml",
      "cupPrice": "$9.56 / 100ML",
      "locations": {
        "ALL": {
          "price": 7.65,
          "discountRate": 30,
          "promo": "",
          "orgPrice": 11
        }
      },
      "categoryIds": ["w-health-beauty"],
      "similarProducts": []
    },
    {
      "id": "w-859023-9310714223291",
      "name": "Schwarzkopf Extra Care Treatment Normal Balance",
      "brand": "Schwarzkopf",
      "imageUrls": "https://cdn0.woolworths.media/content/wowproductimages/large/859023.jpg",
      "storeId": "woolworths",
      "packageSize": "150ml",
      "cupPrice": "$4.20 / 100ML",
      "locations": {
        "ALL": {
          "price": 6.3,
          "discountRate": 30,
          "promo": "",
          "orgPrice": 9
        }
      },
      "categoryIds": ["w-health-beauty"],
      "similarProducts": []
    },
    {
      "id": "w-683979-9310714221983",
      "name": "Schwarzkopf Extra Care Ultimate Repair Hair Mask",
      "brand": "Schwarzkopf",
      "imageUrls": "https://cdn0.woolworths.media/content/wowproductimages/large/683979.jpg",
      "storeId": "woolworths",
      "packageSize": "300ml",
      "cupPrice": "$2.33 / 100ML",
      "locations": {
        "ALL": { "price": 7, "discountRate": 30, "promo": "", "orgPrice": 10 }
      },
      "categoryIds": ["w-health-beauty"],
      "similarProducts": [
        { "productId": "cw-86900", "storeId": "chemist-warehouse" },
        { "productId": "cw-91757", "storeId": "chemist-warehouse" },
        { "productId": "cw-63578", "storeId": "chemist-warehouse" }
      ]
    },
    {
      "id": "w-605226-9310714220832",
      "name": "Schwarzkopf Gem Collection Brilliance 03 Dark Amethyst",
      "brand": "Schwarzkopf",
      "imageUrls": "https://cdn0.woolworths.media/content/wowproductimages/large/605226.jpg",
      "storeId": "woolworths",
      "packageSize": "each",
      "cupPrice": "$0.00 / 0",
      "locations": {
        "ALL": {
          "price": 7.2,
          "discountRate": 50,
          "promo": "",
          "orgPrice": 14.4
        }
      },
      "categoryIds": ["w-health-beauty"],
      "similarProducts": []
    },
    {
      "id": "w-742088-17000179445",
      "name": "Schwarzkopf Hair Mascara Temporary Grey Cover Up Black",
      "brand": "Schwarzkopf",
      "imageUrls": "https://cdn0.woolworths.media/content/wowproductimages/large/742088.jpg",
      "storeId": "woolworths",
      "packageSize": "each",
      "cupPrice": "$68.75 / 100ML",
      "locations": {
        "ALL": {
          "price": 11,
          "discountRate": 50,
          "promo": "",
          "orgPrice": 22
        }
      },
      "categoryIds": ["w-health-beauty"],
      "similarProducts": []
    },
    {
      "id": "w-742050-17000179247",
      "name": "Schwarzkopf Hair Mascara Temporary Grey Dark Blonde",
      "brand": "Schwarzkopf",
      "imageUrls": "https://cdn0.woolworths.media/content/wowproductimages/large/742050.jpg",
      "storeId": "woolworths",
      "packageSize": "each",
      "cupPrice": "$68.75 / 100ML",
      "locations": {
        "ALL": {
          "price": 11,
          "discountRate": 50,
          "promo": "",
          "orgPrice": 22
        }
      },
      "categoryIds": ["w-health-beauty"],
      "similarProducts": []
    },
    {
      "id": "w-705163-9310714212370",
      "name": "Schwarzkopf Live Salon Hair Colour 3.0 Dark Brown",
      "brand": "Schwarzkopf",
      "imageUrls": "https://cdn0.woolworths.media/content/wowproductimages/large/705163.jpg",
      "storeId": "woolworths",
      "packageSize": "each",
      "cupPrice": "$0.00 / 0",
      "locations": {
        "ALL": { "price": 7, "discountRate": 50, "promo": "", "orgPrice": 14 }
      },
      "categoryIds": ["w-health-beauty"],
      "similarProducts": []
    },
    {
      "id": "w-705174-9310714212479",
      "name": "Schwarzkopf Live Salon Hair Colour 7.1 Medium Ash Blond",
      "brand": "Schwarzkopf",
      "imageUrls": "https://cdn0.woolworths.media/content/wowproductimages/large/705174.jpg",
      "storeId": "woolworths",
      "packageSize": "each",
      "cupPrice": "$0.00 / 0",
      "locations": {
        "ALL": { "price": 7, "discountRate": 50, "promo": "", "orgPrice": 14 }
      },
      "categoryIds": ["w-health-beauty"],
      "similarProducts": [
        { "productId": "cw-65104", "storeId": "chemist-warehouse" }
      ]
    },
    {
      "id": "w-859115-9310714222973",
      "name": "Schwarzkopf Live Salon Permanent Colour 3.44 Petrol Black",
      "brand": "Schwarzkopf",
      "imageUrls": "https://cdn0.woolworths.media/content/wowproductimages/large/859115.jpg",
      "storeId": "woolworths",
      "packageSize": "each",
      "cupPrice": "$7.00 / 1EA",
      "locations": {
        "ALL": { "price": 7, "discountRate": 50, "promo": "", "orgPrice": 14 }
      },
      "categoryIds": ["w-health-beauty"],
      "similarProducts": [
        { "productId": "cw-91760", "storeId": "chemist-warehouse" }
      ]
    },
    {
      "id": "w-683751-9310714221594",
      "name": "Schwarzkopf Root Retoucher Black",
      "brand": "Schwarzkopf",
      "imageUrls": "https://cdn0.woolworths.media/content/wowproductimages/large/683751.jpg",
      "storeId": "woolworths",
      "packageSize": "70g",
      "cupPrice": "$12.86 / 100G",
      "locations": {
        "ALL": { "price": 9, "discountRate": 50, "promo": "", "orgPrice": 18 }
      },
      "categoryIds": ["w-health-beauty"],
      "similarProducts": []
    },
    {
      "id": "w-683766-9310714221600",
      "name": "Schwarzkopf Root Retoucher Dark Brown",
      "brand": "Schwarzkopf",
      "imageUrls": "https://cdn0.woolworths.media/content/wowproductimages/large/683766_2.jpg",
      "storeId": "woolworths",
      "packageSize": "70g",
      "cupPrice": "$12.86 / 100G",
      "locations": {
        "ALL": { "price": 9, "discountRate": 50, "promo": "", "orgPrice": 18 }
      },
      "categoryIds": ["w-health-beauty"],
      "similarProducts": []
    },
    {
      "id": "w-819568-8717163687611",
      "name": "Simple Biodegradable Face Wipes",
      "brand": "Simple",
      "imageUrls": "https://cdn0.woolworths.media/content/wowproductimages/large/819568.jpg",
      "storeId": "woolworths",
      "packageSize": "25 pack",
      "cupPrice": "$0.15 / 1EA",
      "locations": {
        "ALL": {
          "price": 3.75,
          "discountRate": 50,
          "promo": "",
          "orgPrice": 7.5
        }
      },
      "categoryIds": ["w-health-beauty"],
      "similarProducts": []
    },
    {
      "id": "w-779218-5011451106475",
      "name": "Simple Cleanser Vital Vitamin Foaming",
      "brand": "Simple",
      "imageUrls": "https://cdn0.woolworths.media/content/wowproductimages/large/779218.jpg",
      "storeId": "woolworths",
      "packageSize": "150ml",
      "cupPrice": "$4.17 / 100ML",
      "locations": {
        "ALL": {
          "price": 6.25,
          "discountRate": 50,
          "promo": "",
          "orgPrice": 12.5
        }
      },
      "categoryIds": ["w-health-beauty"],
      "similarProducts": []
    },
    {
      "id": "w-819567-8717163667132",
      "name": "Simple Daily Skin Detox Charcoal Purifying Sheet Mask",
      "brand": "Simple",
      "imageUrls": "https://cdn0.woolworths.media/content/wowproductimages/large/819567.jpg",
      "storeId": "woolworths",
      "packageSize": "21ml",
      "cupPrice": "$11.90 / 100ML",
      "locations": {
        "ALL": {
          "price": 2.5,
          "discountRate": 50,
          "promo": "",
          "orgPrice": 5
        }
      },
      "categoryIds": ["w-health-beauty"],
      "similarProducts": []
    },
    {
      "id": "w-819566-8710447473849",
      "name": "Simple Daily Skin Detox Face Wipes Clear + Matte",
      "brand": "Simple",
      "imageUrls": "https://cdn0.woolworths.media/content/wowproductimages/large/819566.jpg",
      "storeId": "woolworths",
      "packageSize": "25 pack",
      "cupPrice": "$0.15 / 1EA",
      "locations": {
        "ALL": {
          "price": 3.75,
          "discountRate": 50,
          "promo": "",
          "orgPrice": 7.5
        }
      },
      "categoryIds": ["w-health-beauty"],
      "similarProducts": []
    },
    {
      "id": "w-207769-5011451103917",
      "name": "Simple Kind To Eyes Make Up Remover Conditioning Eye",
      "brand": "Simple",
      "imageUrls": "https://cdn0.woolworths.media/content/wowproductimages/large/207769.jpg",
      "storeId": "woolworths",
      "packageSize": "125ml",
      "cupPrice": "$4.40 / 100ML",
      "locations": {
        "ALL": {
          "price": 5.5,
          "discountRate": 50,
          "promo": "",
          "orgPrice": 11
        }
      },
      "categoryIds": ["w-health-beauty"],
      "similarProducts": [
        { "productId": "cw-57167", "storeId": "chemist-warehouse" }
      ]
    },
    {
      "id": "w-207489-5011451103931",
      "name": "Simple Kind To Skin Light Moisturiser Hydrating",
      "brand": "Simple",
      "imageUrls": "https://cdn0.woolworths.media/content/wowproductimages/large/207489.jpg",
      "storeId": "woolworths",
      "packageSize": "125ml",
      "cupPrice": "$4.20 / 100ML",
      "locations": {
        "ALL": {
          "price": 5.25,
          "discountRate": 50,
          "promo": "",
          "orgPrice": 10.5
        }
      },
      "categoryIds": ["w-health-beauty"],
      "similarProducts": [
        { "productId": "cw-57159", "storeId": "chemist-warehouse" }
      ]
    },
    {
      "id": "w-819446-8717163667125",
      "name": "Simple Kind To Skin Sheet Mask Radiance Boosting",
      "brand": "Simple",
      "imageUrls": "https://cdn0.woolworths.media/content/wowproductimages/large/819446.jpg",
      "storeId": "woolworths",
      "packageSize": "21ml",
      "cupPrice": "$10.00 / 100ML",
      "locations": {
        "ALL": {
          "price": 2.5,
          "discountRate": 50,
          "promo": "",
          "orgPrice": 5
        }
      },
      "categoryIds": ["w-health-beauty"],
      "similarProducts": []
    },
    {
      "id": "w-674884-8710908711619",
      "name": "Simple Water Boost Facial Cleanser Micellar Water",
      "brand": "Simple",
      "imageUrls": "https://cdn0.woolworths.media/content/wowproductimages/large/674884.jpg",
      "storeId": "woolworths",
      "packageSize": "400ml",
      "cupPrice": "$1.63 / 100ML",
      "locations": {
        "ALL": {
          "price": 6.5,
          "discountRate": 50,
          "promo": "",
          "orgPrice": 13
        }
      },
      "categoryIds": ["w-health-beauty"],
      "similarProducts": []
    },
    {
      "id": "w-819449-8717163679555",
      "name": "Simple Water Boost Sheet Mask 5 Minute Reset Hydrogel",
      "brand": "Simple",
      "imageUrls": "https://cdn0.woolworths.media/content/wowproductimages/large/819449.jpg",
      "storeId": "woolworths",
      "packageSize": "33g",
      "cupPrice": "$7.46 / 100G",
      "locations": {
        "ALL": {
          "price": 2.5,
          "discountRate": 50,
          "promo": "",
          "orgPrice": 5
        }
      },
      "categoryIds": ["w-health-beauty"],
      "similarProducts": []
    },
    {
      "id": "w-823177-9312426006841",
      "name": "Skin Control Pimple Patch Am & Pm Mixed",
      "brand": "Skin Control",
      "imageUrls": "https://cdn0.woolworths.media/content/wowproductimages/large/823177.jpg",
      "storeId": "woolworths",
      "packageSize": "36 pack",
      "cupPrice": "$0.18 / 1EA",
      "locations": {
        "ALL": {
          "price": 6.3,
          "discountRate": 30,
          "promo": "",
          "orgPrice": 9
        }
      },
      "categoryIds": ["w-health-beauty"],
      "similarProducts": []
    },
    {
      "id": "w-409977-8809295013755",
      "name": "Skin Republic Collagen Hydro Under Eye Patch",
      "brand": "Skin Republic",
      "imageUrls": "https://cdn0.woolworths.media/content/wowproductimages/large/409977.jpg",
      "storeId": "woolworths",
      "packageSize": "each",
      "cupPrice": "$6.00 / 1EA",
      "locations": {
        "ALL": { "price": 6, "discountRate": 40, "promo": "", "orgPrice": 10 }
      },
      "categoryIds": ["w-health-beauty"],
      "similarProducts": [
        { "productId": "cw-74761", "storeId": "chemist-warehouse" }
      ]
    },
    {
      "id": "w-404165-8809313490964",
      "name": "Skin Republic Collagen Infusion Face Mask",
      "brand": "Skin Republic",
      "imageUrls": "https://cdn0.woolworths.media/content/wowproductimages/large/404165.jpg",
      "storeId": "woolworths",
      "packageSize": "each",
      "cupPrice": "$4.80 / 1EA",
      "locations": {
        "ALL": {
          "price": 4.8,
          "discountRate": 40,
          "promo": "",
          "orgPrice": 8
        }
      },
      "categoryIds": ["w-health-beauty"],
      "similarProducts": [
        { "productId": "cw-79180", "storeId": "chemist-warehouse" },
        { "productId": "cw-74760", "storeId": "chemist-warehouse" }
      ]
    },
    {
      "id": "w-675414-8809362069814",
      "name": "Skin Republic Facial Mask Charcoal Peel Off",
      "brand": "Skin Republic",
      "imageUrls": "https://cdn0.woolworths.media/content/wowproductimages/large/675414.jpg",
      "storeId": "woolworths",
      "packageSize": "each",
      "cupPrice": "$24.00 / 100ML",
      "locations": {
        "ALL": { "price": 6, "discountRate": 40, "promo": "", "orgPrice": 10 }
      },
      "categoryIds": ["w-health-beauty"],
      "similarProducts": []
    },
    {
      "id": "w-684901-8809208138193",
      "name": "Skin Republic Gold Hydrogel Face Mask",
      "brand": "Skin Republic",
      "imageUrls": "https://cdn0.woolworths.media/content/wowproductimages/large/684901.jpg",
      "storeId": "woolworths",
      "packageSize": "each",
      "cupPrice": "$0.00 / 0",
      "locations": {
        "ALL": {
          "price": 7.8,
          "discountRate": 40,
          "promo": "",
          "orgPrice": 13
        }
      },
      "categoryIds": ["w-health-beauty"],
      "similarProducts": [
        { "productId": "cw-79180", "storeId": "chemist-warehouse" },
        { "productId": "cw-82753", "storeId": "chemist-warehouse" }
      ]
    },
    {
      "id": "w-802587-8809295013175",
      "name": "Skin Republic Gold Peel-off",
      "brand": "Skin Republic",
      "imageUrls": "https://cdn0.woolworths.media/content/wowproductimages/large/802587.jpg",
      "storeId": "woolworths",
      "packageSize": "each",
      "cupPrice": "$28.89 / 100ML",
      "locations": {
        "ALL": {
          "price": 7.8,
          "discountRate": 40,
          "promo": "",
          "orgPrice": 13
        }
      },
      "categoryIds": ["w-health-beauty"],
      "similarProducts": []
    },
    {
      "id": "w-684900-8809511981646",
      "name": "Skin Republic Gold Under Eye Patches",
      "brand": "Skin Republic",
      "imageUrls": "https://cdn0.woolworths.media/content/wowproductimages/large/684900.jpg",
      "storeId": "woolworths",
      "packageSize": "2 pack",
      "cupPrice": "$7.80 / 1EA",
      "locations": {
        "ALL": {
          "price": 7.8,
          "discountRate": 40,
          "promo": "",
          "orgPrice": 13
        }
      },
      "categoryIds": ["w-health-beauty"],
      "similarProducts": [
        { "productId": "cw-74761", "storeId": "chemist-warehouse" },
        { "productId": "cw-85005", "storeId": "chemist-warehouse" }
      ]
    },
    {
      "id": "w-688926-8809313498373",
      "name": "Skin Republic Hyaluronic Acid & Collagen Face Mask",
      "brand": "Skin Republic",
      "imageUrls": "https://cdn0.woolworths.media/content/wowproductimages/large/688926.jpg",
      "storeId": "woolworths",
      "packageSize": "each",
      "cupPrice": "$15.00 / 100G",
      "locations": {
        "ALL": {
          "price": 4.8,
          "discountRate": 40,
          "promo": "",
          "orgPrice": 8
        }
      },
      "categoryIds": ["w-health-beauty"],
      "similarProducts": [
        { "productId": "cw-79179", "storeId": "chemist-warehouse" }
      ]
    },
    {
      "id": "w-684629-8809525540372",
      "name": "Skin Republic Hyaluronic Boost Youthfoil Mask",
      "brand": "Skin Republic",
      "imageUrls": "https://cdn0.woolworths.media/content/wowproductimages/large/684629.jpg",
      "storeId": "woolworths",
      "packageSize": "each",
      "cupPrice": "$9.00 / 1EA",
      "locations": {
        "ALL": { "price": 9, "discountRate": 40, "promo": "", "orgPrice": 15 }
      },
      "categoryIds": ["w-health-beauty"],
      "similarProducts": [
        { "productId": "cw-83524", "storeId": "chemist-warehouse" }
      ]
    },
    {
      "id": "w-595453-8809511980571",
      "name": "Skin Republic Purify & Charcoal Face Mask",
      "brand": "Skin Republic",
      "imageUrls": "https://cdn0.woolworths.media/content/wowproductimages/large/595453.jpg",
      "storeId": "woolworths",
      "packageSize": "each",
      "cupPrice": "$4.80 / 1EA",
      "locations": {
        "ALL": {
          "price": 4.8,
          "discountRate": 40,
          "promo": "",
          "orgPrice": 8
        }
      },
      "categoryIds": ["w-health-beauty"],
      "similarProducts": []
    },
    {
      "id": "w-821369-8809089292342",
      "name": "Skin Republic Retinol Under Eye Patch",
      "brand": "Skin Republic",
      "imageUrls": "https://cdn0.woolworths.media/content/wowproductimages/large/821369.jpg",
      "storeId": "woolworths",
      "packageSize": "9.6g",
      "cupPrice": "$6.00 / 1EA",
      "locations": {
        "ALL": { "price": 6, "discountRate": 40, "promo": "", "orgPrice": 10 }
      },
      "categoryIds": ["w-health-beauty"],
      "similarProducts": [
        { "productId": "cw-85005", "storeId": "chemist-warehouse" }
      ]
    },
    {
      "id": "w-731126-9336573000187",
      "name": "Slim Secrets Craving Crusher Cookies & Cream",
      "brand": "Slim Secrets",
      "imageUrls": "https://cdn0.woolworths.media/content/wowproductimages/large/731126.jpg",
      "storeId": "woolworths",
      "packageSize": "40g",
      "cupPrice": "$3.75 / 100G",
      "locations": {
        "ALL": {
          "price": 1.5,
          "discountRate": 50,
          "promo": "",
          "orgPrice": 3
        }
      },
      "categoryIds": ["w-health-beauty"],
      "similarProducts": []
    },
    {
      "id": "w-260398-9336573000040",
      "name": "Slim Secrets Mintabolism Boost Bar",
      "brand": "Slim Secrets",
      "imageUrls": "https://cdn0.woolworths.media/content/wowproductimages/large/260398.jpg",
      "storeId": "woolworths",
      "packageSize": "40g",
      "cupPrice": "$3.75 / 100G",
      "locations": {
        "ALL": {
          "price": 1.5,
          "discountRate": 50,
          "promo": "",
          "orgPrice": 3
        }
      },
      "categoryIds": ["w-health-beauty"],
      "similarProducts": []
    },
    {
      "id": "w-863251-9336573005007",
      "name": "Slim Secrets Protein Pud With Chia Salted Caramel",
      "brand": "Slim Secrets",
      "imageUrls": "https://cdn0.woolworths.media/content/wowproductimages/large/863251.jpg",
      "storeId": "woolworths",
      "packageSize": "115g",
      "cupPrice": "$1.96 / 100G",
      "locations": {
        "ALL": {
          "price": 2.25,
          "discountRate": 50,
          "promo": "",
          "orgPrice": 4.5
        }
      },
      "categoryIds": ["w-health-beauty"],
      "similarProducts": [
        { "productId": "cw-81844", "storeId": "chemist-warehouse" }
      ]
    },
    {
      "id": "w-814948-2100008149485",
      "name": "So... Kiss Me Perfumed Body Spray",
      "brand": "So... Kiss Me",
      "imageUrls": "https://cdn0.woolworths.media/content/wowproductimages/large/814948.jpg",
      "storeId": "woolworths",
      "packageSize": "150ml",
      "cupPrice": "$2.50 / 100ML",
      "locations": {
        "ALL": {
          "price": 3.75,
          "discountRate": 25,
          "promo": "",
          "orgPrice": 5
        }
      },
      "categoryIds": ["w-health-beauty"],
      "similarProducts": []
    },
    {
      "id": "w-824524-9312240710252",
      "name": "Solvol Heavy Duty Liquid Hand Cleaner",
      "brand": "Solvol",
      "imageUrls": "https://cdn0.woolworths.media/content/wowproductimages/large/824524.jpg",
      "storeId": "woolworths",
      "packageSize": "250ml",
      "cupPrice": "$0.00 / 0",
      "locations": {
        "ALL": {
          "price": 2.5,
          "discountRate": 50,
          "promo": "",
          "orgPrice": 5
        }
      },
      "categoryIds": ["w-health-beauty"],
      "similarProducts": []
    },
    {
      "id": "w-473053-5018389110253",
      "name": "So…? Body Spray",
      "brand": "So…?",
      "imageUrls": "https://cdn0.woolworths.media/content/wowproductimages/large/473053.jpg",
      "storeId": "woolworths",
      "packageSize": "150ml",
      "cupPrice": "$2.50 / 100ML",
      "locations": {
        "ALL": {
          "price": 3.75,
          "discountRate": 25,
          "promo": "",
          "orgPrice": 5
        }
      },
      "categoryIds": ["w-health-beauty"],
      "similarProducts": []
    },
    {
      "id": "w-473050-5018389140250",
      "name": "So…? Sinful Body Spray",
      "brand": "So…?",
      "imageUrls": "https://cdn0.woolworths.media/content/wowproductimages/large/473050.jpg",
      "storeId": "woolworths",
      "packageSize": "150ml",
      "cupPrice": "$2.50 / 100ML",
      "locations": {
        "ALL": {
          "price": 3.75,
          "discountRate": 25,
          "promo": "",
          "orgPrice": 5
        }
      },
      "categoryIds": ["w-health-beauty"],
      "similarProducts": []
    },
    {
      "id": "w-797873-9300830022069",
      "name": "St Ives Even & Bright Scrub Pink Lemon & Mandarin",
      "brand": "St Ives",
      "imageUrls": "https://cdn0.woolworths.media/content/wowproductimages/large/797873.jpg",
      "storeId": "woolworths",
      "packageSize": "150ml",
      "cupPrice": "$5.33 / 100ML",
      "locations": {
        "ALL": { "price": 8, "discountRate": 20, "promo": "", "orgPrice": 10 }
      },
      "categoryIds": ["w-health-beauty"],
      "similarProducts": []
    },
    {
      "id": "w-159444-5012254050132",
      "name": "St Ives Facial Scrub Apricot Blemish Control",
      "brand": "St Ives",
      "imageUrls": "https://cdn0.woolworths.media/content/wowproductimages/large/159444.jpg",
      "storeId": "woolworths",
      "packageSize": "150ml",
      "cupPrice": "$5.33 / 100ML",
      "locations": {
        "ALL": { "price": 8, "discountRate": 20, "promo": "", "orgPrice": 10 }
      },
      "categoryIds": ["w-health-beauty"],
      "similarProducts": []
    },
    {
      "id": "w-370899-9310158195512",
      "name": "St Ives Naturally Clear Scrub Green Tea",
      "brand": "St Ives",
      "imageUrls": "https://cdn0.woolworths.media/content/wowproductimages/large/370899.jpg",
      "storeId": "woolworths",
      "packageSize": "150ml",
      "cupPrice": "$5.33 / 100ML",
      "locations": {
        "ALL": { "price": 8, "discountRate": 20, "promo": "", "orgPrice": 10 }
      },
      "categoryIds": ["w-health-beauty"],
      "similarProducts": []
    },
    {
      "id": "w-53804-9300830053407",
      "name": "St Ives Scrub Coconut & Coffee",
      "brand": "St Ives",
      "imageUrls": "https://cdn0.woolworths.media/content/wowproductimages/large/053804.jpg",
      "storeId": "woolworths",
      "packageSize": "150ml",
      "cupPrice": "$5.33 / 100ML",
      "locations": {
        "ALL": { "price": 8, "discountRate": 20, "promo": "", "orgPrice": 10 }
      },
      "categoryIds": ["w-health-beauty"],
      "similarProducts": []
    },
    {
      "id": "w-698940-5060022300354",
      "name": "St Tropez Gradual Tan Body Lotion Medium/dark",
      "brand": "St Tropez",
      "imageUrls": "https://cdn0.woolworths.media/content/wowproductimages/large/698940.jpg",
      "storeId": "woolworths",
      "packageSize": "200ml",
      "cupPrice": "$10.00 / 100ML",
      "locations": {
        "ALL": {
          "price": 20,
          "discountRate": 41,
          "promo": "",
          "orgPrice": 34
        }
      },
      "categoryIds": ["w-health-beauty"],
      "similarProducts": []
    },
    {
      "id": "w-698935-5060022300521",
      "name": "St Tropez Self Tan Bronzing Mousse",
      "brand": "St Tropez",
      "imageUrls": "https://cdn0.woolworths.media/content/wowproductimages/large/698935.jpg",
      "storeId": "woolworths",
      "packageSize": "120ml",
      "cupPrice": "$20.00 / 100ML",
      "locations": {
        "ALL": {
          "price": 24,
          "discountRate": 40,
          "promo": "",
          "orgPrice": 40
        }
      },
      "categoryIds": ["w-health-beauty"],
      "similarProducts": []
    },
    {
      "id": "w-370631-9300607551174",
      "name": "Stayfree Pads Ultra Thin Regular Wing",
      "brand": "Stayfree",
      "imageUrls": "https://cdn0.woolworths.media/content/wowproductimages/large/370631.jpg",
      "storeId": "woolworths",
      "packageSize": "14 pack",
      "cupPrice": "$0.19 / 1EA",
      "locations": {
        "ALL": {
          "price": 2.7,
          "discountRate": 40,
          "promo": "",
          "orgPrice": 4.5
        }
      },
      "categoryIds": ["w-health-beauty"],
      "similarProducts": []
    },
    {
      "id": "w-44861-9300607550559",
      "name": "Stayfree Ultra Thin All Nights With Wings",
      "brand": "Stayfree",
      "imageUrls": "https://cdn0.woolworths.media/content/wowproductimages/large/044861.jpg",
      "storeId": "woolworths",
      "packageSize": "10 pack",
      "cupPrice": "$0.27 / 1EA",
      "locations": {
        "ALL": {
          "price": 2.7,
          "discountRate": 40,
          "promo": "",
          "orgPrice": 4.5
        }
      },
      "categoryIds": ["w-health-beauty"],
      "similarProducts": [
        { "productId": "cw-66566", "storeId": "chemist-warehouse" }
      ]
    },
    {
      "id": "w-233495-9300607550887",
      "name": "Stayfree Ultra Thin Pads Light With Wings",
      "brand": "Stayfree",
      "imageUrls": "https://cdn0.woolworths.media/content/wowproductimages/large/233495.jpg",
      "storeId": "woolworths",
      "packageSize": "16 pack",
      "cupPrice": "$0.17 / 1EA",
      "locations": {
        "ALL": {
          "price": 2.7,
          "discountRate": 40,
          "promo": "",
          "orgPrice": 4.5
        }
      },
      "categoryIds": ["w-health-beauty"],
      "similarProducts": []
    },
    {
      "id": "w-58657-9300607550733",
      "name": "Stayfree Ultra Thin Pads Super With Wings",
      "brand": "Stayfree",
      "imageUrls": "https://cdn0.woolworths.media/content/wowproductimages/large/058657.jpg",
      "storeId": "woolworths",
      "packageSize": "12 pack",
      "cupPrice": "$0.23 / 1EA",
      "locations": {
        "ALL": {
          "price": 2.7,
          "discountRate": 40,
          "promo": "",
          "orgPrice": 4.5
        }
      },
      "categoryIds": ["w-health-beauty"],
      "similarProducts": []
    },
    {
      "id": "w-43591-9316899130003",
      "name": "Stop Itch Plus Antiseptic First Aid Itch Cream",
      "brand": "Stop Itch Plus",
      "imageUrls": "https://cdn0.woolworths.media/content/wowproductimages/large/043591.jpg",
      "storeId": "woolworths",
      "packageSize": "50g",
      "cupPrice": "$10.00 / 100G",
      "locations": {
        "ALL": { "price": 5, "discountRate": 29, "promo": "", "orgPrice": 7 }
      },
      "categoryIds": ["w-health-beauty"],
      "similarProducts": []
    },
    {
      "id": "w-83378-9300711149991",
      "name": "Strepsils Double Antibacterial Lozenges Menthol & Mint",
      "brand": "Strepsils",
      "imageUrls": "https://cdn0.woolworths.media/content/wowproductimages/large/083378.jpg",
      "storeId": "woolworths",
      "packageSize": "36 pack",
      "cupPrice": "$0.24 / 1EA",
      "locations": {
        "ALL": {
          "price": 8.5,
          "discountRate": 19,
          "promo": "",
          "orgPrice": 10.5
        }
      },
      "categoryIds": ["w-health-beauty"],
      "similarProducts": []
    },
    {
      "id": "w-303938-9300631379737",
      "name": "Strepsils Double Antibacterial Soothing Sore Throat Lozenges Orange",
      "brand": "Strepsils",
      "imageUrls": "https://cdn0.woolworths.media/content/wowproductimages/large/303938.jpg",
      "storeId": "woolworths",
      "packageSize": "36 pack",
      "cupPrice": "$0.22 / 1EA",
      "locations": {
        "ALL": {
          "price": 8,
          "discountRate": 24,
          "promo": "",
          "orgPrice": 10.5
        }
      },
      "categoryIds": ["w-health-beauty"],
      "similarProducts": []
    },
    {
      "id": "w-303925-9300631373575",
      "name": "Strepsils Double Antibacterial? Soothing Throat Lozenge Honey And Lemon",
      "brand": "Strepsils",
      "imageUrls": "https://cdn0.woolworths.media/content/wowproductimages/large/303925.jpg",
      "storeId": "woolworths",
      "packageSize": "36 pack",
      "cupPrice": "$0.22 / 1EA",
      "locations": {
        "ALL": {
          "price": 8,
          "discountRate": 24,
          "promo": "",
          "orgPrice": 10.5
        }
      },
      "categoryIds": ["w-health-beauty"],
      "similarProducts": []
    },
    {
      "id": "w-82798-9300711581043",
      "name": "Strepsils Extra Blackcurrant Fast Numbing Pain Relief  Lozenges",
      "brand": "Strepsils",
      "imageUrls": "https://cdn0.woolworths.media/content/wowproductimages/large/082798.jpg",
      "storeId": "woolworths",
      "packageSize": "36 pack",
      "cupPrice": "$12.00 / 1EA",
      "locations": {
        "ALL": {
          "price": 12,
          "discountRate": 25,
          "promo": "",
          "orgPrice": 16
        }
      },
      "categoryIds": ["w-health-beauty"],
      "similarProducts": []
    },
    {
      "id": "w-821282-9300711650459",
      "name": "Strepsils Extra Honey And Lemon Sore Throat Fast Numb Lozenges",
      "brand": "Strepsils",
      "imageUrls": "https://cdn0.woolworths.media/content/wowproductimages/large/821282.jpg",
      "storeId": "woolworths",
      "packageSize": "36 pack",
      "cupPrice": "$0.33 / 1EA",
      "locations": {
        "ALL": {
          "price": 12,
          "discountRate": 25,
          "promo": "",
          "orgPrice": 16
        }
      },
      "categoryIds": ["w-health-beauty"],
      "similarProducts": []
    },
    {
      "id": "w-756253-9300711496279",
      "name": "Strepsils Plus Anaesthetic Sore Throat Numbing Pain Relief Lozenges",
      "brand": "Strepsils",
      "imageUrls": "https://cdn0.woolworths.media/content/wowproductimages/large/756253.jpg",
      "storeId": "woolworths",
      "packageSize": "36 pack",
      "cupPrice": "$33.33 / 100EA",
      "locations": {
        "ALL": {
          "price": 12,
          "discountRate": 25,
          "promo": "",
          "orgPrice": 16
        }
      },
      "categoryIds": ["w-health-beauty"],
      "similarProducts": [
        {
          "productId": "strepsils-plus-anaesthetic-lozenges",
          "storeId": "coles"
        }
      ]
    },
    {
      "id": "w-84531-9300711091597",
      "name": "Strepsils Plus Blocked Nose",
      "brand": "Strepsils",
      "imageUrls": "https://cdn0.woolworths.media/content/wowproductimages/large/084531.jpg",
      "storeId": "woolworths",
      "packageSize": "36 pack",
      "cupPrice": "$0.33 / 1EA",
      "locations": {
        "ALL": {
          "price": 12,
          "discountRate": 25,
          "promo": "",
          "orgPrice": 16
        }
      },
      "categoryIds": ["w-health-beauty"],
      "similarProducts": []
    },
    {
      "id": "w-841550-9300711039599",
      "name": "Strepsils Sore Throat Sugar Free Lemon Lozenges",
      "brand": "Strepsils",
      "imageUrls": "https://cdn0.woolworths.media/content/wowproductimages/large/841550.jpg",
      "storeId": "woolworths",
      "packageSize": "36 pack",
      "cupPrice": "$0.22 / 1EA",
      "locations": {
        "ALL": {
          "price": 8,
          "discountRate": 24,
          "promo": "",
          "orgPrice": 10.5
        }
      },
      "categoryIds": ["w-health-beauty"],
      "similarProducts": []
    },
    {
      "id": "w-841545-9300711039605",
      "name": "Strepsils Sore Throat Sugar Free Strawberry Lozenges",
      "brand": "Strepsils",
      "imageUrls": "https://cdn0.woolworths.media/content/wowproductimages/large/841545.jpg",
      "storeId": "woolworths",
      "packageSize": "36 pack",
      "cupPrice": "$0.22 / 1EA",
      "locations": {
        "ALL": {
          "price": 8,
          "discountRate": 24,
          "promo": "",
          "orgPrice": 10.5
        }
      },
      "categoryIds": ["w-health-beauty"],
      "similarProducts": []
    },
    {
      "id": "w-715365-9300607080070",
      "name": "Sudafed Pe Nasal Decongestant",
      "brand": "Sudafed",
      "imageUrls": "https://cdn0.woolworths.media/content/wowproductimages/large/715365.jpg",
      "storeId": "woolworths",
      "packageSize": "20 pack",
      "cupPrice": "$0.64 / 1EA",
      "locations": {
        "ALL": {
          "price": 12.7,
          "discountRate": 9,
          "promo": "",
          "orgPrice": 14
        }
      },
      "categoryIds": ["w-health-beauty"],
      "similarProducts": []
    },
    {
      "id": "w-755759-9300607080216",
      "name": "Sudafed Pe Sinus + Anti-inflammatory Pain Relief Double Action",
      "brand": "Sudafed",
      "imageUrls": "https://cdn0.woolworths.media/content/wowproductimages/large/755759.jpg",
      "storeId": "woolworths",
      "packageSize": "20 pack",
      "cupPrice": "$0.65 / 1EA",
      "locations": {
        "ALL": {
          "price": 13,
          "discountRate": 16,
          "promo": "",
          "orgPrice": 15.5
        }
      },
      "categoryIds": ["w-health-beauty"],
      "similarProducts": [
        { "productId": "cw-61178", "storeId": "chemist-warehouse" }
      ]
    },
    {
      "id": "w-715402-9300607080100",
      "name": "Sudafed Pe Sinus + Pain Relief",
      "brand": "Sudafed",
      "imageUrls": "https://cdn0.woolworths.media/content/wowproductimages/large/715402.jpg",
      "storeId": "woolworths",
      "packageSize": "20 pack",
      "cupPrice": "$0.65 / 1EA",
      "locations": {
        "ALL": {
          "price": 13,
          "discountRate": 9,
          "promo": "",
          "orgPrice": 14.3
        }
      },
      "categoryIds": ["w-health-beauty"],
      "similarProducts": []
    },
    {
      "id": "w-486428-9300830029785",
      "name": "Sunsilk Biotin Conditioner Longer & Stronger",
      "brand": "Sunsilk",
      "imageUrls": "https://cdn0.woolworths.media/content/wowproductimages/large/486428.jpg",
      "storeId": "woolworths",
      "packageSize": "350ml",
      "cupPrice": "$0.79 / 100ML",
      "locations": {
        "ALL": {
          "price": 2.75,
          "discountRate": 50,
          "promo": "",
          "orgPrice": 5.5
        }
      },
      "categoryIds": ["w-health-beauty"],
      "similarProducts": []
    },
    {
      "id": "w-486433-9300830029235",
      "name": "Sunsilk Biotin Shampoo Longer & Stronger",
      "brand": "Sunsilk",
      "imageUrls": "https://cdn0.woolworths.media/content/wowproductimages/large/486433.jpg",
      "storeId": "woolworths",
      "packageSize": "350ml",
      "cupPrice": "$0.79 / 100ML",
      "locations": {
        "ALL": {
          "price": 2.75,
          "discountRate": 50,
          "promo": "",
          "orgPrice": 5.5
        }
      },
      "categoryIds": ["w-health-beauty"],
      "similarProducts": []
    },
    {
      "id": "w-463195-9300830032204",
      "name": "Sunsilk Biotin Shampoo Longer & Stronger",
      "brand": "Sunsilk",
      "imageUrls": "https://cdn0.woolworths.media/content/wowproductimages/large/463195.jpg",
      "storeId": "woolworths",
      "packageSize": "700ml",
      "cupPrice": "$0.71 / 100ML",
      "locations": {
        "ALL": { "price": 5, "discountRate": 50, "promo": "", "orgPrice": 10 }
      },
      "categoryIds": ["w-health-beauty"],
      "similarProducts": []
    },
    {
      "id": "w-463191-9300830030675",
      "name": "Sunsilk Conditioner Addictive Brilliant Shine",
      "brand": "Sunsilk",
      "imageUrls": "https://cdn0.woolworths.media/content/wowproductimages/large/463191.jpg",
      "storeId": "woolworths",
      "packageSize": "700ml",
      "cupPrice": "$0.71 / 100ML",
      "locations": {
        "ALL": { "price": 5, "discountRate": 50, "promo": "", "orgPrice": 10 }
      },
      "categoryIds": ["w-health-beauty"],
      "similarProducts": []
    },
    {
      "id": "w-463180-9300830030989",
      "name": "Sunsilk Conditioner Soft & Smooth",
      "brand": "Sunsilk",
      "imageUrls": "https://cdn0.woolworths.media/content/wowproductimages/large/463180.jpg",
      "storeId": "woolworths",
      "packageSize": "700ml",
      "cupPrice": "$0.71 / 100ML",
      "locations": {
        "ALL": { "price": 5, "discountRate": 50, "promo": "", "orgPrice": 10 }
      },
      "categoryIds": ["w-health-beauty"],
      "similarProducts": []
    },
    {
      "id": "w-804087-9300830048502",
      "name": "Sunsilk Conditioner Summer Care",
      "brand": "Sunsilk",
      "imageUrls": "https://cdn0.woolworths.media/content/wowproductimages/large/804087.jpg",
      "storeId": "woolworths",
      "packageSize": "700ml",
      "cupPrice": "$0.71 / 100ML",
      "locations": {
        "ALL": { "price": 5, "discountRate": 50, "promo": "", "orgPrice": 10 }
      },
      "categoryIds": ["w-health-beauty"],
      "similarProducts": []
    },
    {
      "id": "w-463182-9300830030743",
      "name": "Sunsilk Keratin Conditioner Defeat Damage",
      "brand": "Sunsilk",
      "imageUrls": "https://cdn0.woolworths.media/content/wowproductimages/large/463182.jpg",
      "storeId": "woolworths",
      "packageSize": "700ml",
      "cupPrice": "$0.71 / 100ML",
      "locations": {
        "ALL": { "price": 5, "discountRate": 50, "promo": "", "orgPrice": 10 }
      },
      "categoryIds": ["w-health-beauty"],
      "similarProducts": []
    },
    {
      "id": "w-486476-9300830029099",
      "name": "Sunsilk Keratin Conditioner Defeat Damage",
      "brand": "Sunsilk",
      "imageUrls": "https://cdn0.woolworths.media/content/wowproductimages/large/486476.jpg",
      "storeId": "woolworths",
      "packageSize": "350ml",
      "cupPrice": "$0.79 / 100ML",
      "locations": {
        "ALL": {
          "price": 2.75,
          "discountRate": 50,
          "promo": "",
          "orgPrice": 5.5
        }
      },
      "categoryIds": ["w-health-beauty"],
      "similarProducts": []
    },
    {
      "id": "w-486482-9300830028863",
      "name": "Sunsilk Keratin Shampoo Defeat Damage",
      "brand": "Sunsilk",
      "imageUrls": "https://cdn0.woolworths.media/content/wowproductimages/large/486482.jpg",
      "storeId": "woolworths",
      "packageSize": "350ml",
      "cupPrice": "$0.79 / 100ML",
      "locations": {
        "ALL": {
          "price": 2.75,
          "discountRate": 50,
          "promo": "",
          "orgPrice": 5.5
        }
      },
      "categoryIds": ["w-health-beauty"],
      "similarProducts": []
    },
    {
      "id": "w-463192-9300830032341",
      "name": "Sunsilk Shampoo Defeat Damage",
      "brand": "Sunsilk",
      "imageUrls": "https://cdn0.woolworths.media/content/wowproductimages/large/463192.jpg",
      "storeId": "woolworths",
      "packageSize": "700ml",
      "cupPrice": "$0.71 / 100ML",
      "locations": {
        "ALL": { "price": 5, "discountRate": 50, "promo": "", "orgPrice": 10 }
      },
      "categoryIds": ["w-health-beauty"],
      "similarProducts": []
    },
    {
      "id": "w-486414-9300830029402",
      "name": "Sunsilk Shampoo Detox For Men",
      "brand": "Sunsilk",
      "imageUrls": "https://cdn0.woolworths.media/content/wowproductimages/large/486414.jpg",
      "storeId": "woolworths",
      "packageSize": "350ml",
      "cupPrice": "$0.79 / 100ML",
      "locations": {
        "ALL": {
          "price": 2.75,
          "discountRate": 50,
          "promo": "",
          "orgPrice": 5.5
        }
      },
      "categoryIds": ["w-health-beauty"],
      "similarProducts": []
    },
    {
      "id": "w-463194-9300830032587",
      "name": "Sunsilk Shampoo Soft & Smooth",
      "brand": "Sunsilk",
      "imageUrls": "https://cdn0.woolworths.media/content/wowproductimages/large/463194.jpg",
      "storeId": "woolworths",
      "packageSize": "700ml",
      "cupPrice": "$0.71 / 100ML",
      "locations": {
        "ALL": { "price": 5, "discountRate": 50, "promo": "", "orgPrice": 10 }
      },
      "categoryIds": ["w-health-beauty"],
      "similarProducts": []
    },
    {
      "id": "w-486506-9300830028559",
      "name": "Sunsilk Soft & Smooth Conditioner",
      "brand": "Sunsilk",
      "imageUrls": "https://cdn0.woolworths.media/content/wowproductimages/large/486506.jpg",
      "storeId": "woolworths",
      "packageSize": "350ml",
      "cupPrice": "$0.79 / 100ML",
      "locations": {
        "ALL": {
          "price": 2.75,
          "discountRate": 50,
          "promo": "",
          "orgPrice": 5.5
        }
      },
      "categoryIds": ["w-health-beauty"],
      "similarProducts": []
    },
    {
      "id": "w-486505-9300830029549",
      "name": "Sunsilk Soft & Smooth Shampoo",
      "brand": "Sunsilk",
      "imageUrls": "https://cdn0.woolworths.media/content/wowproductimages/large/486505.jpg",
      "storeId": "woolworths",
      "packageSize": "350ml",
      "cupPrice": "$0.79 / 100ML",
      "locations": {
        "ALL": {
          "price": 2.75,
          "discountRate": 50,
          "promo": "",
          "orgPrice": 5.5
        }
      },
      "categoryIds": ["w-health-beauty"],
      "similarProducts": []
    },
    {
      "id": "w-804094-9300830048472",
      "name": "Sunsilk Summer Care Conditioner",
      "brand": "Sunsilk",
      "imageUrls": "https://cdn0.woolworths.media/content/wowproductimages/large/804094.jpg",
      "storeId": "woolworths",
      "packageSize": "350ml",
      "cupPrice": "$0.79 / 100ML",
      "locations": {
        "ALL": {
          "price": 2.75,
          "discountRate": 50,
          "promo": "",
          "orgPrice": 5.5
        }
      },
      "categoryIds": ["w-health-beauty"],
      "similarProducts": []
    },
    {
      "id": "w-804093-9300830048496",
      "name": "Sunsilk Summer Care Shampoo Coconut Oil & Hibiscus",
      "brand": "Sunsilk",
      "imageUrls": "https://cdn0.woolworths.media/content/wowproductimages/large/804093.jpg",
      "storeId": "woolworths",
      "packageSize": "700ml",
      "cupPrice": "$0.71 / 100ML",
      "locations": {
        "ALL": { "price": 5, "discountRate": 50, "promo": "", "orgPrice": 10 }
      },
      "categoryIds": ["w-health-beauty"],
      "similarProducts": []
    },
    {
      "id": "w-804088-9300830048489",
      "name": "Sunsilk Summer Care Shampoo",
      "brand": "Sunsilk",
      "imageUrls": "https://cdn0.woolworths.media/content/wowproductimages/large/804088.jpg",
      "storeId": "woolworths",
      "packageSize": "350ml",
      "cupPrice": "$0.79 / 100ML",
      "locations": {
        "ALL": {
          "price": 2.75,
          "discountRate": 50,
          "promo": "",
          "orgPrice": 5.5
        }
      },
      "categoryIds": ["w-health-beauty"],
      "similarProducts": []
    },
    {
      "id": "w-486510-9300830029167",
      "name": "Sunsilk Total Care 2 In 1 Shampoo",
      "brand": "Sunsilk",
      "imageUrls": "https://cdn0.woolworths.media/content/wowproductimages/large/486510.jpg",
      "storeId": "woolworths",
      "packageSize": "350ml",
      "cupPrice": "$0.79 / 100ML",
      "locations": {
        "ALL": {
          "price": 2.75,
          "discountRate": 50,
          "promo": "",
          "orgPrice": 5.5
        }
      },
      "categoryIds": ["w-health-beauty"],
      "similarProducts": []
    },
    {
      "id": "w-86765-9351594001593",
      "name": "Sup Clear Skin Capsules",
      "brand": "Sup",
      "imageUrls": "https://cdn0.woolworths.media/content/wowproductimages/large/086765.jpg",
      "storeId": "woolworths",
      "packageSize": "30 pack",
      "cupPrice": "$33.33 / 100EA",
      "locations": {
        "ALL": {
          "price": 10,
          "discountRate": 50,
          "promo": "",
          "orgPrice": 20
        }
      },
      "categoryIds": ["w-health-beauty"],
      "similarProducts": [
        { "productId": "cw-101721", "storeId": "chemist-warehouse" }
      ]
    },
    {
      "id": "w-58991-9351594001364",
      "name": "Sup Collagen Hair Skin & Nails",
      "brand": "Sup",
      "imageUrls": "https://cdn0.woolworths.media/content/wowproductimages/large/058991.jpg",
      "storeId": "woolworths",
      "packageSize": "60 pack",
      "cupPrice": "$15.83 / 100EA",
      "locations": {
        "ALL": {
          "price": 9.5,
          "discountRate": 50,
          "promo": "",
          "orgPrice": 19
        }
      },
      "categoryIds": ["w-health-beauty"],
      "similarProducts": []
    },
    {
      "id": "w-814992-9351594001005",
      "name": "Sup Focus Mental Performance Supplements",
      "brand": "Sup",
      "imageUrls": "https://cdn0.woolworths.media/content/wowproductimages/large/814992.jpg",
      "storeId": "woolworths",
      "packageSize": "25 pack",
      "cupPrice": "$50.00 / 100EA",
      "locations": {
        "ALL": {
          "price": 12.5,
          "discountRate": 50,
          "promo": "",
          "orgPrice": 25
        }
      },
      "categoryIds": ["w-health-beauty"],
      "similarProducts": []
    },
    {
      "id": "w-86378-9351594001586",
      "name": "Sup Good Hair Day Tablets",
      "brand": "Sup",
      "imageUrls": "https://cdn0.woolworths.media/content/wowproductimages/large/086378.jpg",
      "storeId": "woolworths",
      "packageSize": "30 pack",
      "cupPrice": "$33.33 / 100EA",
      "locations": {
        "ALL": {
          "price": 10,
          "discountRate": 50,
          "promo": "",
          "orgPrice": 20
        }
      },
      "categoryIds": ["w-health-beauty"],
      "similarProducts": [
        { "productId": "cw-101730", "storeId": "chemist-warehouse" }
      ]
    },
    {
      "id": "w-59009-9351594001302",
      "name": "Sup Gut Love 7.5b Probiotics",
      "brand": "Sup",
      "imageUrls": "https://cdn0.woolworths.media/content/wowproductimages/large/059009.jpg",
      "storeId": "woolworths",
      "packageSize": "60 pack",
      "cupPrice": "$20.83 / 100EA",
      "locations": {
        "ALL": {
          "price": 12.5,
          "discountRate": 50,
          "promo": "",
          "orgPrice": 25
        }
      },
      "categoryIds": ["w-health-beauty"],
      "similarProducts": []
    },
    {
      "id": "w-86400-9351594001579",
      "name": "Sup Gut Love Debloat Capsules",
      "brand": "Sup",
      "imageUrls": "https://cdn0.woolworths.media/content/wowproductimages/large/086400.jpg",
      "storeId": "woolworths",
      "packageSize": "30 pack",
      "cupPrice": "$33.33 / 100EA",
      "locations": {
        "ALL": {
          "price": 10,
          "discountRate": 50,
          "promo": "",
          "orgPrice": 20
        }
      },
      "categoryIds": ["w-health-beauty"],
      "similarProducts": [
        { "productId": "cw-101724", "storeId": "chemist-warehouse" }
      ]
    },
    {
      "id": "w-86694-9351594001531",
      "name": "Sup Hair Skin & Nails Gummies Raspberry Flavour",
      "brand": "Sup",
      "imageUrls": "https://cdn0.woolworths.media/content/wowproductimages/large/086694.jpg",
      "storeId": "woolworths",
      "packageSize": "60 pack",
      "cupPrice": "$16.67 / 100EA",
      "locations": {
        "ALL": {
          "price": 10,
          "discountRate": 50,
          "promo": "",
          "orgPrice": 20
        }
      },
      "categoryIds": ["w-health-beauty"],
      "similarProducts": []
    },
    {
      "id": "w-814702-9351594001012",
      "name": "Sup Inner Glow Collagen Boost Supplements",
      "brand": "Sup",
      "imageUrls": "https://cdn0.woolworths.media/content/wowproductimages/large/814702.jpg",
      "storeId": "woolworths",
      "packageSize": "30 pack",
      "cupPrice": "$38.33 / 100EA",
      "locations": {
        "ALL": {
          "price": 11.5,
          "discountRate": 50,
          "promo": "",
          "orgPrice": 23
        }
      },
      "categoryIds": ["w-health-beauty"],
      "similarProducts": []
    },
    {
      "id": "w-814711-9351594000961",
      "name": "Sup Men's Essentials Supplements",
      "brand": "Sup",
      "imageUrls": "https://cdn0.woolworths.media/content/wowproductimages/large/814711.jpg",
      "storeId": "woolworths",
      "packageSize": "30 pack",
      "cupPrice": "$38.33 / 100EA",
      "locations": {
        "ALL": {
          "price": 11.5,
          "discountRate": 50,
          "promo": "",
          "orgPrice": 23
        }
      },
      "categoryIds": ["w-health-beauty"],
      "similarProducts": []
    },
    {
      "id": "w-84961-9351594001555",
      "name": "Sup Multi Essentials Gummies Berry Orange & Lemon Flavour",
      "brand": "Sup",
      "imageUrls": "https://cdn0.woolworths.media/content/wowproductimages/large/084961.jpg",
      "storeId": "woolworths",
      "packageSize": "65 pack",
      "cupPrice": "$15.38 / 100EA",
      "locations": {
        "ALL": {
          "price": 10,
          "discountRate": 50,
          "promo": "",
          "orgPrice": 20
        }
      },
      "categoryIds": ["w-health-beauty"],
      "similarProducts": []
    },
    {
      "id": "w-58989-9351594001272",
      "name": "Sup Omg Magnesium",
      "brand": "Sup",
      "imageUrls": "https://cdn0.woolworths.media/content/wowproductimages/large/058989.jpg",
      "storeId": "woolworths",
      "packageSize": "60 pack",
      "cupPrice": "$11.67 / 100EA",
      "locations": {
        "ALL": { "price": 7, "discountRate": 50, "promo": "", "orgPrice": 14 }
      },
      "categoryIds": ["w-health-beauty"],
      "similarProducts": []
    },
    {
      "id": "w-58977-9351594001418",
      "name": "Sup Shots Collagen Hair Skin & Nails",
      "brand": "Sup",
      "imageUrls": "https://cdn0.woolworths.media/content/wowproductimages/large/058977.jpg",
      "storeId": "woolworths",
      "packageSize": "8 pack x 50ml",
      "cupPrice": "$3.13 / 100ML",
      "locations": {
        "ALL": {
          "price": 12.5,
          "discountRate": 50,
          "promo": "",
          "orgPrice": 25
        }
      },
      "categoryIds": ["w-health-beauty"],
      "similarProducts": []
    },
    {
      "id": "w-58979-9351594001401",
      "name": "Sup Shots Fit Energy - Fuel Ignite Train",
      "brand": "Sup",
      "imageUrls": "https://cdn0.woolworths.media/content/wowproductimages/large/058979.jpg",
      "storeId": "woolworths",
      "packageSize": "8 pack x 50ml",
      "cupPrice": "$3.13 / 100ML",
      "locations": {
        "ALL": {
          "price": 12.5,
          "discountRate": 50,
          "promo": "",
          "orgPrice": 25
        }
      },
      "categoryIds": ["w-health-beauty"],
      "similarProducts": []
    },
    {
      "id": "w-58964-9351594001395",
      "name": "Sup Shots Gut Love",
      "brand": "Sup",
      "imageUrls": "https://cdn0.woolworths.media/content/wowproductimages/large/058964.jpg",
      "storeId": "woolworths",
      "packageSize": "8 pack x 50ml",
      "cupPrice": "$3.13 / 100ML",
      "locations": {
        "ALL": {
          "price": 12.5,
          "discountRate": 50,
          "promo": "",
          "orgPrice": 25
        }
      },
      "categoryIds": ["w-health-beauty"],
      "similarProducts": []
    },
    {
      "id": "w-59022-9351594001487",
      "name": "Sup Stress Less",
      "brand": "Sup",
      "imageUrls": "https://cdn0.woolworths.media/content/wowproductimages/large/059022.jpg",
      "storeId": "woolworths",
      "packageSize": "30 pack",
      "cupPrice": "$41.67 / 100EA",
      "locations": {
        "ALL": {
          "price": 12.5,
          "discountRate": 50,
          "promo": "",
          "orgPrice": 25
        }
      },
      "categoryIds": ["w-health-beauty"],
      "similarProducts": []
    },
    {
      "id": "w-59016-9351594001494",
      "name": "Sup Weekly Capsule Organiser",
      "brand": "Sup",
      "imageUrls": "https://cdn0.woolworths.media/content/wowproductimages/large/059016.jpg",
      "storeId": "woolworths",
      "packageSize": "each",
      "cupPrice": "$2.00 / 1EA",
      "locations": {
        "ALL": { "price": 2, "discountRate": 50, "promo": "", "orgPrice": 4 }
      },
      "categoryIds": ["w-health-beauty"],
      "similarProducts": []
    },
    {
      "id": "w-59012-9351594001463",
      "name": "Sup Zzz... Sleep",
      "brand": "Sup",
      "imageUrls": "https://cdn0.woolworths.media/content/wowproductimages/large/059012.jpg",
      "storeId": "woolworths",
      "packageSize": "25 pack",
      "cupPrice": "$50.00 / 100EA",
      "locations": {
        "ALL": {
          "price": 12.5,
          "discountRate": 50,
          "promo": "",
          "orgPrice": 25
        }
      },
      "categoryIds": ["w-health-beauty"],
      "similarProducts": []
    },
    {
      "id": "w-61703-9311770598200",
      "name": "Swisse High Strength C Immune Health Tablets",
      "brand": "Swisse",
      "imageUrls": "https://cdn0.woolworths.media/content/wowproductimages/large/061703.jpg",
      "storeId": "woolworths",
      "packageSize": "150 pack",
      "cupPrice": "$13.33 / 100EA",
      "locations": {
        "ALL": {
          "price": 20,
          "discountRate": 50,
          "promo": "",
          "orgPrice": 40
        }
      },
      "categoryIds": ["w-health-beauty"],
      "similarProducts": []
    },
    {
      "id": "w-307062-93388139",
      "name": "Swisse Men's Ultivite Tablet",
      "brand": "Swisse",
      "imageUrls": "https://cdn0.woolworths.media/content/wowproductimages/large/307062.jpg",
      "storeId": "woolworths",
      "packageSize": "60 pack",
      "cupPrice": "$25.00 / 100EA",
      "locations": {
        "ALL": {
          "price": 15,
          "discountRate": 50,
          "promo": "",
          "orgPrice": 30
        }
      },
      "categoryIds": ["w-health-beauty"],
      "similarProducts": []
    },
    {
      "id": "w-679056-9311770592475",
      "name": "Swisse Odourless High Strength Wild Fish Oil",
      "brand": "Swisse",
      "imageUrls": "https://cdn0.woolworths.media/content/wowproductimages/large/679056.jpg",
      "storeId": "woolworths",
      "packageSize": "400 capsules",
      "cupPrice": "$5.00 / 100EA",
      "locations": {
        "ALL": {
          "price": 20,
          "discountRate": 43,
          "promo": "",
          "orgPrice": 35
        }
      },
      "categoryIds": ["w-health-beauty"],
      "similarProducts": []
    },
    {
      "id": "w-711578-9311770589888",
      "name": "Swisse Ultiboost Calcium + Vitamin D Tabs",
      "brand": "Swisse",
      "imageUrls": "https://cdn0.woolworths.media/content/wowproductimages/large/711578.jpg",
      "storeId": "woolworths",
      "packageSize": "90 pack",
      "cupPrice": "$8.89 / 100EA",
      "locations": {
        "ALL": { "price": 8, "discountRate": 50, "promo": "", "orgPrice": 16 }
      },
      "categoryIds": ["w-health-beauty"],
      "similarProducts": [
        {
          "productId": "swisse-vitamins-ultiboost-tablets-calcium-vitamin-d",
          "storeId": "coles"
        },
        { "productId": "cw-67491", "storeId": "chemist-warehouse" }
      ]
    },
    {
      "id": "w-324905-9311770588041",
      "name": "Swisse Ultiboost Hair Skin Nail Tabs",
      "brand": "Swisse",
      "imageUrls": "https://cdn0.woolworths.media/content/wowproductimages/large/324905.jpg",
      "storeId": "woolworths",
      "packageSize": "60 pack",
      "cupPrice": "$19.17 / 100EA",
      "locations": {
        "ALL": {
          "price": 11.5,
          "discountRate": 50,
          "promo": "",
          "orgPrice": 23
        }
      },
      "categoryIds": ["w-health-beauty"],
      "similarProducts": [
        { "productId": "cw-58348", "storeId": "chemist-warehouse" },
        { "productId": "cw-63080", "storeId": "chemist-warehouse" },
        { "productId": "cw-57048", "storeId": "chemist-warehouse" }
      ]
    },
    {
      "id": "w-345775-9311770588584",
      "name": "Swisse Ultiboost Liver Detox Tabs",
      "brand": "Swisse",
      "imageUrls": "https://cdn0.woolworths.media/content/wowproductimages/large/345775.jpg",
      "storeId": "woolworths",
      "packageSize": "60 pack",
      "cupPrice": "$17.67 / 100EA",
      "locations": {
        "ALL": {
          "price": 10.6,
          "discountRate": 50,
          "promo": "",
          "orgPrice": 21.2
        }
      },
      "categoryIds": ["w-health-beauty"],
      "similarProducts": [
        { "productId": "cw-80460", "storeId": "chemist-warehouse" },
        { "productId": "cw-66552", "storeId": "chemist-warehouse" },
        { "productId": "cw-59769", "storeId": "chemist-warehouse" }
      ]
    },
    {
      "id": "w-324904-9311770588034",
      "name": "Swisse Ultiboost Memory Focus Tabs",
      "brand": "Swisse",
      "imageUrls": "https://cdn0.woolworths.media/content/wowproductimages/large/324904.jpg",
      "storeId": "woolworths",
      "packageSize": "50 pack",
      "cupPrice": "$29.20 / 100EA",
      "locations": {
        "ALL": {
          "price": 14.6,
          "discountRate": 50,
          "promo": "",
          "orgPrice": 29.2
        }
      },
      "categoryIds": ["w-health-beauty"],
      "similarProducts": [
        { "productId": "cw-57049", "storeId": "chemist-warehouse" }
      ]
    },
    {
      "id": "w-751314-9311770593199",
      "name": "Swisse Ultiboost Relax & Sleep",
      "brand": "Swisse",
      "imageUrls": "https://cdn0.woolworths.media/content/wowproductimages/large/751314.jpg",
      "storeId": "woolworths",
      "packageSize": "60 tablets",
      "cupPrice": "$26.67 / 100EA",
      "locations": {
        "ALL": {
          "price": 16,
          "discountRate": 50,
          "promo": "",
          "orgPrice": 32
        }
      },
      "categoryIds": ["w-health-beauty"],
      "similarProducts": []
    },
    {
      "id": "w-679055-9311770596398",
      "name": "Swisse Ultiboost Vitamin B12",
      "brand": "Swisse",
      "imageUrls": "https://cdn0.woolworths.media/content/wowproductimages/large/679055.jpg",
      "storeId": "woolworths",
      "packageSize": "60 pack",
      "cupPrice": "$15.00 / 100EA",
      "locations": {
        "ALL": { "price": 9, "discountRate": 50, "promo": "", "orgPrice": 18 }
      },
      "categoryIds": ["w-health-beauty"],
      "similarProducts": []
    },
    {
      "id": "w-725119-9311770589666",
      "name": "Swisse Ultiboost Zinc+ Tabs",
      "brand": "Swisse",
      "imageUrls": "https://cdn0.woolworths.media/content/wowproductimages/large/725119.jpg",
      "storeId": "woolworths",
      "packageSize": "60 pack",
      "cupPrice": "$13.50 / 100EA",
      "locations": {
        "ALL": {
          "price": 8.1,
          "discountRate": 50,
          "promo": "",
          "orgPrice": 16.2
        }
      },
      "categoryIds": ["w-health-beauty"],
      "similarProducts": [
        { "productId": "cw-64872", "storeId": "chemist-warehouse" }
      ]
    },
    {
      "id": "w-805945-93555166",
      "name": "Swisse Ultiboost Daily Digestive Probiotic",
      "brand": "Swisse",
      "imageUrls": "https://cdn0.woolworths.media/content/wowproductimages/large/805945.jpg",
      "storeId": "woolworths",
      "packageSize": "30 tablets",
      "cupPrice": "$53.33 / 100EA",
      "locations": {
        "ALL": {
          "price": 16,
          "discountRate": 50,
          "promo": "",
          "orgPrice": 32
        }
      },
      "categoryIds": ["w-health-beauty"],
      "similarProducts": []
    },
    {
      "id": "w-88341-9311770604246",
      "name": "Swisse Ultiboost Daily Immune Support Tablets",
      "brand": "Swisse",
      "imageUrls": "https://cdn0.woolworths.media/content/wowproductimages/large/088341.jpg",
      "storeId": "woolworths",
      "packageSize": "60 pack",
      "cupPrice": "$16.67 / 100EA",
      "locations": {
        "ALL": {
          "price": 10,
          "discountRate": 50,
          "promo": "",
          "orgPrice": 20
        }
      },
      "categoryIds": ["w-health-beauty"],
      "similarProducts": []
    },
    {
      "id": "w-733527-9311770591690",
      "name": "Swisse Ultiboost High Strength Cranberry Capsules",
      "brand": "Swisse",
      "imageUrls": "https://cdn0.woolworths.media/content/wowproductimages/large/733527.jpg",
      "storeId": "woolworths",
      "packageSize": "30 pack",
      "cupPrice": "$46.67 / 100EA",
      "locations": {
        "ALL": {
          "price": 14,
          "discountRate": 50,
          "promo": "",
          "orgPrice": 28
        }
      },
      "categoryIds": ["w-health-beauty"],
      "similarProducts": []
    },
    {
      "id": "w-89206-9311770604178",
      "name": "Swisse Ultiboost High Strength Vitamin C Tablets",
      "brand": "Swisse",
      "imageUrls": "https://cdn0.woolworths.media/content/wowproductimages/large/089206.jpg",
      "storeId": "woolworths",
      "packageSize": "20 pack",
      "cupPrice": "$32.50 / 100EA",
      "locations": {
        "ALL": {
          "price": 6.5,
          "discountRate": 50,
          "promo": "",
          "orgPrice": 13
        }
      },
      "categoryIds": ["w-health-beauty"],
      "similarProducts": []
    },
    {
      "id": "w-91142-9311770604239",
      "name": "Swisse Ultiboost Immune Action With Andrographis Tablets",
      "brand": "Swisse",
      "imageUrls": "https://cdn0.woolworths.media/content/wowproductimages/large/091142.jpg",
      "storeId": "woolworths",
      "packageSize": "60 pack",
      "cupPrice": "$25.00 / 100EA",
      "locations": {
        "ALL": {
          "price": 15,
          "discountRate": 50,
          "promo": "",
          "orgPrice": 30
        }
      },
      "categoryIds": ["w-health-beauty"],
      "similarProducts": []
    },
    {
      "id": "w-90409-9311770595834",
      "name": "Swisse Ultiboost Magensium Calcium & D3 Tablets",
      "brand": "Swisse",
      "imageUrls": "https://cdn0.woolworths.media/content/wowproductimages/large/090409.jpg",
      "storeId": "woolworths",
      "packageSize": "120 pack",
      "cupPrice": "$10.42 / 100EA",
      "locations": {
        "ALL": {
          "price": 12.5,
          "discountRate": 50,
          "promo": "",
          "orgPrice": 25
        }
      },
      "categoryIds": ["w-health-beauty"],
      "similarProducts": []
    },
    {
      "id": "w-307048-9311770587259",
      "name": "Swisse Ultivite Women's 50+",
      "brand": "Swisse",
      "imageUrls": "https://cdn0.woolworths.media/content/wowproductimages/large/307048.jpg",
      "storeId": "woolworths",
      "packageSize": "60 pack",
      "cupPrice": "$30.00 / 100EA",
      "locations": {
        "ALL": {
          "price": 18,
          "discountRate": 50,
          "promo": "",
          "orgPrice": 36
        }
      },
      "categoryIds": ["w-health-beauty"],
      "similarProducts": []
    },
    {
      "id": "w-89455-9311770604253",
      "name": "Swisse Utliboost Vitamin C Chewable Tablets Orange Flavour",
      "brand": "Swisse",
      "imageUrls": "https://cdn0.woolworths.media/content/wowproductimages/large/089455.jpg",
      "storeId": "woolworths",
      "packageSize": "110 pack",
      "cupPrice": "$5.00 / 100EA",
      "locations": {
        "ALL": {
          "price": 5.5,
          "discountRate": 50,
          "promo": "",
          "orgPrice": 11
        }
      },
      "categoryIds": ["w-health-beauty"],
      "similarProducts": []
    },
    {
      "id": "w-60167-9311770603720",
      "name": "Swisse Women's Multivitamin & Superfood Blend",
      "brand": "Swisse",
      "imageUrls": "https://cdn0.woolworths.media/content/wowproductimages/large/060167.jpg",
      "storeId": "woolworths",
      "packageSize": "7 pack",
      "cupPrice": "$1.43 / 1EA",
      "locations": {
        "ALL": {
          "price": 10,
          "discountRate": 50,
          "promo": "",
          "orgPrice": 20
        }
      },
      "categoryIds": ["w-health-beauty"],
      "similarProducts": []
    },
    {
      "id": "w-805290-93553858",
      "name": "Swisse Women's Ultivite",
      "brand": "Swisse",
      "imageUrls": "https://cdn0.woolworths.media/content/wowproductimages/large/805290.jpg",
      "storeId": "woolworths",
      "packageSize": "30 tablets",
      "cupPrice": "$33.33 / 100EA",
      "locations": {
        "ALL": {
          "price": 10,
          "discountRate": 50,
          "promo": "",
          "orgPrice": 20
        }
      },
      "categoryIds": ["w-health-beauty"],
      "similarProducts": []
    },
    {
      "id": "w-321622-9311770587617",
      "name": "Swisse Ultiboost Sleep Tabs",
      "brand": "Swisse",
      "imageUrls": "https://cdn0.woolworths.media/content/wowproductimages/large/321622.jpg",
      "storeId": "woolworths",
      "packageSize": "60 pack",
      "cupPrice": "$18.33 / 100EA",
      "locations": {
        "ALL": {
          "price": 11,
          "discountRate": 50,
          "promo": "",
          "orgPrice": 22
        }
      },
      "categoryIds": ["w-health-beauty"],
      "similarProducts": []
    },
    {
      "id": "w-15722-9310208099203",
      "name": "Swisspers Cotton Pads Make Up",
      "brand": "Swisspers",
      "imageUrls": "https://cdn0.woolworths.media/content/wowproductimages/large/015722.jpg",
      "storeId": "woolworths",
      "packageSize": "80pk",
      "cupPrice": "$4.00 / 100EA",
      "locations": {
        "ALL": {
          "price": 3.2,
          "discountRate": 15,
          "promo": "",
          "orgPrice": 3.75
        }
      },
      "categoryIds": ["w-health-beauty"],
      "similarProducts": []
    },
    {
      "id": "w-720635-9329414000019",
      "name": "Swisspers Cotton Tips",
      "brand": "Swisspers",
      "imageUrls": "https://cdn0.woolworths.media/content/wowproductimages/large/720635.jpg",
      "storeId": "woolworths",
      "packageSize": "240pk",
      "cupPrice": "$1.33 / 100EA",
      "locations": {
        "ALL": {
          "price": 3.2,
          "discountRate": 15,
          "promo": "",
          "orgPrice": 3.75
        }
      },
      "categoryIds": ["w-health-beauty"],
      "similarProducts": [
        { "productId": "cw-20237", "storeId": "chemist-warehouse" },
        { "productId": "cw-3622", "storeId": "chemist-warehouse" },
        { "productId": "cw-87017", "storeId": "chemist-warehouse" }
      ]
    },
    {
      "id": "w-803719-4902430827942",
      "name": "Tampax Compak Pearl Super",
      "brand": "Tampax",
      "imageUrls": "https://cdn0.woolworths.media/content/wowproductimages/large/803719.jpg",
      "storeId": "woolworths",
      "packageSize": "18 pack",
      "cupPrice": "$0.26 / 1EA",
      "locations": {
        "ALL": {
          "price": 4.75,
          "discountRate": 25,
          "promo": "",
          "orgPrice": 6.35
        }
      },
      "categoryIds": ["w-health-beauty"],
      "similarProducts": []
    },
    {
      "id": "w-803722-4902430827911",
      "name": "Tampax Pearl Compak Regular Tampons",
      "brand": "Tampax",
      "imageUrls": "https://cdn0.woolworths.media/content/wowproductimages/large/803722.jpg",
      "storeId": "woolworths",
      "packageSize": "8 pack",
      "cupPrice": "$0.25 / 1EA",
      "locations": {
        "ALL": {
          "price": 2,
          "discountRate": 43,
          "promo": "",
          "orgPrice": 3.5
        }
      },
      "categoryIds": ["w-health-beauty"],
      "similarProducts": []
    },
    {
      "id": "w-755055-4902430477635",
      "name": "Tampax Regular Tampons Light Flow With Applicator",
      "brand": "Tampax",
      "imageUrls": "https://cdn0.woolworths.media/content/wowproductimages/large/755055.jpg",
      "storeId": "woolworths",
      "packageSize": "20 pack",
      "cupPrice": "$0.23 / 1EA",
      "locations": {
        "ALL": {
          "price": 4.5,
          "discountRate": 24,
          "promo": "",
          "orgPrice": 5.9
        }
      },
      "categoryIds": ["w-health-beauty"],
      "similarProducts": []
    },
    {
      "id": "w-755075-4902430477659",
      "name": "Tampax Super Tampons Medium Flow With Applicator",
      "brand": "Tampax",
      "imageUrls": "https://cdn0.woolworths.media/content/wowproductimages/large/755075.jpg",
      "storeId": "woolworths",
      "packageSize": "20 pack",
      "cupPrice": "$0.23 / 1EA",
      "locations": {
        "ALL": {
          "price": 4.5,
          "discountRate": 24,
          "promo": "",
          "orgPrice": 5.9
        }
      },
      "categoryIds": ["w-health-beauty"],
      "similarProducts": []
    },
    {
      "id": "w-233250-9325344000969",
      "name": "Tena Active Panty Liners Odour Control",
      "brand": "Tena",
      "imageUrls": "https://cdn0.woolworths.media/content/wowproductimages/large/233250.jpg",
      "storeId": "woolworths",
      "packageSize": "30 pack",
      "cupPrice": "$0.12 / 1EA",
      "locations": {
        "ALL": {
          "price": 3.5,
          "discountRate": 30,
          "promo": "",
          "orgPrice": 5
        }
      },
      "categoryIds": ["w-health-beauty"],
      "similarProducts": []
    },
    {
      "id": "w-200125-7322540029710",
      "name": "Tena Lady Pads Mini Plus",
      "brand": "Tena",
      "imageUrls": "https://cdn0.woolworths.media/content/wowproductimages/large/200125.jpg",
      "storeId": "woolworths",
      "packageSize": "16 pack",
      "cupPrice": "$0.28 / 1EA",
      "locations": {
        "ALL": {
          "price": 4.5,
          "discountRate": 14,
          "promo": "",
          "orgPrice": 5.25
        }
      },
      "categoryIds": ["w-health-beauty"],
      "similarProducts": []
    },
    {
      "id": "w-169719-7310797571304",
      "name": "Tena Lady Pads Ultra Thin Mini",
      "brand": "Tena",
      "imageUrls": "https://cdn0.woolworths.media/content/wowproductimages/large/169719.jpg",
      "storeId": "woolworths",
      "packageSize": "20 pack",
      "cupPrice": "$0.23 / 1EA",
      "locations": {
        "ALL": {
          "price": 4.5,
          "discountRate": 14,
          "promo": "",
          "orgPrice": 5.25
        }
      },
      "categoryIds": ["w-health-beauty"],
      "similarProducts": []
    },
    {
      "id": "w-312062-7322540298932",
      "name": "Tena Liners Extra Long",
      "brand": "Tena",
      "imageUrls": "https://cdn0.woolworths.media/content/wowproductimages/large/312062.jpg",
      "storeId": "woolworths",
      "packageSize": "24 pack",
      "cupPrice": "$0.15 / 1EA",
      "locations": {
        "ALL": {
          "price": 3.5,
          "discountRate": 30,
          "promo": "",
          "orgPrice": 5
        }
      },
      "categoryIds": ["w-health-beauty"],
      "similarProducts": []
    },
    {
      "id": "w-11451-9325344002765",
      "name": "Tena Liners Ultra Long",
      "brand": "Tena",
      "imageUrls": "https://cdn0.woolworths.media/content/wowproductimages/large/011451.jpg",
      "storeId": "woolworths",
      "packageSize": "22 pack",
      "cupPrice": "$0.18 / 1EA",
      "locations": {
        "ALL": { "price": 4, "discountRate": 20, "promo": "", "orgPrice": 5 }
      },
      "categoryIds": ["w-health-beauty"],
      "similarProducts": []
    },
    {
      "id": "w-783872-7322540675863",
      "name": "Tena Pads Extra Plus",
      "brand": "Tena",
      "imageUrls": "https://cdn0.woolworths.media/content/wowproductimages/large/783872.jpg",
      "storeId": "woolworths",
      "packageSize": "8 pack",
      "cupPrice": "$0.56 / 1EA",
      "locations": {
        "ALL": {
          "price": 4.5,
          "discountRate": 14,
          "promo": "",
          "orgPrice": 5.25
        }
      },
      "categoryIds": ["w-health-beauty"],
      "similarProducts": []
    },
    {
      "id": "w-783873-7322540679960",
      "name": "Tena Pads Maxi",
      "brand": "Tena",
      "imageUrls": "https://cdn0.woolworths.media/content/wowproductimages/large/783873.jpg",
      "storeId": "woolworths",
      "packageSize": "6 pack",
      "cupPrice": "$0.75 / 1EA",
      "locations": {
        "ALL": {
          "price": 4.5,
          "discountRate": 14,
          "promo": "",
          "orgPrice": 5.25
        }
      },
      "categoryIds": ["w-health-beauty"],
      "similarProducts": []
    },
    {
      "id": "w-721797-7322540549010",
      "name": "Tena Pants For Women Large",
      "brand": "Tena",
      "imageUrls": "https://cdn0.woolworths.media/content/wowproductimages/large/721797.jpg",
      "storeId": "woolworths",
      "packageSize": "8 pack",
      "cupPrice": "$1.25 / 1EA",
      "locations": {
        "ALL": {
          "price": 10,
          "discountRate": 20,
          "promo": "",
          "orgPrice": 12.5
        }
      },
      "categoryIds": ["w-health-beauty"],
      "similarProducts": []
    },
    {
      "id": "w-11716-9325344002789",
      "name": "Tena Ultra Thin Pads Long Length",
      "brand": "Tena",
      "imageUrls": "https://cdn0.woolworths.media/content/wowproductimages/large/011716.jpg",
      "storeId": "woolworths",
      "packageSize": "12 pack",
      "cupPrice": "$0.33 / 1EA",
      "locations": {
        "ALL": { "price": 4, "discountRate": 20, "promo": "", "orgPrice": 5 }
      },
      "categoryIds": ["w-health-beauty"],
      "similarProducts": []
    },
    {
      "id": "w-11693-9325344002772",
      "name": "Tena Ultra Thin Pads Standard Length",
      "brand": "Tena",
      "imageUrls": "https://cdn0.woolworths.media/content/wowproductimages/large/011693.jpg",
      "storeId": "woolworths",
      "packageSize": "12 pack",
      "cupPrice": "$0.33 / 1EA",
      "locations": {
        "ALL": { "price": 4, "discountRate": 20, "promo": "", "orgPrice": 5 }
      },
      "categoryIds": ["w-health-beauty"],
      "similarProducts": []
    },
    {
      "id": "w-721589-7322540548693",
      "name": "Tena Pants For Women Medium",
      "brand": "Tena",
      "imageUrls": "https://cdn0.woolworths.media/content/wowproductimages/large/721589.jpg",
      "storeId": "woolworths",
      "packageSize": "8 pack",
      "cupPrice": "$1.25 / 1EA",
      "locations": {
        "ALL": {
          "price": 10,
          "discountRate": 20,
          "promo": "",
          "orgPrice": 12.5
        }
      },
      "categoryIds": ["w-health-beauty"],
      "similarProducts": []
    },
    {
      "id": "w-94674-9344960001990",
      "name": "Thankyou. Hand Sanitiser For Humanity",
      "brand": "Thankyou.",
      "imageUrls": "https://cdn0.woolworths.media/content/wowproductimages/large/094674.jpg",
      "storeId": "woolworths",
      "packageSize": "300ml",
      "cupPrice": "$3.00 / 100ML",
      "locations": {
        "ALL": { "price": 9, "discountRate": 10, "promo": "", "orgPrice": 10 }
      },
      "categoryIds": ["w-health-beauty"],
      "similarProducts": []
    },
    {
      "id": "w-94673-93560603",
      "name": "Thankyou. Hand Sanitiser For Humanity",
      "brand": "Thankyou.",
      "imageUrls": "https://cdn0.woolworths.media/content/wowproductimages/large/094673.jpg",
      "storeId": "woolworths",
      "packageSize": "30ml",
      "cupPrice": "$10.00 / 100ML",
      "locations": {
        "ALL": {
          "price": 3,
          "discountRate": 14,
          "promo": "",
          "orgPrice": 3.5
        }
      },
      "categoryIds": ["w-health-beauty"],
      "similarProducts": []
    },
    {
      "id": "w-755868-9312146007487",
      "name": "Thursday Plantation Oil Lavender",
      "brand": "Thursday Plantation",
      "imageUrls": "https://cdn0.woolworths.media/content/wowproductimages/large/755868.jpg",
      "storeId": "woolworths",
      "packageSize": "50ml",
      "cupPrice": "$30.00 / 100ML",
      "locations": {
        "ALL": {
          "price": 15,
          "discountRate": 12,
          "promo": "",
          "orgPrice": 17
        }
      },
      "categoryIds": ["w-health-beauty"],
      "similarProducts": []
    },
    {
      "id": "w-755850-9312146007470",
      "name": "Thursday Plantation Oil Tea Tree",
      "brand": "Thursday Plantation",
      "imageUrls": "https://cdn0.woolworths.media/content/wowproductimages/large/755850.jpg",
      "storeId": "woolworths",
      "packageSize": "50ml",
      "cupPrice": "$29.00 / 100ML",
      "locations": {
        "ALL": {
          "price": 14.5,
          "discountRate": 12,
          "promo": "",
          "orgPrice": 16.5
        }
      },
      "categoryIds": ["w-health-beauty"],
      "similarProducts": []
    },
    {
      "id": "w-661674-9312146009924",
      "name": "Thursday Plantation Peppermint Oil",
      "brand": "Thursday Plantation",
      "imageUrls": "https://cdn0.woolworths.media/content/wowproductimages/large/661674.jpg",
      "storeId": "woolworths",
      "packageSize": "25ml",
      "cupPrice": "$46.00 / 100ML",
      "locations": {
        "ALL": {
          "price": 11.5,
          "discountRate": 12,
          "promo": "",
          "orgPrice": 13
        }
      },
      "categoryIds": ["w-health-beauty"],
      "similarProducts": [
        { "productId": "cw-82460", "storeId": "chemist-warehouse" }
      ]
    },
    {
      "id": "w-724069-9346285000009",
      "name": "Tom Organic Pads Regular Ultra Thin",
      "brand": "Tom Organic",
      "imageUrls": "https://cdn0.woolworths.media/content/wowproductimages/large/724069.jpg",
      "storeId": "woolworths",
      "packageSize": "10 pack",
      "cupPrice": "$0.46 / 1EA",
      "locations": {
        "ALL": {
          "price": 4.55,
          "discountRate": 17,
          "promo": "",
          "orgPrice": 5.45
        }
      },
      "categoryIds": ["w-health-beauty"],
      "similarProducts": []
    },
    {
      "id": "w-724078-9346285000016",
      "name": "Tom Organic Pads Super Ultra Thin",
      "brand": "Tom Organic",
      "imageUrls": "https://cdn0.woolworths.media/content/wowproductimages/large/724078.jpg",
      "storeId": "woolworths",
      "packageSize": "10 pack",
      "cupPrice": "$0.46 / 1EA",
      "locations": {
        "ALL": {
          "price": 4.55,
          "discountRate": 17,
          "promo": "",
          "orgPrice": 5.45
        }
      },
      "categoryIds": ["w-health-beauty"],
      "similarProducts": []
    },
    {
      "id": "w-640061-9346285000351",
      "name": "Tom Organic Super Tampons",
      "brand": "Tom Organic",
      "imageUrls": "https://cdn0.woolworths.media/content/wowproductimages/large/640061.jpg",
      "storeId": "woolworths",
      "packageSize": "2x8 pack",
      "cupPrice": "$0.28 / 1EA",
      "locations": {
        "ALL": {
          "price": 4.55,
          "discountRate": 17,
          "promo": "",
          "orgPrice": 5.45
        }
      },
      "categoryIds": ["w-health-beauty"],
      "similarProducts": []
    },
    {
      "id": "w-377099-9369999018931",
      "name": "Tom Organic Tampons Mini",
      "brand": "Tom Organic",
      "imageUrls": "https://cdn0.woolworths.media/content/wowproductimages/large/377099.jpg",
      "storeId": "woolworths",
      "packageSize": "16pk",
      "cupPrice": "$0.28 / 1EA",
      "locations": {
        "ALL": {
          "price": 4.55,
          "discountRate": 17,
          "promo": "",
          "orgPrice": 5.45
        }
      },
      "categoryIds": ["w-health-beauty"],
      "similarProducts": []
    },
    {
      "id": "w-377097-9369999295745",
      "name": "Tom Organic Tampons Regular",
      "brand": "Tom Organic",
      "imageUrls": "https://cdn0.woolworths.media/content/wowproductimages/large/377097.jpg",
      "storeId": "woolworths",
      "packageSize": "16 pack",
      "cupPrice": "$0.28 / 1EA",
      "locations": {
        "ALL": {
          "price": 4.55,
          "discountRate": 17,
          "promo": "",
          "orgPrice": 5.45
        }
      },
      "categoryIds": ["w-health-beauty"],
      "similarProducts": []
    },
    {
      "id": "w-839570-9346285000054",
      "name": "Tom Organic Ultra Thin Liners",
      "brand": "Tom Organic",
      "imageUrls": "https://cdn0.woolworths.media/content/wowproductimages/large/839570.jpg",
      "storeId": "woolworths",
      "packageSize": "26 pack",
      "cupPrice": "$0.19 / 1EA",
      "locations": {
        "ALL": {
          "price": 5,
          "discountRate": 8,
          "promo": "",
          "orgPrice": 5.45
        }
      },
      "categoryIds": ["w-health-beauty"],
      "similarProducts": []
    },
    {
      "id": "w-637645-9346720008355",
      "name": "Toni & Guy 4mm Elastic Black",
      "brand": "Toni & Guy",
      "imageUrls": "https://cdn0.woolworths.media/content/wowproductimages/large/637645.jpg",
      "storeId": "woolworths",
      "packageSize": "10pc",
      "cupPrice": "$0.00 / 0",
      "locations": {
        "ALL": {
          "price": 4.9,
          "discountRate": 30,
          "promo": "",
          "orgPrice": 7
        }
      },
      "categoryIds": ["w-health-beauty"],
      "similarProducts": []
    },
    {
      "id": "w-637648-9346720008362",
      "name": "Toni & Guy 4mm Hair Elastic Brown",
      "brand": "Toni & Guy",
      "imageUrls": "https://cdn0.woolworths.media/content/wowproductimages/large/637648.jpg",
      "storeId": "woolworths",
      "packageSize": "10pc",
      "cupPrice": "$0.00 / 0",
      "locations": {
        "ALL": {
          "price": 4.9,
          "discountRate": 30,
          "promo": "",
          "orgPrice": 7
        }
      },
      "categoryIds": ["w-health-beauty"],
      "similarProducts": []
    },
    {
      "id": "w-46819-9346720008799",
      "name": "Toni & Guy Bamboo Detangling Comb",
      "brand": "Toni & Guy",
      "imageUrls": "https://cdn0.woolworths.media/content/wowproductimages/large/046819.jpg",
      "storeId": "woolworths",
      "packageSize": "each",
      "cupPrice": "$0.00 / 0",
      "locations": {
        "ALL": { "price": 7, "discountRate": 30, "promo": "", "orgPrice": 10 }
      },
      "categoryIds": ["w-health-beauty"],
      "similarProducts": []
    },
    {
      "id": "w-48353-9346720008829",
      "name": "Toni & Guy Bamboo Paddle Brush",
      "brand": "Toni & Guy",
      "imageUrls": "https://cdn0.woolworths.media/content/wowproductimages/large/048353.jpg",
      "storeId": "woolworths",
      "packageSize": "each",
      "cupPrice": "$0.00 / 0",
      "locations": {
        "ALL": {
          "price": 14,
          "discountRate": 30,
          "promo": "",
          "orgPrice": 20
        }
      },
      "categoryIds": ["w-health-beauty"],
      "similarProducts": []
    },
    {
      "id": "w-749006-9346720008423",
      "name": "Toni & Guy Blow Dry Brush",
      "brand": "Toni & Guy",
      "imageUrls": "https://cdn0.woolworths.media/content/wowproductimages/large/749006.jpg",
      "storeId": "woolworths",
      "packageSize": "each",
      "cupPrice": "$0.00 / 0",
      "locations": {
        "ALL": {
          "price": 13.3,
          "discountRate": 30,
          "promo": "",
          "orgPrice": 19
        }
      },
      "categoryIds": ["w-health-beauty"],
      "similarProducts": []
    },
    {
      "id": "w-637599-9346720008331",
      "name": "Toni & Guy Bobby Pin Combo Black",
      "brand": "Toni & Guy",
      "imageUrls": "https://cdn0.woolworths.media/content/wowproductimages/large/637599.jpg",
      "storeId": "woolworths",
      "packageSize": "30pc",
      "cupPrice": "$0.00 / 0",
      "locations": {
        "ALL": {
          "price": 4.9,
          "discountRate": 30,
          "promo": "",
          "orgPrice": 7
        }
      },
      "categoryIds": ["w-health-beauty"],
      "similarProducts": []
    },
    {
      "id": "w-637616-9346720008348",
      "name": "Toni & Guy Bobby Pin Combo Brown",
      "brand": "Toni & Guy",
      "imageUrls": "https://cdn0.woolworths.media/content/wowproductimages/large/637616.jpg",
      "storeId": "woolworths",
      "packageSize": "30pc",
      "cupPrice": "$0.00 / 0",
      "locations": {
        "ALL": {
          "price": 4.9,
          "discountRate": 30,
          "promo": "",
          "orgPrice": 7
        }
      },
      "categoryIds": ["w-health-beauty"],
      "similarProducts": []
    },
    {
      "id": "w-726243-79400197139",
      "name": "Toni & Guy Cleanse Instant Refresh Dry Shampoo",
      "brand": "Toni & Guy",
      "imageUrls": "https://cdn0.woolworths.media/content/wowproductimages/large/726243.jpg",
      "storeId": "woolworths",
      "packageSize": "250ml",
      "cupPrice": "$3.20 / 100ML",
      "locations": {
        "ALL": { "price": 8, "discountRate": 50, "promo": "", "orgPrice": 16 }
      },
      "categoryIds": ["w-health-beauty"],
      "similarProducts": []
    },
    {
      "id": "w-726224-79400204387",
      "name": "Toni & Guy Conditioner For Fine Hair",
      "brand": "Toni & Guy",
      "imageUrls": "https://cdn0.woolworths.media/content/wowproductimages/large/726224.jpg",
      "storeId": "woolworths",
      "packageSize": "250ml",
      "cupPrice": "$3.20 / 100ML",
      "locations": {
        "ALL": { "price": 8, "discountRate": 50, "promo": "", "orgPrice": 16 }
      },
      "categoryIds": ["w-health-beauty"],
      "similarProducts": []
    },
    {
      "id": "w-637613-9346720008065",
      "name": "Toni & Guy Cushion Brush For All Lengths",
      "brand": "Toni & Guy",
      "imageUrls": "https://cdn0.woolworths.media/content/wowproductimages/large/637613.jpg",
      "storeId": "woolworths",
      "packageSize": "each",
      "cupPrice": "$0.00 / 0",
      "locations": {
        "ALL": {
          "price": 11.9,
          "discountRate": 30,
          "promo": "",
          "orgPrice": 17
        }
      },
      "categoryIds": ["w-health-beauty"],
      "similarProducts": []
    },
    {
      "id": "w-726251-79400204424",
      "name": "Toni & Guy Damage Repair Conditioner For Damaged Hair",
      "brand": "Toni & Guy",
      "imageUrls": "https://cdn0.woolworths.media/content/wowproductimages/large/726251.jpg",
      "storeId": "woolworths",
      "packageSize": "250ml",
      "cupPrice": "$3.20 / 100ML",
      "locations": {
        "ALL": { "price": 8, "discountRate": 50, "promo": "", "orgPrice": 16 }
      },
      "categoryIds": ["w-health-beauty"],
      "similarProducts": [
        { "productId": "cw-73322", "storeId": "chemist-warehouse" }
      ]
    },
    {
      "id": "w-637647-9346720008225",
      "name": "Toni & Guy Geom Hair Barrette Silver",
      "brand": "Toni & Guy",
      "imageUrls": "https://cdn0.woolworths.media/content/wowproductimages/large/637647.jpg",
      "storeId": "woolworths",
      "packageSize": "2pk",
      "cupPrice": "$0.00 / 0",
      "locations": {
        "ALL": {
          "price": 4.9,
          "discountRate": 30,
          "promo": "",
          "orgPrice": 7
        }
      },
      "categoryIds": ["w-health-beauty"],
      "similarProducts": []
    },
    {
      "id": "w-637598-9346720008324",
      "name": "Toni & Guy Hair Elastics Black Clear",
      "brand": "Toni & Guy",
      "imageUrls": "https://cdn0.woolworths.media/content/wowproductimages/large/637598.jpg",
      "storeId": "woolworths",
      "packageSize": "50 pack",
      "cupPrice": "$0.00 / 0",
      "locations": {
        "ALL": {
          "price": 4.9,
          "discountRate": 30,
          "promo": "",
          "orgPrice": 7
        }
      },
      "categoryIds": ["w-health-beauty"],
      "similarProducts": []
    },
    {
      "id": "w-637644-9346720008188",
      "name": "Toni & Guy Hair Ties",
      "brand": "Toni & Guy",
      "imageUrls": "https://cdn0.woolworths.media/content/wowproductimages/large/637644.jpg",
      "storeId": "woolworths",
      "packageSize": "5pk",
      "cupPrice": "$0.00 / 0",
      "locations": {
        "ALL": {
          "price": 2.8,
          "discountRate": 30,
          "promo": "",
          "orgPrice": 4
        }
      },
      "categoryIds": ["w-health-beauty"],
      "similarProducts": []
    },
    {
      "id": "w-637646-9346720008195",
      "name": "Toni & Guy Jewelled Hair Pins",
      "brand": "Toni & Guy",
      "imageUrls": "https://cdn0.woolworths.media/content/wowproductimages/large/637646.jpg",
      "storeId": "woolworths",
      "packageSize": "4pk",
      "cupPrice": "$0.00 / 0",
      "locations": {
        "ALL": {
          "price": 3.5,
          "discountRate": 30,
          "promo": "",
          "orgPrice": 5
        }
      },
      "categoryIds": ["w-health-beauty"],
      "similarProducts": []
    },
    {
      "id": "w-75679-9300830057665",
      "name": "Toni & Guy Long Lengths Conditioner",
      "brand": "Toni & Guy",
      "imageUrls": "https://cdn0.woolworths.media/content/wowproductimages/large/075679.jpg",
      "storeId": "woolworths",
      "packageSize": "250ml",
      "cupPrice": "$3.20 / 100ML",
      "locations": {
        "ALL": { "price": 8, "discountRate": 50, "promo": "", "orgPrice": 16 }
      },
      "categoryIds": ["w-health-beauty"],
      "similarProducts": []
    },
    {
      "id": "w-75774-9300830057641",
      "name": "Toni & Guy Long Lengths Shampoo",
      "brand": "Toni & Guy",
      "imageUrls": "https://cdn0.woolworths.media/content/wowproductimages/large/075774.jpg",
      "storeId": "woolworths",
      "packageSize": "250ml",
      "cupPrice": "$3.20 / 100ML",
      "locations": {
        "ALL": { "price": 8, "discountRate": 50, "promo": "", "orgPrice": 16 }
      },
      "categoryIds": ["w-health-beauty"],
      "similarProducts": []
    },
    {
      "id": "w-749074-9346720008751",
      "name": "Toni & Guy Long Metallic Slide Set",
      "brand": "Toni & Guy",
      "imageUrls": "https://cdn0.woolworths.media/content/wowproductimages/large/749074.jpg",
      "storeId": "woolworths",
      "packageSize": "6 pack",
      "cupPrice": "$0.00 / 0",
      "locations": {
        "ALL": {
          "price": 4.9,
          "discountRate": 30,
          "promo": "",
          "orgPrice": 7
        }
      },
      "categoryIds": ["w-health-beauty"],
      "similarProducts": []
    },
    {
      "id": "w-726260-79400204370",
      "name": "Toni & Guy Shampoo For Damaged Hair",
      "brand": "Toni & Guy",
      "imageUrls": "https://cdn0.woolworths.media/content/wowproductimages/large/726260.jpg",
      "storeId": "woolworths",
      "packageSize": "250ml",
      "cupPrice": "$3.20 / 100ML",
      "locations": {
        "ALL": { "price": 8, "discountRate": 50, "promo": "", "orgPrice": 16 }
      },
      "categoryIds": ["w-health-beauty"],
      "similarProducts": []
    },
    {
      "id": "w-726207-79400204356",
      "name": "Toni & Guy Shampoo For Fine Hair",
      "brand": "Toni & Guy",
      "imageUrls": "https://cdn0.woolworths.media/content/wowproductimages/large/726207.jpg",
      "storeId": "woolworths",
      "packageSize": "250ml",
      "cupPrice": "$3.20 / 100ML",
      "locations": {
        "ALL": { "price": 8, "discountRate": 50, "promo": "", "orgPrice": 16 }
      },
      "categoryIds": ["w-health-beauty"],
      "similarProducts": []
    },
    {
      "id": "w-759449-79400263322",
      "name": "Toni & Guy Shampoo For Normal Hair",
      "brand": "Toni & Guy",
      "imageUrls": "https://cdn0.woolworths.media/content/wowproductimages/large/759449.jpg",
      "storeId": "woolworths",
      "packageSize": "250ml",
      "cupPrice": "$3.20 / 100ML",
      "locations": {
        "ALL": { "price": 8, "discountRate": 50, "promo": "", "orgPrice": 16 }
      },
      "categoryIds": ["w-health-beauty"],
      "similarProducts": []
    },
    {
      "id": "w-75773-9300830057658",
      "name": "Toni & Guy Strength Plex Bond Repair Conditioner",
      "brand": "Toni & Guy",
      "imageUrls": "https://cdn0.woolworths.media/content/wowproductimages/large/075773.jpg",
      "storeId": "woolworths",
      "packageSize": "250ml",
      "cupPrice": "$0.00 / 0",
      "locations": {
        "ALL": { "price": 8, "discountRate": 50, "promo": "", "orgPrice": 16 }
      },
      "categoryIds": ["w-health-beauty"],
      "similarProducts": []
    },
    {
      "id": "w-81499-9300830057627",
      "name": "Toni & Guy Strength Plex Bond Repair Mask",
      "brand": "Toni & Guy",
      "imageUrls": "https://cdn0.woolworths.media/content/wowproductimages/large/081499.jpg",
      "storeId": "woolworths",
      "packageSize": "285ml",
      "cupPrice": "$2.81 / 100ML",
      "locations": {
        "ALL": { "price": 8, "discountRate": 50, "promo": "", "orgPrice": 16 }
      },
      "categoryIds": ["w-health-beauty"],
      "similarProducts": []
    },
    {
      "id": "w-75678-9300830057634",
      "name": "Toni & Guy Strength Plex Bond Repair Shampoo",
      "brand": "Toni & Guy",
      "imageUrls": "https://cdn0.woolworths.media/content/wowproductimages/large/075678.jpg",
      "storeId": "woolworths",
      "packageSize": "250ml",
      "cupPrice": "$3.20 / 100ML",
      "locations": {
        "ALL": { "price": 8, "discountRate": 50, "promo": "", "orgPrice": 16 }
      },
      "categoryIds": ["w-health-beauty"],
      "similarProducts": []
    },
    {
      "id": "w-637618-9346720008140",
      "name": "Toni & Guy Wet & Dry Detangle Comb",
      "brand": "Toni & Guy",
      "imageUrls": "https://cdn0.woolworths.media/content/wowproductimages/large/637618.jpg",
      "storeId": "woolworths",
      "packageSize": "each",
      "cupPrice": "$0.00 / 0",
      "locations": {
        "ALL": {
          "price": 5.6,
          "discountRate": 30,
          "promo": "",
          "orgPrice": 8
        }
      },
      "categoryIds": ["w-health-beauty"],
      "similarProducts": []
    },
    {
      "id": "w-681098-9300830045648",
      "name": "Toni & Guy Hydrating Conditioner",
      "brand": "Toni & Guy",
      "imageUrls": "https://cdn0.woolworths.media/content/wowproductimages/large/681098.jpg",
      "storeId": "woolworths",
      "packageSize": "250ml",
      "cupPrice": "$3.20 / 100ML",
      "locations": {
        "ALL": { "price": 8, "discountRate": 50, "promo": "", "orgPrice": 16 }
      },
      "categoryIds": ["w-health-beauty"],
      "similarProducts": []
    },
    {
      "id": "w-681097-9300830045655",
      "name": "Toni & Guy Hydrating Shampoo",
      "brand": "Toni & Guy",
      "imageUrls": "https://cdn0.woolworths.media/content/wowproductimages/large/681097.jpg",
      "storeId": "woolworths",
      "packageSize": "250ml",
      "cupPrice": "$3.20 / 100ML",
      "locations": {
        "ALL": { "price": 8, "discountRate": 50, "promo": "", "orgPrice": 16 }
      },
      "categoryIds": ["w-health-beauty"],
      "similarProducts": []
    },
    {
      "id": "w-681092-9300830045006",
      "name": "Toni & Guy Purple Shampoo",
      "brand": "Toni & Guy",
      "imageUrls": "https://cdn0.woolworths.media/content/wowproductimages/large/681092.jpg",
      "storeId": "woolworths",
      "packageSize": "250ml",
      "cupPrice": "$3.20 / 100ML",
      "locations": {
        "ALL": { "price": 8, "discountRate": 50, "promo": "", "orgPrice": 16 }
      },
      "categoryIds": ["w-health-beauty"],
      "similarProducts": [
        { "productId": "cw-87049", "storeId": "chemist-warehouse" }
      ]
    },
    {
      "id": "w-91095-9332373246145",
      "name": "Tradie Date Night Body Spray",
      "brand": "Tradie",
      "imageUrls": "https://cdn0.woolworths.media/content/wowproductimages/large/091095.jpg",
      "storeId": "woolworths",
      "packageSize": "160ml",
      "cupPrice": "$2.81 / 100ML",
      "locations": {
        "ALL": {
          "price": 4.5,
          "discountRate": 25,
          "promo": "",
          "orgPrice": 6
        }
      },
      "categoryIds": ["w-health-beauty"],
      "similarProducts": []
    },
    {
      "id": "w-91117-9332373246114",
      "name": "Tradie Twenty Four 7 Body Spray",
      "brand": "Tradie",
      "imageUrls": "https://cdn0.woolworths.media/content/wowproductimages/large/091117.jpg",
      "storeId": "woolworths",
      "packageSize": "160ml",
      "cupPrice": "$2.81 / 100ML",
      "locations": {
        "ALL": {
          "price": 4.5,
          "discountRate": 25,
          "promo": "",
          "orgPrice": 6
        }
      },
      "categoryIds": ["w-health-beauty"],
      "similarProducts": []
    },
    {
      "id": "w-91802-9332373246138",
      "name": "Tradie Weekender Body Spray",
      "brand": "Tradie",
      "imageUrls": "https://cdn0.woolworths.media/content/wowproductimages/large/091802.jpg",
      "storeId": "woolworths",
      "packageSize": "160ml",
      "cupPrice": "$2.81 / 100ML",
      "locations": {
        "ALL": {
          "price": 4.5,
          "discountRate": 25,
          "promo": "",
          "orgPrice": 6
        }
      },
      "categoryIds": ["w-health-beauty"],
      "similarProducts": []
    },
    {
      "id": "w-90854-9332373246121",
      "name": "Tradie Workout Body Spray",
      "brand": "Tradie",
      "imageUrls": "https://cdn0.woolworths.media/content/wowproductimages/large/090854.jpg",
      "storeId": "woolworths",
      "packageSize": "160ml",
      "cupPrice": "$2.81 / 100ML",
      "locations": {
        "ALL": {
          "price": 4.5,
          "discountRate": 25,
          "promo": "",
          "orgPrice": 6
        }
      },
      "categoryIds": ["w-health-beauty"],
      "similarProducts": []
    },
    {
      "id": "w-852172-9300830051069",
      "name": "Tresemme Botanique Restore & Shine Conditioner",
      "brand": "Tresemme",
      "imageUrls": "https://cdn0.woolworths.media/content/wowproductimages/large/852172.jpg",
      "storeId": "woolworths",
      "packageSize": "350ml",
      "cupPrice": "$1.29 / 100ML",
      "locations": {
        "ALL": {
          "price": 4.5,
          "discountRate": 50,
          "promo": "",
          "orgPrice": 9
        }
      },
      "categoryIds": ["w-health-beauty"],
      "similarProducts": [
        { "productId": "cw-92799", "storeId": "chemist-warehouse" },
        { "productId": "cw-92571", "storeId": "chemist-warehouse" }
      ]
    },
    {
      "id": "w-82388-9300830056293",
      "name": "Tresemme Colour Shineplex Conditioner",
      "brand": "Tresemme",
      "imageUrls": "https://cdn0.woolworths.media/content/wowproductimages/large/082388.jpg",
      "storeId": "woolworths",
      "packageSize": "350ml",
      "cupPrice": "$1.29 / 100ML",
      "locations": {
        "ALL": {
          "price": 4.5,
          "discountRate": 50,
          "promo": "",
          "orgPrice": 9
        }
      },
      "categoryIds": ["w-health-beauty"],
      "similarProducts": []
    },
    {
      "id": "w-82387-9300830056286",
      "name": "Tresemme Colour Shineplex Shampoo",
      "brand": "Tresemme",
      "imageUrls": "https://cdn0.woolworths.media/content/wowproductimages/large/082387.jpg",
      "storeId": "woolworths",
      "packageSize": "350ml",
      "cupPrice": "$1.29 / 100ML",
      "locations": {
        "ALL": {
          "price": 4.5,
          "discountRate": 50,
          "promo": "",
          "orgPrice": 9
        }
      },
      "categoryIds": ["w-health-beauty"],
      "similarProducts": []
    },
    {
      "id": "w-822770-9300830051137",
      "name": "Tresemme Conditioner Keratin Smooth",
      "brand": "Tresemme",
      "imageUrls": "https://cdn0.woolworths.media/content/wowproductimages/large/822770.jpg",
      "storeId": "woolworths",
      "packageSize": "350ml",
      "cupPrice": "$1.29 / 100ML",
      "locations": {
        "ALL": {
          "price": 4.5,
          "discountRate": 50,
          "promo": "",
          "orgPrice": 9
        }
      },
      "categoryIds": ["w-health-beauty"],
      "similarProducts": []
    },
    {
      "id": "w-822767-9300830051076",
      "name": "Tresemme Conditioner Repair & Protect",
      "brand": "Tresemme",
      "imageUrls": "https://cdn0.woolworths.media/content/wowproductimages/large/822767.jpg",
      "storeId": "woolworths",
      "packageSize": "350ml",
      "cupPrice": "$1.29 / 100ML",
      "locations": {
        "ALL": {
          "price": 4.5,
          "discountRate": 50,
          "promo": "",
          "orgPrice": 9
        }
      },
      "categoryIds": ["w-health-beauty"],
      "similarProducts": []
    },
    {
      "id": "w-822765-9300830051021",
      "name": "Tresemme Conditioner Thick & Full",
      "brand": "Tresemme",
      "imageUrls": "https://cdn0.woolworths.media/content/wowproductimages/large/822765.jpg",
      "storeId": "woolworths",
      "packageSize": "350ml",
      "cupPrice": "$1.29 / 100ML",
      "locations": {
        "ALL": {
          "price": 4.5,
          "discountRate": 50,
          "promo": "",
          "orgPrice": 9
        }
      },
      "categoryIds": ["w-health-beauty"],
      "similarProducts": []
    },
    {
      "id": "w-822768-9300830051090",
      "name": "Tresemme Conditioner Ultimate Hydration",
      "brand": "Tresemme",
      "imageUrls": "https://cdn0.woolworths.media/content/wowproductimages/large/822768.jpg",
      "storeId": "woolworths",
      "packageSize": "350ml",
      "cupPrice": "$1.29 / 100ML",
      "locations": {
        "ALL": {
          "price": 4.5,
          "discountRate": 50,
          "promo": "",
          "orgPrice": 9
        }
      },
      "categoryIds": ["w-health-beauty"],
      "similarProducts": []
    },
    {
      "id": "w-854819-9300830052424",
      "name": "Tresemme Conditioner Botanique Restore & Shine",
      "brand": "Tresemme",
      "imageUrls": "https://cdn0.woolworths.media/content/wowproductimages/large/854819.jpg",
      "storeId": "woolworths",
      "packageSize": "675ml",
      "cupPrice": "$0.96 / 100ML",
      "locations": {
        "ALL": {
          "price": 6.5,
          "discountRate": 50,
          "promo": "",
          "orgPrice": 13
        }
      },
      "categoryIds": ["w-health-beauty"],
      "similarProducts": []
    },
    {
      "id": "w-855452-9300830052363",
      "name": "Tresemme Conditioner Keratin Smooth",
      "brand": "Tresemme",
      "imageUrls": "https://cdn0.woolworths.media/content/wowproductimages/large/855452.jpg",
      "storeId": "woolworths",
      "packageSize": "675ml",
      "cupPrice": "$0.96 / 100ML",
      "locations": {
        "ALL": {
          "price": 6.5,
          "discountRate": 50,
          "promo": "",
          "orgPrice": 13
        }
      },
      "categoryIds": ["w-health-beauty"],
      "similarProducts": []
    },
    {
      "id": "w-822764-9300830051144",
      "name": "Tresemme Keratin Smooth Shampoo",
      "brand": "Tresemme",
      "imageUrls": "https://cdn0.woolworths.media/content/wowproductimages/large/822764.jpg",
      "storeId": "woolworths",
      "packageSize": "350ml",
      "cupPrice": "$1.29 / 100ML",
      "locations": {
        "ALL": {
          "price": 4.5,
          "discountRate": 50,
          "promo": "",
          "orgPrice": 9
        }
      },
      "categoryIds": ["w-health-beauty"],
      "similarProducts": [
        { "productId": "cw-92802", "storeId": "chemist-warehouse" },
        { "productId": "cw-92572", "storeId": "chemist-warehouse" }
      ]
    },
    {
      "id": "w-822769-9300830051113",
      "name": "Tresemme Purple Conditioner Violet Blonde Shine",
      "brand": "Tresemme",
      "imageUrls": "https://cdn0.woolworths.media/content/wowproductimages/large/822769.jpg",
      "storeId": "woolworths",
      "packageSize": "350ml",
      "cupPrice": "$1.29 / 100ML",
      "locations": {
        "ALL": {
          "price": 4.5,
          "discountRate": 50,
          "promo": "",
          "orgPrice": 9
        }
      },
      "categoryIds": ["w-health-beauty"],
      "similarProducts": []
    },
    {
      "id": "w-822763-9300830051120",
      "name": "Tresemme Purple Shampoo Violet Blonde Shine",
      "brand": "Tresemme",
      "imageUrls": "https://cdn0.woolworths.media/content/wowproductimages/large/822763.jpg",
      "storeId": "woolworths",
      "packageSize": "350ml",
      "cupPrice": "$1.29 / 100ML",
      "locations": {
        "ALL": {
          "price": 4.5,
          "discountRate": 50,
          "promo": "",
          "orgPrice": 9
        }
      },
      "categoryIds": ["w-health-beauty"],
      "similarProducts": []
    },
    {
      "id": "w-855446-9300830052370",
      "name": "Tresemme Shampoo Keratin Smooth",
      "brand": "Tresemme",
      "imageUrls": "https://cdn0.woolworths.media/content/wowproductimages/large/855446.jpg",
      "storeId": "woolworths",
      "packageSize": "675ml",
      "cupPrice": "$0.96 / 100ML",
      "locations": {
        "ALL": {
          "price": 6.5,
          "discountRate": 50,
          "promo": "",
          "orgPrice": 13
        }
      },
      "categoryIds": ["w-health-beauty"],
      "similarProducts": []
    },
    {
      "id": "w-857875-9300830052417",
      "name": "Tresemme Shampoo Repair & Protect",
      "brand": "Tresemme",
      "imageUrls": "https://cdn0.woolworths.media/content/wowproductimages/large/857875.jpg",
      "storeId": "woolworths",
      "packageSize": "675ml",
      "cupPrice": "$0.96 / 100ML",
      "locations": {
        "ALL": {
          "price": 6.5,
          "discountRate": 50,
          "promo": "",
          "orgPrice": 13
        }
      },
      "categoryIds": ["w-health-beauty"],
      "similarProducts": []
    },
    {
      "id": "w-822761-9300830051083",
      "name": "Tresemme Shampoo Repair & Protect",
      "brand": "Tresemme",
      "imageUrls": "https://cdn0.woolworths.media/content/wowproductimages/large/822761.jpg",
      "storeId": "woolworths",
      "packageSize": "350ml",
      "cupPrice": "$1.29 / 100ML",
      "locations": {
        "ALL": {
          "price": 4.5,
          "discountRate": 50,
          "promo": "",
          "orgPrice": 9
        }
      },
      "categoryIds": ["w-health-beauty"],
      "similarProducts": []
    },
    {
      "id": "w-822499-9300830051014",
      "name": "Tresemme Shampoo Thick & Full",
      "brand": "Tresemme",
      "imageUrls": "https://cdn0.woolworths.media/content/wowproductimages/large/822499.jpg",
      "storeId": "woolworths",
      "packageSize": "350ml",
      "cupPrice": "$1.29 / 100ML",
      "locations": {
        "ALL": {
          "price": 4.5,
          "discountRate": 50,
          "promo": "",
          "orgPrice": 9
        }
      },
      "categoryIds": ["w-health-beauty"],
      "similarProducts": []
    },
    {
      "id": "w-822762-9300830051106",
      "name": "Tresemme Shampoo Ultimate Hydration",
      "brand": "Tresemme",
      "imageUrls": "https://cdn0.woolworths.media/content/wowproductimages/large/822762.jpg",
      "storeId": "woolworths",
      "packageSize": "350ml",
      "cupPrice": "$1.29 / 100ML",
      "locations": {
        "ALL": {
          "price": 4.5,
          "discountRate": 50,
          "promo": "",
          "orgPrice": 9
        }
      },
      "categoryIds": ["w-health-beauty"],
      "similarProducts": []
    },
    {
      "id": "w-855440-9300830052431",
      "name": "Tresemme Shampoo Botanique Restore & Shine",
      "brand": "Tresemme",
      "imageUrls": "https://cdn0.woolworths.media/content/wowproductimages/large/855440.jpg",
      "storeId": "woolworths",
      "packageSize": "675ml",
      "cupPrice": "$0.96 / 100ML",
      "locations": {
        "ALL": {
          "price": 6.5,
          "discountRate": 50,
          "promo": "",
          "orgPrice": 13
        }
      },
      "categoryIds": ["w-health-beauty"],
      "similarProducts": []
    },
    {
      "id": "w-852170-9300830051045",
      "name": "Tresemme Shampoo Botanique Restore Shine",
      "brand": "Tresemme",
      "imageUrls": "https://cdn0.woolworths.media/content/wowproductimages/large/852170.jpg",
      "storeId": "woolworths",
      "packageSize": "350ml",
      "cupPrice": "$1.29 / 100ML",
      "locations": {
        "ALL": {
          "price": 4.5,
          "discountRate": 50,
          "promo": "",
          "orgPrice": 9
        }
      },
      "categoryIds": ["w-health-beauty"],
      "similarProducts": []
    },
    {
      "id": "w-85768-9300830058464",
      "name": "Tresemme Violet Blonde Shine Conditioner",
      "brand": "Tresemme",
      "imageUrls": "https://cdn0.woolworths.media/content/wowproductimages/large/085768.jpg",
      "storeId": "woolworths",
      "packageSize": "675ml",
      "cupPrice": "$0.96 / 100ML",
      "locations": {
        "ALL": {
          "price": 6.5,
          "discountRate": 50,
          "promo": "",
          "orgPrice": 13
        }
      },
      "categoryIds": ["w-health-beauty"],
      "similarProducts": []
    },
    {
      "id": "w-85882-9300830058471",
      "name": "Tresemme Violet Blonde Shine Shampoo",
      "brand": "Tresemme",
      "imageUrls": "https://cdn0.woolworths.media/content/wowproductimages/large/085882.jpg",
      "storeId": "woolworths",
      "packageSize": "675ml",
      "cupPrice": "$0.96 / 100ML",
      "locations": {
        "ALL": {
          "price": 6.5,
          "discountRate": 50,
          "promo": "",
          "orgPrice": 13
        }
      },
      "categoryIds": ["w-health-beauty"],
      "similarProducts": []
    },
    {
      "id": "w-689629-9300830045792",
      "name": "Vaseline Lip Therapy Original Lip Balm",
      "brand": "Vaseline",
      "imageUrls": "https://cdn0.woolworths.media/content/wowproductimages/large/689629.jpg",
      "storeId": "woolworths",
      "packageSize": "20g",
      "cupPrice": "$2.00 / 10G",
      "locations": {
        "ALL": { "price": 4, "discountRate": 20, "promo": "", "orgPrice": 5 }
      },
      "categoryIds": ["w-health-beauty"],
      "similarProducts": []
    },
    {
      "id": "w-689626-9300830045778",
      "name": "Vaseline Lip Therapy Rosy Lips Balm",
      "brand": "Vaseline",
      "imageUrls": "https://cdn0.woolworths.media/content/wowproductimages/large/689626.jpg",
      "storeId": "woolworths",
      "packageSize": "20g",
      "cupPrice": "$2.00 / 10G",
      "locations": {
        "ALL": { "price": 4, "discountRate": 20, "promo": "", "orgPrice": 5 }
      },
      "categoryIds": ["w-health-beauty"],
      "similarProducts": []
    },
    {
      "id": "w-30256-9300618580026",
      "name": "Vicks Chest Rub Vaporub",
      "brand": "Vicks",
      "imageUrls": "https://cdn0.woolworths.media/content/wowproductimages/large/030256.jpg",
      "storeId": "woolworths",
      "packageSize": "50g",
      "cupPrice": "$13.60 / 100G",
      "locations": {
        "ALL": {
          "price": 6.8,
          "discountRate": 15,
          "promo": "",
          "orgPrice": 8
        }
      },
      "categoryIds": ["w-health-beauty"],
      "similarProducts": []
    },
    {
      "id": "w-370958-4987176008732",
      "name": "Vicks Lozenges Butter Menthol",
      "brand": "Vicks",
      "imageUrls": "https://cdn0.woolworths.media/content/wowproductimages/large/370958.jpg",
      "storeId": "woolworths",
      "packageSize": "24 pack",
      "cupPrice": "$0.13 / 1EA",
      "locations": {
        "ALL": {
          "price": 3.2,
          "discountRate": 26,
          "promo": "",
          "orgPrice": 4.3
        }
      },
      "categoryIds": ["w-health-beauty"],
      "similarProducts": []
    },
    {
      "id": "w-370957-4987176008756",
      "name": "Vicks Lozenges Original Menthol",
      "brand": "Vicks",
      "imageUrls": "https://cdn0.woolworths.media/content/wowproductimages/large/370957.jpg",
      "storeId": "woolworths",
      "packageSize": "24 pack",
      "cupPrice": "$0.13 / 1EA",
      "locations": {
        "ALL": {
          "price": 3.2,
          "discountRate": 26,
          "promo": "",
          "orgPrice": 4.3
        }
      },
      "categoryIds": ["w-health-beauty"],
      "similarProducts": []
    },
    {
      "id": "w-30260-9300618530045",
      "name": "Vicks Nasal Decongestant Inhaler For Blocked Nose Relief",
      "brand": "Vicks",
      "imageUrls": "https://cdn0.woolworths.media/content/wowproductimages/large/030260.jpg",
      "storeId": "woolworths",
      "packageSize": "0.5ml",
      "cupPrice": "$6.70 / 1EA",
      "locations": {
        "ALL": {
          "price": 6.7,
          "discountRate": 15,
          "promo": "",
          "orgPrice": 7.9
        }
      },
      "categoryIds": ["w-health-beauty"],
      "similarProducts": []
    },
    {
      "id": "w-600812-4987176014658",
      "name": "Vicks Vapodrops Honey Lemon Menthol",
      "brand": "Vicks",
      "imageUrls": "https://cdn0.woolworths.media/content/wowproductimages/large/600812.jpg",
      "storeId": "woolworths",
      "packageSize": "36 pack",
      "cupPrice": "$0.19 / 1EA",
      "locations": {
        "ALL": {
          "price": 6.75,
          "discountRate": 25,
          "promo": "",
          "orgPrice": 9
        }
      },
      "categoryIds": ["w-health-beauty"],
      "similarProducts": []
    },
    {
      "id": "w-508134-9320547004929",
      "name": "Vital Strength Ripped Protein Powder Chocolate",
      "brand": "Vital Strength",
      "imageUrls": "https://cdn0.woolworths.media/content/wowproductimages/large/508134.jpg",
      "storeId": "woolworths",
      "packageSize": "600g",
      "cupPrice": "$2.92 / 100G",
      "locations": {
        "ALL": {
          "price": 17.5,
          "discountRate": 50,
          "promo": "",
          "orgPrice": 35
        }
      },
      "categoryIds": ["w-health-beauty"],
      "similarProducts": []
    },
    {
      "id": "w-58866-9347580000664",
      "name": "Voost Effervescent Collagen Tablets",
      "brand": "Voost",
      "imageUrls": "https://cdn0.woolworths.media/content/wowproductimages/large/058866.jpg",
      "storeId": "woolworths",
      "packageSize": "40 pack",
      "cupPrice": "$16.25 / 100EA",
      "locations": {
        "ALL": {
          "price": 6.5,
          "discountRate": 50,
          "promo": "",
          "orgPrice": 13
        }
      },
      "categoryIds": ["w-health-beauty"],
      "similarProducts": []
    },
    {
      "id": "w-58699-9347580000640",
      "name": "Voost Effervescent Energy Tablets",
      "brand": "Voost",
      "imageUrls": "https://cdn0.woolworths.media/content/wowproductimages/large/058699.jpg",
      "storeId": "woolworths",
      "packageSize": "40 pack",
      "cupPrice": "$16.25 / 100EA",
      "locations": {
        "ALL": {
          "price": 6.5,
          "discountRate": 50,
          "promo": "",
          "orgPrice": 13
        }
      },
      "categoryIds": ["w-health-beauty"],
      "similarProducts": []
    },
    {
      "id": "w-58869-9347580000633",
      "name": "Voost Effervescent Magnesium Tablets",
      "brand": "Voost",
      "imageUrls": "https://cdn0.woolworths.media/content/wowproductimages/large/058869.jpg",
      "storeId": "woolworths",
      "packageSize": "40 pack",
      "cupPrice": "$16.25 / 100EA",
      "locations": {
        "ALL": {
          "price": 6.5,
          "discountRate": 50,
          "promo": "",
          "orgPrice": 13
        }
      },
      "categoryIds": ["w-health-beauty"],
      "similarProducts": []
    },
    {
      "id": "w-815326-9347580000299",
      "name": "Voost Effervescent Vitamin B+ Performance",
      "brand": "Voost",
      "imageUrls": "https://cdn0.woolworths.media/content/wowproductimages/large/815326.jpg",
      "storeId": "woolworths",
      "packageSize": "40 pack",
      "cupPrice": "$16.25 / 100EA",
      "locations": {
        "ALL": {
          "price": 6.5,
          "discountRate": 50,
          "promo": "",
          "orgPrice": 13
        }
      },
      "categoryIds": ["w-health-beauty"],
      "similarProducts": []
    },
    {
      "id": "w-677919-9319871001032",
      "name": "White Glo Activated Whitening Powder",
      "brand": "White Glo",
      "imageUrls": "https://cdn0.woolworths.media/content/wowproductimages/large/677919.jpg",
      "storeId": "woolworths",
      "packageSize": "30g",
      "cupPrice": "$30.00 / 100G",
      "locations": {
        "ALL": { "price": 9, "discountRate": 10, "promo": "", "orgPrice": 10 }
      },
      "categoryIds": ["w-health-beauty"],
      "similarProducts": []
    },
    {
      "id": "w-647836-9319871000943",
      "name": "White Glo Charcoal Toothpaste Deep Stain Remover",
      "brand": "White Glo",
      "imageUrls": "https://cdn0.woolworths.media/content/wowproductimages/large/647836.jpg",
      "storeId": "woolworths",
      "packageSize": "150g",
      "cupPrice": "$3.60 / 100G",
      "locations": {
        "ALL": {
          "price": 5.4,
          "discountRate": 10,
          "promo": "",
          "orgPrice": 6
        }
      },
      "categoryIds": ["w-health-beauty"],
      "similarProducts": []
    },
    {
      "id": "w-79918-9319871001407",
      "name": "White Glo Instant White Toothpaste",
      "brand": "White Glo",
      "imageUrls": "https://cdn0.woolworths.media/content/wowproductimages/large/079918.jpg",
      "storeId": "woolworths",
      "packageSize": "150g",
      "cupPrice": "$2.00 / 100G",
      "locations": {
        "ALL": { "price": 3, "discountRate": 50, "promo": "", "orgPrice": 6 }
      },
      "categoryIds": ["w-health-beauty"],
      "similarProducts": []
    },
    {
      "id": "w-81771-9319871001506",
      "name": "White Glo Probiotic Whitening Toothpaste",
      "brand": "White Glo",
      "imageUrls": "https://cdn0.woolworths.media/content/wowproductimages/large/081771.jpg",
      "storeId": "woolworths",
      "packageSize": "150g",
      "cupPrice": "$2.00 / 100G",
      "locations": {
        "ALL": { "price": 3, "discountRate": 50, "promo": "", "orgPrice": 6 }
      },
      "categoryIds": ["w-health-beauty"],
      "similarProducts": []
    },
    {
      "id": "w-88169-9319871000042",
      "name": "White Glo Toothpaste Professional + Toothbrush",
      "brand": "White Glo",
      "imageUrls": "https://cdn0.woolworths.media/content/wowproductimages/large/088169.jpg",
      "storeId": "woolworths",
      "packageSize": "150g",
      "cupPrice": "$2.80 / 100G",
      "locations": {
        "ALL": {
          "price": 4.2,
          "discountRate": 20,
          "promo": "",
          "orgPrice": 5.25
        }
      },
      "categoryIds": ["w-health-beauty"],
      "similarProducts": []
    },
    {
      "id": "w-378452-9333833007788",
      "name": "Winners Sports Nutrition Energy Bar Apple Berry Crumble",
      "brand": "Winners Sports Nutrition",
      "imageUrls": "https://cdn0.woolworths.media/content/wowproductimages/large/378452.jpg",
      "storeId": "woolworths",
      "packageSize": "55g",
      "cupPrice": "$2.27 / 100G",
      "locations": {
        "ALL": {
          "price": 1.25,
          "discountRate": 50,
          "promo": "",
          "orgPrice": 2.5
        }
      },
      "categoryIds": ["w-health-beauty"],
      "similarProducts": []
    },
    {
      "id": "w-66637-9341122001911",
      "name": "Wonder Peppa Pig Training Facial Tissues Cube",
      "brand": "Wonder",
      "imageUrls": "https://cdn0.woolworths.media/content/wowproductimages/large/066637.jpg",
      "storeId": "woolworths",
      "packageSize": "60 pack",
      "cupPrice": "$2.75 / 100SS",
      "locations": {
        "ALL": {
          "price": 1.65,
          "discountRate": 28,
          "promo": "",
          "orgPrice": 2.3
        }
      },
      "categoryIds": ["w-health-beauty", "w-household"],
      "similarProducts": []
    },
    {
      "id": "w-66599-9341122001867",
      "name": "Wonder Peppa Pig Training Facial Tissues Pocket",
      "brand": "Wonder",
      "imageUrls": "https://cdn0.woolworths.media/content/wowproductimages/large/066599.jpg",
      "storeId": "woolworths",
      "packageSize": "6 x9 pack",
      "cupPrice": "$4.17 / 100SS",
      "locations": {
        "ALL": {
          "price": 2.25,
          "discountRate": 25,
          "promo": "",
          "orgPrice": 3
        }
      },
      "categoryIds": ["w-health-beauty", "w-household"],
      "similarProducts": []
    },
    {
      "id": "w-678624-862692000238",
      "name": "Woobamboo Adult Toothbrush Medium",
      "brand": "Woobamboo",
      "imageUrls": "https://cdn0.woolworths.media/content/wowproductimages/large/678624.jpg",
      "storeId": "woolworths",
      "packageSize": "1pk",
      "cupPrice": "$4.00 / 1EA",
      "locations": {
        "ALL": { "price": 4, "discountRate": 20, "promo": "", "orgPrice": 5 }
      },
      "categoryIds": ["w-health-beauty"],
      "similarProducts": []
    },
    {
      "id": "w-678594-862692000207",
      "name": "Woobamboo Adult Toothbrush Soft",
      "brand": "Woobamboo",
      "imageUrls": "https://cdn0.woolworths.media/content/wowproductimages/large/678594.jpg",
      "storeId": "woolworths",
      "packageSize": "1pk",
      "cupPrice": "$4.00 / 1EA",
      "locations": {
        "ALL": { "price": 4, "discountRate": 20, "promo": "", "orgPrice": 5 }
      },
      "categoryIds": ["w-health-beauty"],
      "similarProducts": []
    },
    {
      "id": "w-83429-862692000269",
      "name": "Woobamboo Kids Toothbrush",
      "brand": "Woobamboo",
      "imageUrls": "https://cdn0.woolworths.media/content/wowproductimages/large/083429.jpg",
      "storeId": "woolworths",
      "packageSize": "2 pack",
      "cupPrice": "$0.00 / 0",
      "locations": {
        "ALL": { "price": 7, "discountRate": 13, "promo": "", "orgPrice": 8 }
      },
      "categoryIds": ["w-health-beauty"],
      "similarProducts": []
    },
    {
      "id": "w-780207-9300633479770",
      "name": "Adesso Appliance Stainless Steel Toaster 2slice",
      "brand": "Adesso",
      "imageUrls": "https://cdn0.woolworths.media/content/wowproductimages/large/780207.jpg",
      "storeId": "woolworths",
      "packageSize": "each",
      "cupPrice": "$0.00 / 0",
      "locations": {
        "ALL": {
          "price": 20,
          "discountRate": 20,
          "promo": "",
          "orgPrice": 25
        }
      },
      "categoryIds": ["w-household"],
      "similarProducts": []
    },
    {
      "id": "w-78777-9339687153053",
      "name": "Adesso Steam Iron",
      "brand": "Adesso",
      "imageUrls": "https://cdn0.woolworths.media/content/wowproductimages/large/078777.jpg",
      "storeId": "woolworths",
      "packageSize": "each",
      "cupPrice": "$0.00 / 0",
      "locations": {
        "ALL": {
          "price": 15.2,
          "discountRate": 20,
          "promo": "",
          "orgPrice": 19
        }
      },
      "categoryIds": ["w-household"],
      "similarProducts": []
    },
    {
      "id": "w-89313-8850006933787",
      "name": "Ajax Eco Multipurpose Cleaner Coconut & Lime",
      "brand": "Ajax",
      "imageUrls": "https://cdn0.woolworths.media/content/wowproductimages/large/089313.jpg",
      "storeId": "woolworths",
      "packageSize": "450ml",
      "cupPrice": "$0.78 / 100ML",
      "locations": {
        "ALL": {
          "price": 3.5,
          "discountRate": 30,
          "promo": "",
          "orgPrice": 5
        }
      },
      "categoryIds": ["w-household"],
      "similarProducts": []
    },
    {
      "id": "w-88331-8850006933763",
      "name": "Ajax Eco Multipurpose Cleaner Orange & Ginger",
      "brand": "Ajax",
      "imageUrls": "https://cdn0.woolworths.media/content/wowproductimages/large/088331.jpg",
      "storeId": "woolworths",
      "packageSize": "450ml",
      "cupPrice": "$0.00 / 100MM",
      "locations": {
        "ALL": {
          "price": 3.5,
          "discountRate": 30,
          "promo": "",
          "orgPrice": 5
        }
      },
      "categoryIds": ["w-household"],
      "similarProducts": []
    },
    {
      "id": "w-377681-4902430304733",
      "name": "Ambi Pur Air Effects Aerosol Air Freshener Lavender & Vanilla",
      "brand": "Ambi Pur",
      "imageUrls": "https://cdn0.woolworths.media/content/wowproductimages/large/377681.jpg",
      "storeId": "woolworths",
      "packageSize": "275g",
      "cupPrice": "$0.11 / 10G",
      "locations": {
        "ALL": { "price": 3, "discountRate": 50, "promo": "", "orgPrice": 6 }
      },
      "categoryIds": ["w-household"],
      "similarProducts": []
    },
    {
      "id": "w-377690-4902430304764",
      "name": "Ambi Pur Air Effects Rocky Springs & Cool Aerosol Air Freshener",
      "brand": "Ambi Pur",
      "imageUrls": "https://cdn0.woolworths.media/content/wowproductimages/large/377690.jpg",
      "storeId": "woolworths",
      "packageSize": "275g",
      "cupPrice": "$0.11 / 10G",
      "locations": {
        "ALL": { "price": 3, "discountRate": 50, "promo": "", "orgPrice": 6 }
      },
      "categoryIds": ["w-household"],
      "similarProducts": []
    },
    {
      "id": "w-83875-4902430915281",
      "name": "Ambi Pur Bathroom Fresh Air Freshener Zesty Lemon",
      "brand": "Ambi Pur",
      "imageUrls": "https://cdn0.woolworths.media/content/wowproductimages/large/083875.jpg",
      "storeId": "woolworths",
      "packageSize": "6ml",
      "cupPrice": "$0.00 / 0",
      "locations": {
        "ALL": { "price": 4, "discountRate": 50, "promo": "", "orgPrice": 8 }
      },
      "categoryIds": ["w-household"],
      "similarProducts": [
        {
          "productId": "ambi-pur-b-r-ar-frhnr-zesty-lemon",
          "storeId": "coles"
        }
      ]
    },
    {
      "id": "w-896438-4902430570442",
      "name": "Ambi Pur Car Air Freshener Mini Clip Vanilla Bliss",
      "brand": "Ambi Pur",
      "imageUrls": "https://cdn0.woolworths.media/content/wowproductimages/large/896438.jpg",
      "storeId": "woolworths",
      "packageSize": "2ml",
      "cupPrice": "$3.00 / 1EA",
      "locations": {
        "ALL": { "price": 3, "discountRate": 50, "promo": "", "orgPrice": 6 }
      },
      "categoryIds": ["w-household"],
      "similarProducts": []
    },
    {
      "id": "w-503678-4902430571883",
      "name": "Ambi Pur Car Air Freshener Premium Clip Aqua",
      "brand": "Ambi Pur",
      "imageUrls": "https://cdn0.woolworths.media/content/wowproductimages/large/503678.jpg",
      "storeId": "woolworths",
      "packageSize": "7.5ml",
      "cupPrice": "$4.40 / 1EA",
      "locations": {
        "ALL": {
          "price": 4.4,
          "discountRate": 50,
          "promo": "",
          "orgPrice": 8.8
        }
      },
      "categoryIds": ["w-household"],
      "similarProducts": []
    },
    {
      "id": "w-507554-4902430571906",
      "name": "Ambi Pur Car Refill Aqua",
      "brand": "Ambi Pur",
      "imageUrls": "https://cdn0.woolworths.media/content/wowproductimages/large/507554.jpg",
      "storeId": "woolworths",
      "packageSize": "7.5ml",
      "cupPrice": "$6.67 / 10ML",
      "locations": {
        "ALL": { "price": 5, "discountRate": 50, "promo": "", "orgPrice": 10 }
      },
      "categoryIds": ["w-household"],
      "similarProducts": []
    },
    {
      "id": "w-54459-9556076004608",
      "name": "Ambi Pur Hang It Easy Velvet",
      "brand": "Ambi Pur",
      "imageUrls": "https://cdn0.woolworths.media/content/wowproductimages/large/054459.jpg",
      "storeId": "woolworths",
      "packageSize": "2 pack",
      "cupPrice": "$3.50 / 1EA",
      "locations": {
        "ALL": { "price": 7, "discountRate": 30, "promo": "", "orgPrice": 10 }
      },
      "categoryIds": ["w-household"],
      "similarProducts": []
    },
    {
      "id": "w-758135-4902430523103",
      "name": "Ambi Pur Mini Clip Car Air Freshener New Zealand Springs",
      "brand": "Ambi Pur",
      "imageUrls": "https://cdn0.woolworths.media/content/wowproductimages/large/758135.jpg",
      "storeId": "woolworths",
      "packageSize": "2ml",
      "cupPrice": "$3.00 / 1EA",
      "locations": {
        "ALL": { "price": 3, "discountRate": 50, "promo": "", "orgPrice": 6 }
      },
      "categoryIds": ["w-household"],
      "similarProducts": []
    },
    {
      "id": "w-758141-4902430377409",
      "name": "Ambi Pur Mini Clip Car Air Freshener Sky Breeze",
      "brand": "Ambi Pur",
      "imageUrls": "https://cdn0.woolworths.media/content/wowproductimages/large/758141.jpg",
      "storeId": "woolworths",
      "packageSize": "2ml",
      "cupPrice": "$3.00 / 1EA",
      "locations": {
        "ALL": { "price": 3, "discountRate": 50, "promo": "", "orgPrice": 6 }
      },
      "categoryIds": ["w-household"],
      "similarProducts": []
    },
    {
      "id": "w-757347-4902430470803",
      "name": "Ambi Pur Plug In Air Freshener Vanilla Harmony Refill",
      "brand": "Ambi Pur",
      "imageUrls": "https://cdn0.woolworths.media/content/wowproductimages/large/757347.jpg",
      "storeId": "woolworths",
      "packageSize": "20ml",
      "cupPrice": "$1.88 / 10ML",
      "locations": {
        "ALL": {
          "price": 3.75,
          "discountRate": 50,
          "promo": "",
          "orgPrice": 7.5
        }
      },
      "categoryIds": ["w-household"],
      "similarProducts": []
    },
    {
      "id": "w-757395-4902430470827",
      "name": "Ambi Pur Plug In Air Freshener Refill Lavender & Comfort",
      "brand": "Ambi Pur",
      "imageUrls": "https://cdn0.woolworths.media/content/wowproductimages/large/757395.jpg",
      "storeId": "woolworths",
      "packageSize": "20ml",
      "cupPrice": "$1.88 / 10ML",
      "locations": {
        "ALL": {
          "price": 3.75,
          "discountRate": 50,
          "promo": "",
          "orgPrice": 7.5
        }
      },
      "categoryIds": ["w-household"],
      "similarProducts": []
    },
    {
      "id": "w-758106-4902430475129",
      "name": "Ambi Pur Plug In Air Freshener Refill Linen & Sky",
      "brand": "Ambi Pur",
      "imageUrls": "https://cdn0.woolworths.media/content/wowproductimages/large/758106.jpg",
      "storeId": "woolworths",
      "packageSize": "20ml",
      "cupPrice": "$1.88 / 10ML",
      "locations": {
        "ALL": {
          "price": 3.75,
          "discountRate": 50,
          "promo": "",
          "orgPrice": 7.5
        }
      },
      "categoryIds": ["w-household"],
      "similarProducts": []
    },
    {
      "id": "w-758099-4902430474665",
      "name": "Ambi Pur Plug In Air Freshener Set Linen & Sky",
      "brand": "Ambi Pur",
      "imageUrls": "https://cdn0.woolworths.media/content/wowproductimages/large/758099.jpg",
      "storeId": "woolworths",
      "packageSize": "20ml",
      "cupPrice": "$2.63 / 10ML",
      "locations": {
        "ALL": {
          "price": 5.25,
          "discountRate": 50,
          "promo": "",
          "orgPrice": 10.5
        }
      },
      "categoryIds": ["w-household"],
      "similarProducts": []
    },
    {
      "id": "w-757366-4902430470629",
      "name": "Ambi Pur Plug In Air Freshener Set Vanilla Harmony",
      "brand": "Ambi Pur",
      "imageUrls": "https://cdn0.woolworths.media/content/wowproductimages/large/757366.jpg",
      "storeId": "woolworths",
      "packageSize": "20ml",
      "cupPrice": "$2.63 / 10ML",
      "locations": {
        "ALL": {
          "price": 5.25,
          "discountRate": 50,
          "promo": "",
          "orgPrice": 10.5
        }
      },
      "categoryIds": ["w-household"],
      "similarProducts": []
    },
    {
      "id": "w-250458-4902430370745",
      "name": "Ambi Pur Premium Clip Car Air Freshener Refill Vanilla Voyage",
      "brand": "Ambi Pur",
      "imageUrls": "https://cdn0.woolworths.media/content/wowproductimages/large/250458.jpg",
      "storeId": "woolworths",
      "packageSize": "2 x7.5ml",
      "cupPrice": "$3.57 / 10ML",
      "locations": {
        "ALL": { "price": 5, "discountRate": 50, "promo": "", "orgPrice": 10 }
      },
      "categoryIds": ["w-household"],
      "similarProducts": []
    },
    {
      "id": "w-213682-4974052817502",
      "name": "Artline Permanent Marker Black",
      "brand": "Artline",
      "imageUrls": "https://cdn0.woolworths.media/content/wowproductimages/large/213682.jpg",
      "storeId": "woolworths",
      "packageSize": "700mm 2pk",
      "cupPrice": "$0.00 / 0",
      "locations": {
        "ALL": {
          "price": 3.75,
          "discountRate": 50,
          "promo": "",
          "orgPrice": 7.5
        }
      },
      "categoryIds": ["w-household"],
      "similarProducts": []
    },
    {
      "id": "w-213895-4974052826696",
      "name": "Artline Permanent Marker Black",
      "brand": "Artline",
      "imageUrls": "https://cdn0.woolworths.media/content/wowproductimages/large/213895.jpg",
      "storeId": "woolworths",
      "packageSize": "70mm 2pk",
      "cupPrice": "$0.00 / 0",
      "locations": {
        "ALL": {
          "price": 3.75,
          "discountRate": 50,
          "promo": "",
          "orgPrice": 7.5
        }
      },
      "categoryIds": ["w-household"],
      "similarProducts": []
    },
    {
      "id": "w-213896-4974052826702",
      "name": "Artline Permanent Marker Black",
      "brand": "Artline",
      "imageUrls": "https://cdn0.woolworths.media/content/wowproductimages/large/213896.jpg",
      "storeId": "woolworths",
      "packageSize": "90mm 2pk",
      "cupPrice": "$0.00 / 0",
      "locations": {
        "ALL": {
          "price": 3.75,
          "discountRate": 50,
          "promo": "",
          "orgPrice": 7.5
        }
      },
      "categoryIds": ["w-household"],
      "similarProducts": []
    },
    {
      "id": "w-92062-810005413213",
      "name": "Bactive Disinfectant Wipes",
      "brand": "Bactive",
      "imageUrls": "https://cdn0.woolworths.media/content/wowproductimages/large/092062.jpg",
      "storeId": "woolworths",
      "packageSize": "80 pack",
      "cupPrice": "$5.00 / 100EA",
      "locations": {
        "ALL": { "price": 4, "discountRate": 20, "promo": "", "orgPrice": 5 }
      },
      "categoryIds": ["w-household"],
      "similarProducts": []
    },
    {
      "id": "w-541263-3086123307520",
      "name": "Bic 4 Colour Shine",
      "brand": "Bic",
      "imageUrls": "https://cdn0.woolworths.media/content/wowproductimages/large/541263.jpg",
      "storeId": "woolworths",
      "packageSize": "3 pack",
      "cupPrice": "$0.00 / 0",
      "locations": {
        "ALL": {
          "price": 4.5,
          "discountRate": 50,
          "promo": "",
          "orgPrice": 9
        }
      },
      "categoryIds": ["w-household"],
      "similarProducts": []
    },
    {
      "id": "w-401053-70330144576",
      "name": "Bic Atlantis Pens Assorted",
      "brand": "Bic",
      "imageUrls": "https://cdn0.woolworths.media/content/wowproductimages/large/401053.jpg",
      "storeId": "woolworths",
      "packageSize": "4 pack",
      "cupPrice": "$0.00 / 0",
      "locations": {
        "ALL": {
          "price": 2.6,
          "discountRate": 50,
          "promo": "",
          "orgPrice": 5.25
        }
      },
      "categoryIds": ["w-household"],
      "similarProducts": []
    },
    {
      "id": "w-763331-70330139381",
      "name": "Bic Atlantis Retractable Pen Black",
      "brand": "Bic",
      "imageUrls": "https://cdn0.woolworths.media/content/wowproductimages/large/763331.jpg",
      "storeId": "woolworths",
      "packageSize": "4 pack",
      "cupPrice": "$0.00 / 0",
      "locations": {
        "ALL": {
          "price": 2.6,
          "discountRate": 50,
          "promo": "",
          "orgPrice": 5.25
        }
      },
      "categoryIds": ["w-household"],
      "similarProducts": []
    },
    {
      "id": "w-252709-70330139374",
      "name": "Bic Atlantis Retractable Pen Blue",
      "brand": "Bic",
      "imageUrls": "https://cdn0.woolworths.media/content/wowproductimages/large/252709.jpg",
      "storeId": "woolworths",
      "packageSize": "4 pack",
      "cupPrice": "$0.00 / 0",
      "locations": {
        "ALL": {
          "price": 2.6,
          "discountRate": 50,
          "promo": "",
          "orgPrice": 5.25
        }
      },
      "categoryIds": ["w-household"],
      "similarProducts": []
    },
    {
      "id": "w-743583-3086123008946",
      "name": "Bic Clic 4 Colour Pen",
      "brand": "Bic",
      "imageUrls": "https://cdn0.woolworths.media/content/wowproductimages/large/743583.jpg",
      "storeId": "woolworths",
      "packageSize": "3 pack",
      "cupPrice": "$0.00 / 0",
      "locations": {
        "ALL": { "price": 4, "discountRate": 50, "promo": "", "orgPrice": 8 }
      },
      "categoryIds": ["w-household"],
      "similarProducts": []
    },
    {
      "id": "w-494238-70330633445",
      "name": "Bic Flex Multi Purpose Lighter",
      "brand": "Bic",
      "imageUrls": "https://cdn0.woolworths.media/content/wowproductimages/large/494238.jpg",
      "storeId": "woolworths",
      "packageSize": "each",
      "cupPrice": "$0.00 / 0",
      "locations": {
        "ALL": { "price": 8, "discountRate": 20, "promo": "", "orgPrice": 10 }
      },
      "categoryIds": ["w-household"],
      "similarProducts": []
    },
    {
      "id": "w-922478-3086123341852",
      "name": "Bic Fluo Lighter",
      "brand": "Bic",
      "imageUrls": "https://cdn0.woolworths.media/content/wowproductimages/large/922478.jpg",
      "storeId": "woolworths",
      "packageSize": "1pk",
      "cupPrice": "$3.50 / 1EA",
      "locations": {
        "ALL": {
          "price": 3.5,
          "discountRate": 50,
          "promo": "",
          "orgPrice": 7
        }
      },
      "categoryIds": ["w-household"],
      "similarProducts": []
    },
    {
      "id": "w-61967-70330314412",
      "name": "Bic Gelocity Original Assorted",
      "brand": "Bic",
      "imageUrls": "https://cdn0.woolworths.media/content/wowproductimages/large/061967.jpg",
      "storeId": "woolworths",
      "packageSize": "4 pack",
      "cupPrice": "$0.00 / 0",
      "locations": {
        "ALL": { "price": 4, "discountRate": 50, "promo": "", "orgPrice": 8 }
      },
      "categoryIds": ["w-household"],
      "similarProducts": []
    },
    {
      "id": "w-61974-70330201347",
      "name": "Bic Gelocity Original Fashion",
      "brand": "Bic",
      "imageUrls": "https://cdn0.woolworths.media/content/wowproductimages/large/061974.jpg",
      "storeId": "woolworths",
      "packageSize": "4 pack",
      "cupPrice": "$0.00 / 0",
      "locations": {
        "ALL": { "price": 4, "discountRate": 50, "promo": "", "orgPrice": 8 }
      },
      "categoryIds": ["w-household"],
      "similarProducts": []
    },
    {
      "id": "w-785296-3086123174092",
      "name": "Bic Kids Crayons Turn & Colour",
      "brand": "Bic",
      "imageUrls": "https://cdn0.woolworths.media/content/wowproductimages/large/785296.jpg",
      "storeId": "woolworths",
      "packageSize": "12 pack",
      "cupPrice": "$0.00 / 0",
      "locations": {
        "ALL": { "price": 3, "discountRate": 50, "promo": "", "orgPrice": 6 }
      },
      "categoryIds": ["w-household"],
      "similarProducts": []
    },
    {
      "id": "w-516753-3270220002734",
      "name": "Bic Kids Felt Pens",
      "brand": "Bic",
      "imageUrls": "https://cdn0.woolworths.media/content/wowproductimages/large/516753.jpg",
      "storeId": "woolworths",
      "packageSize": "18 pack",
      "cupPrice": "$3.75 / 1EA",
      "locations": {
        "ALL": {
          "price": 3.75,
          "discountRate": 50,
          "promo": "",
          "orgPrice": 7.5
        }
      },
      "categoryIds": ["w-household"],
      "similarProducts": []
    },
    {
      "id": "w-516752-3086123499133",
      "name": "Bic Kids Pencils Tropicolors",
      "brand": "Bic",
      "imageUrls": "https://cdn0.woolworths.media/content/wowproductimages/large/516752.jpg",
      "storeId": "woolworths",
      "packageSize": "24 pack",
      "cupPrice": "$3.50 / 1EA",
      "locations": {
        "ALL": {
          "price": 3.5,
          "discountRate": 50,
          "promo": "",
          "orgPrice": 7
        }
      },
      "categoryIds": ["w-household"],
      "similarProducts": []
    },
    {
      "id": "w-61986-9310025201247",
      "name": "Bic Round Stic Classic Assorted",
      "brand": "Bic",
      "imageUrls": "https://cdn0.woolworths.media/content/wowproductimages/large/061986.jpg",
      "storeId": "woolworths",
      "packageSize": "10 pack",
      "cupPrice": "$0.00 / 0",
      "locations": {
        "ALL": { "price": 2, "discountRate": 50, "promo": "", "orgPrice": 4 }
      },
      "categoryIds": ["w-household"],
      "similarProducts": []
    },
    {
      "id": "w-61984-9310025728942",
      "name": "Bic Round Stic Classic Black",
      "brand": "Bic",
      "imageUrls": "https://cdn0.woolworths.media/content/wowproductimages/large/061984.jpg",
      "storeId": "woolworths",
      "packageSize": "10 pack",
      "cupPrice": "$0.00 / 0",
      "locations": {
        "ALL": { "price": 2, "discountRate": 50, "promo": "", "orgPrice": 4 }
      },
      "categoryIds": ["w-household"],
      "similarProducts": []
    },
    {
      "id": "w-252710-70330411708",
      "name": "Bic Velocity Mechanical Pencil",
      "brand": "Bic",
      "imageUrls": "https://cdn0.woolworths.media/content/wowproductimages/large/252710.jpg",
      "storeId": "woolworths",
      "packageSize": "2 pack",
      "cupPrice": "$0.00 / 0",
      "locations": {
        "ALL": {
          "price": 2.5,
          "discountRate": 50,
          "promo": "",
          "orgPrice": 5
        }
      },
      "categoryIds": ["w-household"],
      "similarProducts": []
    },
    {
      "id": "w-729687-9346176000057",
      "name": "Bin Buddy Berry And Citrus",
      "brand": "Bin Buddy",
      "imageUrls": "https://cdn0.woolworths.media/content/wowproductimages/large/729687.jpg",
      "storeId": "woolworths",
      "packageSize": "450g",
      "cupPrice": "$1.10 / 100G",
      "locations": {
        "ALL": {
          "price": 4.97,
          "discountRate": 50,
          "promo": "",
          "orgPrice": 9.95
        }
      },
      "categoryIds": ["w-household"],
      "similarProducts": []
    },
    {
      "id": "w-431171-4901301511591",
      "name": "Biozet Attack Front & Top Loader Laundry Powder",
      "brand": "Biozet",
      "imageUrls": "https://cdn0.woolworths.media/content/wowproductimages/large/431171.jpg",
      "storeId": "woolworths",
      "packageSize": "2kg",
      "cupPrice": "$5.00 / 1KG",
      "locations": {
        "ALL": {
          "price": 9.99,
          "discountRate": 50,
          "promo": "",
          "orgPrice": 19.99
        }
      },
      "categoryIds": ["w-household"],
      "similarProducts": [
        {
          "productId": "biozet-attack-front-top-loader-laundry-powder",
          "storeId": "coles"
        }
      ]
    },
    {
      "id": "w-425288-4710363777698",
      "name": "Biozet Attack Front & Top Loader Regular Laundry Liquid",
      "brand": "Biozet",
      "imageUrls": "https://cdn0.woolworths.media/content/wowproductimages/large/425288.jpg",
      "storeId": "woolworths",
      "packageSize": "2l",
      "cupPrice": "$5.00 / 1L",
      "locations": {
        "ALL": {
          "price": 9.99,
          "discountRate": 50,
          "promo": "",
          "orgPrice": 19.99
        }
      },
      "categoryIds": ["w-household"],
      "similarProducts": [
        {
          "productId": "biozet-attack-front-top-loader-liquid",
          "storeId": "coles"
        }
      ]
    },
    {
      "id": "w-756216-9312997043023",
      "name": "Bonds Boys Underwear Cotton Trunk (8-10 & 10-12)",
      "brand": "Bonds",
      "imageUrls": "https://cdn0.woolworths.media/content/wowproductimages/large/756216.jpg",
      "storeId": "woolworths",
      "packageSize": "3 pack",
      "cupPrice": "$3.50 / 1EA",
      "locations": {
        "ALL": {
          "price": 10.5,
          "discountRate": 30,
          "promo": "",
          "orgPrice": 15
        }
      },
      "categoryIds": ["w-household"],
      "similarProducts": []
    },
    {
      "id": "w-756261-9311497974448",
      "name": "Bonds Boys Underwear Cotton Trunk 12-14 & 14-16",
      "brand": "Bonds",
      "imageUrls": "https://cdn0.woolworths.media/content/wowproductimages/large/756261.jpg",
      "storeId": "woolworths",
      "packageSize": "3 pack",
      "cupPrice": "$3.50 / 1EA",
      "locations": {
        "ALL": {
          "price": 10.5,
          "discountRate": 30,
          "promo": "",
          "orgPrice": 15
        }
      },
      "categoryIds": ["w-household"],
      "similarProducts": []
    },
    {
      "id": "w-358119-9310115249593",
      "name": "Bonds Explorer Socks Mens Black Size 11-14",
      "brand": "Bonds",
      "imageUrls": "https://cdn0.woolworths.media/content/wowproductimages/large/358119.jpg",
      "storeId": "woolworths",
      "packageSize": "1pk",
      "cupPrice": "$0.00 / 0",
      "locations": {
        "ALL": { "price": 7, "discountRate": 50, "promo": "", "orgPrice": 14 }
      },
      "categoryIds": ["w-household"],
      "similarProducts": []
    },
    {
      "id": "w-357765-9310115249722",
      "name": "Bonds Explorer Socks Mens Navy Size 11-14",
      "brand": "Bonds",
      "imageUrls": "https://cdn0.woolworths.media/content/wowproductimages/large/357765.jpg",
      "storeId": "woolworths",
      "packageSize": "each",
      "cupPrice": "$0.00 / 0",
      "locations": {
        "ALL": { "price": 7, "discountRate": 50, "promo": "", "orgPrice": 14 }
      },
      "categoryIds": ["w-household"],
      "similarProducts": []
    },
    {
      "id": "w-660263-9351950026437",
      "name": "Bonds Girls Brief Size 4 To 6 & 6 To 8",
      "brand": "Bonds",
      "imageUrls": "https://cdn0.woolworths.media/content/wowproductimages/large/660263.jpg",
      "storeId": "woolworths",
      "packageSize": "4 pack",
      "cupPrice": "$0.00 / 0",
      "locations": {
        "ALL": {
          "price": 9.8,
          "discountRate": 30,
          "promo": "",
          "orgPrice": 14
        }
      },
      "categoryIds": ["w-household"],
      "similarProducts": []
    },
    {
      "id": "w-756234-9312997074256",
      "name": "Bonds Girls Underwear Cotton Brief (8-10 & 10-12)",
      "brand": "Bonds",
      "imageUrls": "https://cdn0.woolworths.media/content/wowproductimages/large/756234.jpg",
      "storeId": "woolworths",
      "packageSize": "4 pack",
      "cupPrice": "$2.45 / 1EA",
      "locations": {
        "ALL": {
          "price": 9.8,
          "discountRate": 30,
          "promo": "",
          "orgPrice": 14
        }
      },
      "categoryIds": ["w-household"],
      "similarProducts": []
    },
    {
      "id": "w-756215-9312997209214",
      "name": "Bonds Girls Underwear Cotton Brief 12-14 & 14-16",
      "brand": "Bonds",
      "imageUrls": "https://cdn0.woolworths.media/content/wowproductimages/large/756215.jpg",
      "storeId": "woolworths",
      "packageSize": "4 pack",
      "cupPrice": "$2.45 / 1EA",
      "locations": {
        "ALL": {
          "price": 9.8,
          "discountRate": 30,
          "promo": "",
          "orgPrice": 14
        }
      },
      "categoryIds": ["w-household"],
      "similarProducts": []
    },
    {
      "id": "w-282581-9312997521224",
      "name": "Bonds Kids Socks Logo Sport 1/4 Size 13-3",
      "brand": "Bonds",
      "imageUrls": "https://cdn0.woolworths.media/content/wowproductimages/large/282581.jpg",
      "storeId": "woolworths",
      "packageSize": "3 pack",
      "cupPrice": "$2.80 / 1EA",
      "locations": {
        "ALL": {
          "price": 8.4,
          "discountRate": 30,
          "promo": "",
          "orgPrice": 12
        }
      },
      "categoryIds": ["w-household"],
      "similarProducts": []
    },
    {
      "id": "w-384681-9312997521231",
      "name": "Bonds Kids Socks Logo Sport 1/4 Size 2-8",
      "brand": "Bonds",
      "imageUrls": "https://cdn0.woolworths.media/content/wowproductimages/large/384681.jpg",
      "storeId": "woolworths",
      "packageSize": "3 pack",
      "cupPrice": "$2.80 / 1EA",
      "locations": {
        "ALL": {
          "price": 8.4,
          "discountRate": 30,
          "promo": "",
          "orgPrice": 12
        }
      },
      "categoryIds": ["w-household"],
      "similarProducts": []
    },
    {
      "id": "w-282583-9312997521255",
      "name": "Bonds Kids Socks Logo Sport 1/4 Size 9-12",
      "brand": "Bonds",
      "imageUrls": "https://cdn0.woolworths.media/content/wowproductimages/large/282583.jpg",
      "storeId": "woolworths",
      "packageSize": "3 pack",
      "cupPrice": "$2.80 / 1EA",
      "locations": {
        "ALL": {
          "price": 8.4,
          "discountRate": 30,
          "promo": "",
          "orgPrice": 12
        }
      },
      "categoryIds": ["w-household"],
      "similarProducts": []
    },
    {
      "id": "w-253625-9310308929561",
      "name": "Bonds Kids Socks Lowcut Logo 13 - 3",
      "brand": "Bonds",
      "imageUrls": "https://cdn0.woolworths.media/content/wowproductimages/large/253625.jpg",
      "storeId": "woolworths",
      "packageSize": "3 pack",
      "cupPrice": "$2.67 / 1EA",
      "locations": {
        "ALL": {
          "price": 8,
          "discountRate": 30,
          "promo": "",
          "orgPrice": 11.5
        }
      },
      "categoryIds": ["w-household"],
      "similarProducts": []
    },
    {
      "id": "w-253621-9312997211750",
      "name": "Bonds Kids Socks Lowcut Logo 9 - 12",
      "brand": "Bonds",
      "imageUrls": "https://cdn0.woolworths.media/content/wowproductimages/large/253621.jpg",
      "storeId": "woolworths",
      "packageSize": "3 pack",
      "cupPrice": "$2.67 / 1EA",
      "locations": {
        "ALL": {
          "price": 8,
          "discountRate": 30,
          "promo": "",
          "orgPrice": 11.5
        }
      },
      "categoryIds": ["w-household"],
      "similarProducts": []
    },
    {
      "id": "w-384682-9310308929578",
      "name": "Bonds Kids Socks Lowcut Sport Size 3-8",
      "brand": "Bonds",
      "imageUrls": "https://cdn0.woolworths.media/content/wowproductimages/large/384682.jpg",
      "storeId": "woolworths",
      "packageSize": "3 pack",
      "cupPrice": "$2.67 / 1EA",
      "locations": {
        "ALL": {
          "price": 8,
          "discountRate": 30,
          "promo": "",
          "orgPrice": 11.5
        }
      },
      "categoryIds": ["w-household"],
      "similarProducts": []
    },
    {
      "id": "w-659889-9354779901251",
      "name": "Bonds Mens Fashion Guy Front Trunk Size Large",
      "brand": "Bonds",
      "imageUrls": "https://cdn0.woolworths.media/content/wowproductimages/large/659889.jpg",
      "storeId": "woolworths",
      "packageSize": "each",
      "cupPrice": "$0.00 / 0",
      "locations": {
        "ALL": {
          "price": 16.8,
          "discountRate": 30,
          "promo": "",
          "orgPrice": 24
        }
      },
      "categoryIds": ["w-household"],
      "similarProducts": []
    },
    {
      "id": "w-659888-9312997413291",
      "name": "Bonds Mens Fashion Guy Front Trunk Size Medium",
      "brand": "Bonds",
      "imageUrls": "https://cdn0.woolworths.media/content/wowproductimages/large/659888.jpg",
      "storeId": "woolworths",
      "packageSize": "each",
      "cupPrice": "$0.00 / 0",
      "locations": {
        "ALL": {
          "price": 16.8,
          "discountRate": 30,
          "promo": "",
          "orgPrice": 24
        }
      },
      "categoryIds": ["w-household"],
      "similarProducts": []
    },
    {
      "id": "w-282533-9312997486875",
      "name": "Bonds Mens Socks 1/4 Crew Sports Size 6-10",
      "brand": "Bonds",
      "imageUrls": "https://cdn0.woolworths.media/content/wowproductimages/large/282533.jpg",
      "storeId": "woolworths",
      "packageSize": "3 pack",
      "cupPrice": "$3.27 / 1EA",
      "locations": {
        "ALL": {
          "price": 9.8,
          "discountRate": 30,
          "promo": "",
          "orgPrice": 14
        }
      },
      "categoryIds": ["w-household"],
      "similarProducts": []
    },
    {
      "id": "w-361096-9312997486868",
      "name": "Bonds Mens Socks Logo 1/4 Crew Sports Size 11-14",
      "brand": "Bonds",
      "imageUrls": "https://cdn0.woolworths.media/content/wowproductimages/large/361096.jpg",
      "storeId": "woolworths",
      "packageSize": "3 pack",
      "cupPrice": "$3.27 / 1EA",
      "locations": {
        "ALL": {
          "price": 9.8,
          "discountRate": 30,
          "promo": "",
          "orgPrice": 14
        }
      },
      "categoryIds": ["w-household"],
      "similarProducts": []
    },
    {
      "id": "w-205585-9312997412928",
      "name": "Bonds Mens Underwear Guy Front Trunk Size Large",
      "brand": "Bonds",
      "imageUrls": "https://cdn0.woolworths.media/content/wowproductimages/large/205585.jpg",
      "storeId": "woolworths",
      "packageSize": "each",
      "cupPrice": "$0.00 / 0",
      "locations": {
        "ALL": {
          "price": 15.4,
          "discountRate": 30,
          "promo": "",
          "orgPrice": 22
        }
      },
      "categoryIds": ["w-household"],
      "similarProducts": []
    },
    {
      "id": "w-205584-9312997412935",
      "name": "Bonds Mens Underwear Guy Front Trunk Size Medium",
      "brand": "Bonds",
      "imageUrls": "https://cdn0.woolworths.media/content/wowproductimages/large/205584.jpg",
      "storeId": "woolworths",
      "packageSize": "each",
      "cupPrice": "$0.00 / 0",
      "locations": {
        "ALL": {
          "price": 15.4,
          "discountRate": 30,
          "promo": "",
          "orgPrice": 22
        }
      },
      "categoryIds": ["w-household"],
      "similarProducts": []
    },
    {
      "id": "w-205586-9312997272942",
      "name": "Bonds Mens Underwear Guy Front Trunk Size X Large",
      "brand": "Bonds",
      "imageUrls": "https://cdn0.woolworths.media/content/wowproductimages/large/205586.jpg",
      "storeId": "woolworths",
      "packageSize": "each",
      "cupPrice": "$0.00 / 0",
      "locations": {
        "ALL": {
          "price": 15.4,
          "discountRate": 30,
          "promo": "",
          "orgPrice": 22
        }
      },
      "categoryIds": ["w-household"],
      "similarProducts": []
    },
    {
      "id": "w-361088-9354009664307",
      "name": "Bonds Socks Mens Business Black Size 11-14",
      "brand": "Bonds",
      "imageUrls": "https://cdn0.woolworths.media/content/wowproductimages/large/361088.jpg",
      "storeId": "woolworths",
      "packageSize": "3 pack",
      "cupPrice": "$2.33 / 1EA",
      "locations": {
        "ALL": { "price": 7, "discountRate": 50, "promo": "", "orgPrice": 14 }
      },
      "categoryIds": ["w-household"],
      "similarProducts": []
    },
    {
      "id": "w-7394-9354779894508",
      "name": "Bonds Socks Mens Business Plain Size 6-10",
      "brand": "Bonds",
      "imageUrls": "https://cdn0.woolworths.media/content/wowproductimages/large/007394.jpg",
      "storeId": "woolworths",
      "packageSize": "3pk",
      "cupPrice": "$2.33 / 1EA",
      "locations": {
        "ALL": { "price": 7, "discountRate": 50, "promo": "", "orgPrice": 14 }
      },
      "categoryIds": ["w-household"],
      "similarProducts": []
    },
    {
      "id": "w-283176-9312997098320",
      "name": "Bonds Socks Mens Logo Lowcut Size 11-14",
      "brand": "Bonds",
      "imageUrls": "https://cdn0.woolworths.media/content/wowproductimages/large/283176.jpg",
      "storeId": "woolworths",
      "packageSize": "3 pack",
      "cupPrice": "$3.27 / 1EA",
      "locations": {
        "ALL": {
          "price": 9.8,
          "discountRate": 30,
          "promo": "",
          "orgPrice": 14
        }
      },
      "categoryIds": ["w-household"],
      "similarProducts": []
    },
    {
      "id": "w-253619-9312997486851",
      "name": "Bonds Socks Mens Logo Lowcut Size 6-10",
      "brand": "Bonds",
      "imageUrls": "https://cdn0.woolworths.media/content/wowproductimages/large/253619.jpg",
      "storeId": "woolworths",
      "packageSize": "3pk",
      "cupPrice": "$3.27 / 1EA",
      "locations": {
        "ALL": {
          "price": 9.8,
          "discountRate": 30,
          "promo": "",
          "orgPrice": 14
        }
      },
      "categoryIds": ["w-household"],
      "similarProducts": []
    },
    {
      "id": "w-282756-9312997493293",
      "name": "Bonds Womens Socks Logo 1/4 Sports Size 3-8",
      "brand": "Bonds",
      "imageUrls": "https://cdn0.woolworths.media/content/wowproductimages/large/282756.jpg",
      "storeId": "woolworths",
      "packageSize": "3 pack",
      "cupPrice": "$3.27 / 1EA",
      "locations": {
        "ALL": {
          "price": 9.8,
          "discountRate": 30,
          "promo": "",
          "orgPrice": 14
        }
      },
      "categoryIds": ["w-household"],
      "similarProducts": []
    },
    {
      "id": "w-253620-9312997486592",
      "name": "Bonds Womens Socks Logo Low Cut Logo Size 3-8",
      "brand": "Bonds",
      "imageUrls": "https://cdn0.woolworths.media/content/wowproductimages/large/253620.jpg",
      "storeId": "woolworths",
      "packageSize": "3 pack",
      "cupPrice": "$3.27 / 1EA",
      "locations": {
        "ALL": {
          "price": 9.8,
          "discountRate": 30,
          "promo": "",
          "orgPrice": 14
        }
      },
      "categoryIds": ["w-household"],
      "similarProducts": []
    },
    {
      "id": "w-283174-9312997486608",
      "name": "Bonds Womens Socks Logo Low Cut Size 8-11",
      "brand": "Bonds",
      "imageUrls": "https://cdn0.woolworths.media/content/wowproductimages/large/283174.jpg",
      "storeId": "woolworths",
      "packageSize": "3 pack",
      "cupPrice": "$3.27 / 1EA",
      "locations": {
        "ALL": {
          "price": 9.8,
          "discountRate": 30,
          "promo": "",
          "orgPrice": 14
        }
      },
      "categoryIds": ["w-household"],
      "similarProducts": []
    },
    {
      "id": "w-361121-9312997493309",
      "name": "Bonds Womens Socks Logo Sports 1/4 Size 8-11",
      "brand": "Bonds",
      "imageUrls": "https://cdn0.woolworths.media/content/wowproductimages/large/361121.jpg",
      "storeId": "woolworths",
      "packageSize": "3 pack",
      "cupPrice": "$3.27 / 1EA",
      "locations": {
        "ALL": {
          "price": 9.8,
          "discountRate": 30,
          "promo": "",
          "orgPrice": 14
        }
      },
      "categoryIds": ["w-household"],
      "similarProducts": []
    },
    {
      "id": "w-246913-9312997545190",
      "name": "Bonds Womens Underwear Bikini Hipster Size 10",
      "brand": "Bonds",
      "imageUrls": "https://cdn0.woolworths.media/content/wowproductimages/large/246913.jpg",
      "storeId": "woolworths",
      "packageSize": "2 pack",
      "cupPrice": "$0.00 / 0",
      "locations": {
        "ALL": {
          "price": 12.6,
          "discountRate": 30,
          "promo": "",
          "orgPrice": 18
        }
      },
      "categoryIds": ["w-household"],
      "similarProducts": []
    },
    {
      "id": "w-246914-9312997545206",
      "name": "Bonds Womens Underwear Bikini Hipster Size 12",
      "brand": "Bonds",
      "imageUrls": "https://cdn0.woolworths.media/content/wowproductimages/large/246914.jpg",
      "storeId": "woolworths",
      "packageSize": "2 pack",
      "cupPrice": "$0.00 / 0",
      "locations": {
        "ALL": {
          "price": 12.6,
          "discountRate": 30,
          "promo": "",
          "orgPrice": 18
        }
      },
      "categoryIds": ["w-household"],
      "similarProducts": []
    },
    {
      "id": "w-246916-9312997545220",
      "name": "Bonds Womens Underwear Bikini Hipster Size 16",
      "brand": "Bonds",
      "imageUrls": "https://cdn0.woolworths.media/content/wowproductimages/large/246916.jpg",
      "storeId": "woolworths",
      "packageSize": "2 pack",
      "cupPrice": "$0.00 / 0",
      "locations": {
        "ALL": {
          "price": 12.6,
          "discountRate": 30,
          "promo": "",
          "orgPrice": 18
        }
      },
      "categoryIds": ["w-household"],
      "similarProducts": []
    },
    {
      "id": "w-246917-9311497463713",
      "name": "Bonds Womens Underwear Hipster Boyleg Size 10",
      "brand": "Bonds",
      "imageUrls": "https://cdn0.woolworths.media/content/wowproductimages/large/246917.jpg",
      "storeId": "woolworths",
      "packageSize": "2 pack",
      "cupPrice": "$0.00 / 0",
      "locations": {
        "ALL": {
          "price": 12.6,
          "discountRate": 30,
          "promo": "",
          "orgPrice": 18
        }
      },
      "categoryIds": ["w-household"],
      "similarProducts": []
    },
    {
      "id": "w-246918-9312997521279",
      "name": "Bonds Womens Underwear Hipster Boyleg Size 12",
      "brand": "Bonds",
      "imageUrls": "https://cdn0.woolworths.media/content/wowproductimages/large/246918.jpg",
      "storeId": "woolworths",
      "packageSize": "2 pack",
      "cupPrice": "$0.00 / 0",
      "locations": {
        "ALL": {
          "price": 12.6,
          "discountRate": 30,
          "promo": "",
          "orgPrice": 18
        }
      },
      "categoryIds": ["w-household"],
      "similarProducts": []
    },
    {
      "id": "w-246920-9312997521286",
      "name": "Bonds Womens Underwear Hipster Boyleg Size 14",
      "brand": "Bonds",
      "imageUrls": "https://cdn0.woolworths.media/content/wowproductimages/large/246920.jpg",
      "storeId": "woolworths",
      "packageSize": "2 pack",
      "cupPrice": "$0.00 / 0",
      "locations": {
        "ALL": {
          "price": 12.6,
          "discountRate": 30,
          "promo": "",
          "orgPrice": 18
        }
      },
      "categoryIds": ["w-household"],
      "similarProducts": []
    },
    {
      "id": "w-246921-9312997521293",
      "name": "Bonds Womens Underwear Hipster Boyleg Size 16",
      "brand": "Bonds",
      "imageUrls": "https://cdn0.woolworths.media/content/wowproductimages/large/246921.jpg",
      "storeId": "woolworths",
      "packageSize": "2 pack",
      "cupPrice": "$0.00 / 0",
      "locations": {
        "ALL": {
          "price": 12.6,
          "discountRate": 30,
          "promo": "",
          "orgPrice": 18
        }
      },
      "categoryIds": ["w-household"],
      "similarProducts": []
    },
    {
      "id": "w-114998-9310492006833",
      "name": "Bostik Blu Stik Glue",
      "brand": "Bostik",
      "imageUrls": "https://cdn0.woolworths.media/content/wowproductimages/large/114998.jpg",
      "storeId": "woolworths",
      "packageSize": "35g",
      "cupPrice": "$0.00 / 0",
      "locations": {
        "ALL": {
          "price": 1.75,
          "discountRate": 50,
          "promo": "",
          "orgPrice": 3.5
        }
      },
      "categoryIds": ["w-household"],
      "similarProducts": []
    },
    {
      "id": "w-36431-9310492000459",
      "name": "Bostik Blu-tack",
      "brand": "Bostik",
      "imageUrls": "https://cdn0.woolworths.media/content/wowproductimages/large/036431.jpg",
      "storeId": "woolworths",
      "packageSize": "75g",
      "cupPrice": "$0.00 / 0",
      "locations": {
        "ALL": {
          "price": 1.25,
          "discountRate": 50,
          "promo": "",
          "orgPrice": 2.5
        }
      },
      "categoryIds": ["w-household"],
      "similarProducts": []
    },
    {
      "id": "w-744423-9310492996929",
      "name": "Bostik Glue Stick 35g",
      "brand": "Bostik",
      "imageUrls": "https://cdn0.woolworths.media/content/wowproductimages/large/744423.jpg",
      "storeId": "woolworths",
      "packageSize": "2 pack",
      "cupPrice": "$0.00 / 0",
      "locations": {
        "ALL": { "price": 3, "discountRate": 50, "promo": "", "orgPrice": 6 }
      },
      "categoryIds": ["w-household"],
      "similarProducts": []
    },
    {
      "id": "w-624144-9350376001769",
      "name": "Bref Blue Active Toilet Cleaner Eucalyptus",
      "brand": "Bref",
      "imageUrls": "https://cdn0.woolworths.media/content/wowproductimages/large/624144.jpg",
      "storeId": "woolworths",
      "packageSize": "50g",
      "cupPrice": "$8.00 / 100G",
      "locations": {
        "ALL": { "price": 4, "discountRate": 33, "promo": "", "orgPrice": 6 }
      },
      "categoryIds": ["w-household"],
      "similarProducts": [
        {
          "productId": "bref-blue-active-toilet-cleaner-eucalyptus",
          "storeId": "coles"
        }
      ]
    },
    {
      "id": "w-95186-9350376004395",
      "name": "Bref Deluxe Delicate Magnolia",
      "brand": "Bref",
      "imageUrls": "https://cdn0.woolworths.media/content/wowproductimages/large/095186.jpg",
      "storeId": "woolworths",
      "packageSize": "2 pack",
      "cupPrice": "$6.00 / 100G",
      "locations": {
        "ALL": { "price": 6, "discountRate": 40, "promo": "", "orgPrice": 10 }
      },
      "categoryIds": ["w-household"],
      "similarProducts": []
    },
    {
      "id": "w-92702-9350376004357",
      "name": "Bref Deluxe Lovely Jasmine",
      "brand": "Bref",
      "imageUrls": "https://cdn0.woolworths.media/content/wowproductimages/large/092702.jpg",
      "storeId": "woolworths",
      "packageSize": "each",
      "cupPrice": "$8.00 / 100G",
      "locations": {
        "ALL": { "price": 4, "discountRate": 33, "promo": "", "orgPrice": 6 }
      },
      "categoryIds": ["w-household"],
      "similarProducts": []
    },
    {
      "id": "w-92311-9350376004364",
      "name": "Bref Deluxe Magic Moonflower",
      "brand": "Bref",
      "imageUrls": "https://cdn0.woolworths.media/content/wowproductimages/large/092311.jpg",
      "storeId": "woolworths",
      "packageSize": "each",
      "cupPrice": "$8.00 / 100G",
      "locations": {
        "ALL": { "price": 4, "discountRate": 33, "promo": "", "orgPrice": 6 }
      },
      "categoryIds": ["w-household"],
      "similarProducts": []
    },
    {
      "id": "w-686985-9350376002476",
      "name": "Bref Purple Active Lavender",
      "brand": "Bref",
      "imageUrls": "https://cdn0.woolworths.media/content/wowproductimages/large/686985.jpg",
      "storeId": "woolworths",
      "packageSize": "50g",
      "cupPrice": "$8.00 / 100G",
      "locations": {
        "ALL": { "price": 4, "discountRate": 33, "promo": "", "orgPrice": 6 }
      },
      "categoryIds": ["w-household"],
      "similarProducts": [
        {
          "productId": "bref-purple-active-in-bowl-lavender",
          "storeId": "coles"
        }
      ]
    },
    {
      "id": "w-26871-9350376003404",
      "name": "Bref Scent Switch Apple & Water Lily",
      "brand": "Bref",
      "imageUrls": "https://cdn0.woolworths.media/content/wowproductimages/large/026871.jpg",
      "storeId": "woolworths",
      "packageSize": "50g",
      "cupPrice": "$8.00 / 100G",
      "locations": {
        "ALL": { "price": 4, "discountRate": 33, "promo": "", "orgPrice": 6 }
      },
      "categoryIds": ["w-household"],
      "similarProducts": []
    },
    {
      "id": "w-94249-9350376004388",
      "name": "Bref Scent Switch Green Apple & Water Lily",
      "brand": "Bref",
      "imageUrls": "https://cdn0.woolworths.media/content/wowproductimages/large/094249.jpg",
      "storeId": "woolworths",
      "packageSize": "2 pack",
      "cupPrice": "$6.00 / 100G",
      "locations": {
        "ALL": { "price": 6, "discountRate": 40, "promo": "", "orgPrice": 10 }
      },
      "categoryIds": ["w-household"],
      "similarProducts": []
    },
    {
      "id": "w-26895-9350376003411",
      "name": "Bref Scent Switch Juicy Peach & Sweet Apple",
      "brand": "Bref",
      "imageUrls": "https://cdn0.woolworths.media/content/wowproductimages/large/026895.jpg",
      "storeId": "woolworths",
      "packageSize": "50g",
      "cupPrice": "$8.00 / 100G",
      "locations": {
        "ALL": { "price": 4, "discountRate": 33, "promo": "", "orgPrice": 6 }
      },
      "categoryIds": ["w-household"],
      "similarProducts": []
    },
    {
      "id": "w-686984-9350376002483",
      "name": "Bref Turquoise Active Ocean",
      "brand": "Bref",
      "imageUrls": "https://cdn0.woolworths.media/content/wowproductimages/large/686984.jpg",
      "storeId": "woolworths",
      "packageSize": "50g",
      "cupPrice": "$8.00 / 100G",
      "locations": {
        "ALL": { "price": 4, "discountRate": 33, "promo": "", "orgPrice": 6 }
      },
      "categoryIds": ["w-household"],
      "similarProducts": [
        {
          "productId": "bref-turquoise-active-in-bowl-active-ocean",
          "storeId": "coles"
        }
      ]
    },
    {
      "id": "w-442204-4006387072636",
      "name": "Brita Active Purple Filter Bottle",
      "brand": "Brita",
      "imageUrls": "https://cdn0.woolworths.media/content/wowproductimages/large/442204.jpg",
      "storeId": "woolworths",
      "packageSize": "600ml",
      "cupPrice": "$0.00 / 0",
      "locations": {
        "ALL": {
          "price": 12.8,
          "discountRate": 20,
          "promo": "",
          "orgPrice": 16
        }
      },
      "categoryIds": ["w-household"],
      "similarProducts": []
    },
    {
      "id": "w-650680-4006387073558",
      "name": "Brita Style Grey Filter Jug",
      "brand": "Brita",
      "imageUrls": "https://cdn0.woolworths.media/content/wowproductimages/large/650680.jpg",
      "storeId": "woolworths",
      "packageSize": "2.4l",
      "cupPrice": "$0.00 / 0",
      "locations": {
        "ALL": {
          "price": 36,
          "discountRate": 20,
          "promo": "",
          "orgPrice": 45
        }
      },
      "categoryIds": ["w-household"],
      "similarProducts": []
    },
    {
      "id": "w-673717-9318191903552",
      "name": "Chux Dishwand Handle",
      "brand": "Chux",
      "imageUrls": "https://cdn0.woolworths.media/content/wowproductimages/large/673717.jpg",
      "storeId": "woolworths",
      "packageSize": "each",
      "cupPrice": "$2.50 / 1EA",
      "locations": {
        "ALL": {
          "price": 2.5,
          "discountRate": 50,
          "promo": "",
          "orgPrice": 5
        }
      },
      "categoryIds": ["w-household"],
      "similarProducts": []
    },
    {
      "id": "w-207919-9318191902401",
      "name": "Chux Magic Eraser Spot Cleaner",
      "brand": "Chux",
      "imageUrls": "https://cdn0.woolworths.media/content/wowproductimages/large/207919.jpg",
      "storeId": "woolworths",
      "packageSize": "8 pack",
      "cupPrice": "$0.25 / 1EA",
      "locations": {
        "ALL": { "price": 2, "discountRate": 50, "promo": "", "orgPrice": 4 }
      },
      "categoryIds": ["w-household"],
      "similarProducts": []
    },
    {
      "id": "w-32011-9318191153612",
      "name": "Chux Original Superwipes",
      "brand": "Chux",
      "imageUrls": "https://cdn0.woolworths.media/content/wowproductimages/large/032011.jpg",
      "storeId": "woolworths",
      "packageSize": "10 pack",
      "cupPrice": "$0.20 / 1EA",
      "locations": {
        "ALL": { "price": 2, "discountRate": 50, "promo": "", "orgPrice": 4 }
      },
      "categoryIds": ["w-household"],
      "similarProducts": []
    },
    {
      "id": "w-88311-9350376004548",
      "name": "Cold Power 2 In 1 Advanced Clean Fabric Softener",
      "brand": "Cold Power",
      "imageUrls": "https://cdn0.woolworths.media/content/wowproductimages/large/088311.jpg",
      "storeId": "woolworths",
      "packageSize": "900g",
      "cupPrice": "$6.11 / 1KG",
      "locations": {
        "ALL": {
          "price": 5.5,
          "discountRate": 50,
          "promo": "",
          "orgPrice": 11
        }
      },
      "categoryIds": ["w-household"],
      "similarProducts": []
    },
    {
      "id": "w-88675-9350376003831",
      "name": "Cold Power Advanced Clean",
      "brand": "Cold Power",
      "imageUrls": "https://cdn0.woolworths.media/content/wowproductimages/large/088675.jpg",
      "storeId": "woolworths",
      "packageSize": "1l",
      "cupPrice": "$5.50 / 1L",
      "locations": {
        "ALL": {
          "price": 5.5,
          "discountRate": 50,
          "promo": "",
          "orgPrice": 11
        }
      },
      "categoryIds": ["w-household"],
      "similarProducts": []
    },
    {
      "id": "w-88207-9350376003855",
      "name": "Cold Power Advanced Clean Front & Top Loader Laundry Liquid",
      "brand": "Cold Power",
      "imageUrls": "https://cdn0.woolworths.media/content/wowproductimages/large/088207.jpg",
      "storeId": "woolworths",
      "packageSize": "4l",
      "cupPrice": "$6.25 / 1L",
      "locations": {
        "ALL": {
          "price": 25,
          "discountRate": 17,
          "promo": "",
          "orgPrice": 30
        }
      },
      "categoryIds": ["w-household"],
      "similarProducts": []
    },
    {
      "id": "w-88205-9350376004531",
      "name": "Cold Power Advanced Clean Front & Top Loader Laundry Powder",
      "brand": "Cold Power",
      "imageUrls": "https://cdn0.woolworths.media/content/wowproductimages/large/088205.jpg",
      "storeId": "woolworths",
      "packageSize": "4kg",
      "cupPrice": "$6.25 / 1KG",
      "locations": {
        "ALL": {
          "price": 25,
          "discountRate": 17,
          "promo": "",
          "orgPrice": 30
        }
      },
      "categoryIds": ["w-household"],
      "similarProducts": []
    },
    {
      "id": "w-546292-9350376000359",
      "name": "Cold Power Regular Front & Top Liquid Capsules",
      "brand": "Cold Power",
      "imageUrls": "https://cdn0.woolworths.media/content/wowproductimages/large/546292.jpg",
      "storeId": "woolworths",
      "packageSize": "18 pack",
      "cupPrice": "$0.50 / 1EA",
      "locations": {
        "ALL": { "price": 9, "discountRate": 25, "promo": "", "orgPrice": 12 }
      },
      "categoryIds": ["w-household"],
      "similarProducts": []
    },
    {
      "id": "w-571544-8934868125501",
      "name": "Comfort Fabric Conditioner Amber & Rose",
      "brand": "Comfort",
      "imageUrls": "https://cdn0.woolworths.media/content/wowproductimages/large/571544.jpg",
      "storeId": "woolworths",
      "packageSize": "750ml",
      "cupPrice": "$4.65 / 1L",
      "locations": {
        "ALL": {
          "price": 3.49,
          "discountRate": 50,
          "promo": "",
          "orgPrice": 6.99
        }
      },
      "categoryIds": ["w-household"],
      "similarProducts": []
    },
    {
      "id": "w-679300-8934868132233",
      "name": "Comfort Fabric Conditioner Rainforest Fresh",
      "brand": "Comfort",
      "imageUrls": "https://cdn0.woolworths.media/content/wowproductimages/large/679300.jpg",
      "storeId": "woolworths",
      "packageSize": "750ml",
      "cupPrice": "$4.65 / 1L",
      "locations": {
        "ALL": {
          "price": 3.49,
          "discountRate": 50,
          "promo": "",
          "orgPrice": 6.99
        }
      },
      "categoryIds": ["w-household"],
      "similarProducts": []
    },
    {
      "id": "w-861324-8934868109945",
      "name": "Comfort Fabric Conditioner Vanilla Orchid",
      "brand": "Comfort",
      "imageUrls": "https://cdn0.woolworths.media/content/wowproductimages/large/861324.jpg",
      "storeId": "woolworths",
      "packageSize": "750ml",
      "cupPrice": "$4.65 / 1L",
      "locations": {
        "ALL": {
          "price": 3.49,
          "discountRate": 50,
          "promo": "",
          "orgPrice": 6.99
        }
      },
      "categoryIds": ["w-household"],
      "similarProducts": []
    },
    {
      "id": "w-431198-8934868120117",
      "name": "Comfort Fabric Softener Conditioner Pure White Sensitive",
      "brand": "Comfort",
      "imageUrls": "https://cdn0.woolworths.media/content/wowproductimages/large/431198.jpg",
      "storeId": "woolworths",
      "packageSize": "2l",
      "cupPrice": "$5.00 / 1L",
      "locations": {
        "ALL": {
          "price": 10,
          "discountRate": 17,
          "promo": "",
          "orgPrice": 12
        }
      },
      "categoryIds": ["w-household"],
      "similarProducts": []
    },
    {
      "id": "w-659984-8934868129349",
      "name": "Comfort Floral Blush Limited Edition Fabric Conditioner",
      "brand": "Comfort",
      "imageUrls": "https://cdn0.woolworths.media/content/wowproductimages/large/659984.jpg",
      "storeId": "woolworths",
      "packageSize": "750ml",
      "cupPrice": "$4.65 / 1L",
      "locations": {
        "ALL": {
          "price": 3.49,
          "discountRate": 50,
          "promo": "",
          "orgPrice": 6.99
        }
      },
      "categoryIds": ["w-household"],
      "similarProducts": []
    },
    {
      "id": "w-86861-8934868145103",
      "name": "Comfort Sleep Aromatherapy Sheets & Towels Fabric Conditioner",
      "brand": "Comfort",
      "imageUrls": "https://cdn0.woolworths.media/content/wowproductimages/large/086861.jpg",
      "storeId": "woolworths",
      "packageSize": "750ml",
      "cupPrice": "$4.65 / 1L",
      "locations": {
        "ALL": {
          "price": 3.49,
          "discountRate": 50,
          "promo": "",
          "orgPrice": 6.99
        }
      },
      "categoryIds": ["w-household"],
      "similarProducts": []
    },
    {
      "id": "w-648078-71662003890",
      "name": "Crayola Jumbo Crayons 8pk",
      "brand": "Crayola",
      "imageUrls": "https://cdn0.woolworths.media/content/wowproductimages/large/648078.jpg",
      "storeId": "woolworths",
      "packageSize": "8 pack",
      "cupPrice": "$0.00 / 0",
      "locations": {
        "ALL": { "price": 3, "discountRate": 50, "promo": "", "orgPrice": 6 }
      },
      "categoryIds": ["w-household"],
      "similarProducts": []
    },
    {
      "id": "w-702538-71662252960",
      "name": "Crayola Silly Scents Twistable Crayons",
      "brand": "Crayola",
      "imageUrls": "https://cdn0.woolworths.media/content/wowproductimages/large/702538.jpg",
      "storeId": "woolworths",
      "packageSize": "10 pack",
      "cupPrice": "$0.00 / 0",
      "locations": {
        "ALL": { "price": 3, "discountRate": 50, "promo": "", "orgPrice": 6 }
      },
      "categoryIds": ["w-household"],
      "similarProducts": []
    },
    {
      "id": "w-653230-71662350123",
      "name": "Crayola Super Tips Washable Markers",
      "brand": "Crayola",
      "imageUrls": "https://cdn0.woolworths.media/content/wowproductimages/large/653230.jpg",
      "storeId": "woolworths",
      "packageSize": "12 pack",
      "cupPrice": "$0.00 / 0",
      "locations": {
        "ALL": { "price": 3, "discountRate": 50, "promo": "", "orgPrice": 6 }
      },
      "categoryIds": ["w-household"],
      "similarProducts": []
    },
    {
      "id": "w-648162-71662512064",
      "name": "Crayola Washable Kids Paint",
      "brand": "Crayola",
      "imageUrls": "https://cdn0.woolworths.media/content/wowproductimages/large/648162.jpg",
      "storeId": "woolworths",
      "packageSize": "5 pack",
      "cupPrice": "$0.00 / 0",
      "locations": {
        "ALL": { "price": 4, "discountRate": 50, "promo": "", "orgPrice": 8 }
      },
      "categoryIds": ["w-household"],
      "similarProducts": []
    },
    {
      "id": "w-259130-9300632067879",
      "name": "Cuddly Concentrate Fabric Softener Aroma Collections Lavender",
      "brand": "Cuddly",
      "imageUrls": "https://cdn0.woolworths.media/content/wowproductimages/large/259130.jpg",
      "storeId": "woolworths",
      "packageSize": "500ml",
      "cupPrice": "$4.98 / 1L",
      "locations": {
        "ALL": {
          "price": 2.49,
          "discountRate": 50,
          "promo": "",
          "orgPrice": 4.99
        }
      },
      "categoryIds": ["w-household"],
      "similarProducts": []
    },
    {
      "id": "w-295088-9300632067855",
      "name": "Cuddly Concentrate Fabric Softener Conditioner Soft & Sensitive",
      "brand": "Cuddly",
      "imageUrls": "https://cdn0.woolworths.media/content/wowproductimages/large/295088.jpg",
      "storeId": "woolworths",
      "packageSize": "500ml",
      "cupPrice": "$4.98 / 1L",
      "locations": {
        "ALL": {
          "price": 2.49,
          "discountRate": 50,
          "promo": "",
          "orgPrice": 4.99
        }
      },
      "categoryIds": ["w-household"],
      "similarProducts": []
    },
    {
      "id": "w-679284-9300632088904",
      "name": "Cuddly Concentrate Fabric Softener Conditioner Sunshine Fresh",
      "brand": "Cuddly",
      "imageUrls": "https://cdn0.woolworths.media/content/wowproductimages/large/679284.jpg",
      "storeId": "woolworths",
      "packageSize": "2l",
      "cupPrice": "$3.75 / 1L",
      "locations": {
        "ALL": {
          "price": 7.5,
          "discountRate": 50,
          "promo": "",
          "orgPrice": 15
        }
      },
      "categoryIds": ["w-household"],
      "similarProducts": []
    },
    {
      "id": "w-863000-8850006931684",
      "name": "Cuddly Fabric Softener Japanese Cherry Blossom",
      "brand": "Cuddly",
      "imageUrls": "https://cdn0.woolworths.media/content/wowproductimages/large/863000.jpg",
      "storeId": "woolworths",
      "packageSize": "1.9l",
      "cupPrice": "$3.95 / 1L",
      "locations": {
        "ALL": {
          "price": 7.5,
          "discountRate": 50,
          "promo": "",
          "orgPrice": 15
        }
      },
      "categoryIds": ["w-household"],
      "similarProducts": []
    },
    {
      "id": "w-759743-9300632074815",
      "name": "Cuddly Hypoallergenic Fabric Softener Soft & Sensitive",
      "brand": "Cuddly",
      "imageUrls": "https://cdn0.woolworths.media/content/wowproductimages/large/759743.jpg",
      "storeId": "woolworths",
      "packageSize": "2l",
      "cupPrice": "$3.75 / 1L",
      "locations": {
        "ALL": {
          "price": 7.5,
          "discountRate": 50,
          "promo": "",
          "orgPrice": 15
        }
      },
      "categoryIds": ["w-household"],
      "similarProducts": []
    },
    {
      "id": "w-512329-9300621026627",
      "name": "Decor Glass Measuring Jug With Lid",
      "brand": "Decor",
      "imageUrls": "https://cdn0.woolworths.media/content/wowproductimages/large/512329.jpg",
      "storeId": "woolworths",
      "packageSize": "650ml",
      "cupPrice": "$0.00 / 0",
      "locations": {
        "ALL": {
          "price": 7.5,
          "discountRate": 50,
          "promo": "",
          "orgPrice": 15
        }
      },
      "categoryIds": ["w-household"],
      "similarProducts": []
    },
    {
      "id": "w-742910-9300621017618",
      "name": "Decor Match-ups Glass Storer Oblong",
      "brand": "Decor",
      "imageUrls": "https://cdn0.woolworths.media/content/wowproductimages/large/742910.jpg",
      "storeId": "woolworths",
      "packageSize": "1l",
      "cupPrice": "$0.00 / 0",
      "locations": {
        "ALL": {
          "price": 5.5,
          "discountRate": 50,
          "promo": "",
          "orgPrice": 11
        }
      },
      "categoryIds": ["w-household"],
      "similarProducts": []
    },
    {
      "id": "w-345104-9300621013733",
      "name": "Decor Match-ups Storer Oblong",
      "brand": "Decor",
      "imageUrls": "https://cdn0.woolworths.media/content/wowproductimages/large/345104.jpg",
      "storeId": "woolworths",
      "packageSize": "500ml",
      "cupPrice": "$0.00 / 0",
      "locations": {
        "ALL": {
          "price": 2.5,
          "discountRate": 50,
          "promo": "",
          "orgPrice": 5
        }
      },
      "categoryIds": ["w-household"],
      "similarProducts": []
    },
    {
      "id": "w-588754-9300621028027",
      "name": "Decor Microsafe 5 Piece Pack",
      "brand": "Decor",
      "imageUrls": "https://cdn0.woolworths.media/content/wowproductimages/large/588754.jpg",
      "storeId": "woolworths",
      "packageSize": "each",
      "cupPrice": "$0.00 / 0",
      "locations": {
        "ALL": {
          "price": 8.5,
          "discountRate": 50,
          "promo": "",
          "orgPrice": 17
        }
      },
      "categoryIds": ["w-household"],
      "similarProducts": []
    },
    {
      "id": "w-922933-9300621020533",
      "name": "Decor Microsafe Container Noodle Bowl",
      "brand": "Decor",
      "imageUrls": "https://cdn0.woolworths.media/content/wowproductimages/large/922933.jpg",
      "storeId": "woolworths",
      "packageSize": "each",
      "cupPrice": "$0.00 / 0",
      "locations": {
        "ALL": { "price": 4, "discountRate": 50, "promo": "", "orgPrice": 8 }
      },
      "categoryIds": ["w-household"],
      "similarProducts": []
    },
    {
      "id": "w-224230-9300621006155",
      "name": "Decor Microsafe Container Oblong",
      "brand": "Decor",
      "imageUrls": "https://cdn0.woolworths.media/content/wowproductimages/large/224230.jpg",
      "storeId": "woolworths",
      "packageSize": "1.6l",
      "cupPrice": "$0.00 / 0",
      "locations": {
        "ALL": { "price": 4, "discountRate": 50, "promo": "", "orgPrice": 8 }
      },
      "categoryIds": ["w-household"],
      "similarProducts": []
    },
    {
      "id": "w-224231-9300621006162",
      "name": "Decor Microsafe Container Oblong",
      "brand": "Decor",
      "imageUrls": "https://cdn0.woolworths.media/content/wowproductimages/large/224231.jpg",
      "storeId": "woolworths",
      "packageSize": "900ml",
      "cupPrice": "$0.00 / 0",
      "locations": {
        "ALL": { "price": 3, "discountRate": 50, "promo": "", "orgPrice": 6 }
      },
      "categoryIds": ["w-household"],
      "similarProducts": []
    },
    {
      "id": "w-224213-9300621006117",
      "name": "Decor Microsafe Container Round",
      "brand": "Decor",
      "imageUrls": "https://cdn0.woolworths.media/content/wowproductimages/large/224213.jpg",
      "storeId": "woolworths",
      "packageSize": "1.5l",
      "cupPrice": "$0.00 / 0",
      "locations": {
        "ALL": { "price": 4, "discountRate": 50, "promo": "", "orgPrice": 8 }
      },
      "categoryIds": ["w-household"],
      "similarProducts": []
    },
    {
      "id": "w-224227-9300621006124",
      "name": "Decor Microsafe Container Round",
      "brand": "Decor",
      "imageUrls": "https://cdn0.woolworths.media/content/wowproductimages/large/224227.jpg",
      "storeId": "woolworths",
      "packageSize": "750ml",
      "cupPrice": "$0.00 / 0",
      "locations": {
        "ALL": { "price": 3, "discountRate": 50, "promo": "", "orgPrice": 6 }
      },
      "categoryIds": ["w-household"],
      "similarProducts": []
    },
    {
      "id": "w-491645-9300621025248",
      "name": "Decor Microsafe Easy Steam Egg Poacher",
      "brand": "Decor",
      "imageUrls": "https://cdn0.woolworths.media/content/wowproductimages/large/491645.jpg",
      "storeId": "woolworths",
      "packageSize": "each",
      "cupPrice": "$7.50 / 1EA",
      "locations": {
        "ALL": {
          "price": 7.5,
          "discountRate": 50,
          "promo": "",
          "orgPrice": 15
        }
      },
      "categoryIds": ["w-household"],
      "similarProducts": []
    },
    {
      "id": "w-676819-9300621028065",
      "name": "Decor Microsafe Jewel Oblong",
      "brand": "Decor",
      "imageUrls": "https://cdn0.woolworths.media/content/wowproductimages/large/676819.jpg",
      "storeId": "woolworths",
      "packageSize": "3x900ml",
      "cupPrice": "$0.00 / 0",
      "locations": {
        "ALL": { "price": 7, "discountRate": 50, "promo": "", "orgPrice": 14 }
      },
      "categoryIds": ["w-household"],
      "similarProducts": []
    },
    {
      "id": "w-27950-9300621033694",
      "name": "Decor Microsafe Jewel Value Pack",
      "brand": "Decor",
      "imageUrls": "https://cdn0.woolworths.media/content/wowproductimages/large/027950.jpg",
      "storeId": "woolworths",
      "packageSize": "3 pack",
      "cupPrice": "$0.00 / 0",
      "locations": {
        "ALL": { "price": 6, "discountRate": 50, "promo": "", "orgPrice": 12 }
      },
      "categoryIds": ["w-household"],
      "similarProducts": []
    },
    {
      "id": "w-309391-9300621010459",
      "name": "Decor Microsafe Rice Cooker & Veg Steamer",
      "brand": "Decor",
      "imageUrls": "https://cdn0.woolworths.media/content/wowproductimages/large/309391.jpg",
      "storeId": "woolworths",
      "packageSize": "2.75l",
      "cupPrice": "$0.00 / 0",
      "locations": {
        "ALL": { "price": 5, "discountRate": 50, "promo": "", "orgPrice": 10 }
      },
      "categoryIds": ["w-household"],
      "similarProducts": []
    },
    {
      "id": "w-252151-9300621008401",
      "name": "Decor Microsafe Soup Mug",
      "brand": "Decor",
      "imageUrls": "https://cdn0.woolworths.media/content/wowproductimages/large/252151.jpg",
      "storeId": "woolworths",
      "packageSize": "each",
      "cupPrice": "$0.00 / 0",
      "locations": {
        "ALL": {
          "price": 2.5,
          "discountRate": 50,
          "promo": "",
          "orgPrice": 5
        }
      },
      "categoryIds": ["w-household"],
      "similarProducts": []
    },
    {
      "id": "w-4801-9300621025606",
      "name": "Decor Tellfresh Storer Oblong",
      "brand": "Decor",
      "imageUrls": "https://cdn0.woolworths.media/content/wowproductimages/large/004801.jpg",
      "storeId": "woolworths",
      "packageSize": "900ml",
      "cupPrice": "$0.00 / 0",
      "locations": {
        "ALL": {
          "price": 2.5,
          "discountRate": 50,
          "promo": "",
          "orgPrice": 5
        }
      },
      "categoryIds": ["w-household"],
      "similarProducts": []
    },
    {
      "id": "w-4792-9300621022605",
      "name": "Decor Tellfresh Storer Oblong",
      "brand": "Decor",
      "imageUrls": "https://cdn0.woolworths.media/content/wowproductimages/large/004792.jpg",
      "storeId": "woolworths",
      "packageSize": "1.8l",
      "cupPrice": "$0.00 / 0",
      "locations": {
        "ALL": { "price": 3, "discountRate": 50, "promo": "", "orgPrice": 6 }
      },
      "categoryIds": ["w-household"],
      "similarProducts": []
    },
    {
      "id": "w-4803-9300621024609",
      "name": "Decor Tellfresh Storer Oblong",
      "brand": "Decor",
      "imageUrls": "https://cdn0.woolworths.media/content/wowproductimages/large/004803.jpg",
      "storeId": "woolworths",
      "packageSize": "1l",
      "cupPrice": "$0.00 / 0",
      "locations": {
        "ALL": {
          "price": 2.5,
          "discountRate": 50,
          "promo": "",
          "orgPrice": 5
        }
      },
      "categoryIds": ["w-household"],
      "similarProducts": []
    },
    {
      "id": "w-229811-9300621006568",
      "name": "Decor Tellfresh Storer Oblong 250ml",
      "brand": "Decor",
      "imageUrls": "https://cdn0.woolworths.media/content/wowproductimages/large/229811.jpg",
      "storeId": "woolworths",
      "packageSize": "3 pack",
      "cupPrice": "$1.33 / 1EA",
      "locations": {
        "ALL": { "price": 4, "discountRate": 50, "promo": "", "orgPrice": 8 }
      },
      "categoryIds": ["w-household"],
      "similarProducts": []
    },
    {
      "id": "w-94205-9300621040609",
      "name": "Decor Tellfresh Storer Oblong Tall",
      "brand": "Decor",
      "imageUrls": "https://cdn0.woolworths.media/content/wowproductimages/large/094205.jpg",
      "storeId": "woolworths",
      "packageSize": "1.75l",
      "cupPrice": "$0.00 / 0",
      "locations": {
        "ALL": {
          "price": 3.5,
          "discountRate": 50,
          "promo": "",
          "orgPrice": 7
        }
      },
      "categoryIds": ["w-household"],
      "similarProducts": []
    },
    {
      "id": "w-68403-9300621026603",
      "name": "Decor Tellfresh Storer Oblong Tall",
      "brand": "Decor",
      "imageUrls": "https://cdn0.woolworths.media/content/wowproductimages/large/068403.jpg",
      "storeId": "woolworths",
      "packageSize": "800ml",
      "cupPrice": "$0.00 / 0",
      "locations": {
        "ALL": {
          "price": 2.5,
          "discountRate": 50,
          "promo": "",
          "orgPrice": 5
        }
      },
      "categoryIds": ["w-household"],
      "similarProducts": []
    },
    {
      "id": "w-492628-9300621009521",
      "name": "Decor Tellfresh Super Storer Clear Super Storer 5.5l",
      "brand": "Decor",
      "imageUrls": "https://cdn0.woolworths.media/content/wowproductimages/large/492628.jpg",
      "storeId": "woolworths",
      "packageSize": "5.5l",
      "cupPrice": "$0.00 / 0",
      "locations": {
        "ALL": { "price": 6, "discountRate": 50, "promo": "", "orgPrice": 12 }
      },
      "categoryIds": ["w-household"],
      "similarProducts": []
    },
    {
      "id": "w-692477-9300622001388",
      "name": "Duck Active Foam Citrus",
      "brand": "Duck",
      "imageUrls": "https://cdn0.woolworths.media/content/wowproductimages/large/692477.jpg",
      "storeId": "woolworths",
      "packageSize": "38.6g",
      "cupPrice": "$6.48 / 100G",
      "locations": {
        "ALL": {
          "price": 2.5,
          "discountRate": 50,
          "promo": "",
          "orgPrice": 5
        }
      },
      "categoryIds": ["w-household"],
      "similarProducts": []
    },
    {
      "id": "w-692482-9300622001319",
      "name": "Duck Active Foam Tropical Sunshine",
      "brand": "Duck",
      "imageUrls": "https://cdn0.woolworths.media/content/wowproductimages/large/692482.jpg",
      "storeId": "woolworths",
      "packageSize": "38.6g",
      "cupPrice": "$6.48 / 100G",
      "locations": {
        "ALL": {
          "price": 2.5,
          "discountRate": 50,
          "promo": "",
          "orgPrice": 5
        }
      },
      "categoryIds": ["w-household"],
      "similarProducts": []
    },
    {
      "id": "w-805480-9300622002590",
      "name": "Duck Deep Action Gel Citrus",
      "brand": "Duck",
      "imageUrls": "https://cdn0.woolworths.media/content/wowproductimages/large/805480.jpg",
      "storeId": "woolworths",
      "packageSize": "750ml",
      "cupPrice": "$0.33 / 100ML",
      "locations": {
        "ALL": {
          "price": 2.5,
          "discountRate": 50,
          "promo": "",
          "orgPrice": 5
        }
      },
      "categoryIds": ["w-household"],
      "similarProducts": []
    },
    {
      "id": "w-805633-9300622002606",
      "name": "Duck Deep Action Gel Lavender",
      "brand": "Duck",
      "imageUrls": "https://cdn0.woolworths.media/content/wowproductimages/large/805633.jpg",
      "storeId": "woolworths",
      "packageSize": "750ml",
      "cupPrice": "$0.33 / 100ML",
      "locations": {
        "ALL": {
          "price": 2.5,
          "discountRate": 50,
          "promo": "",
          "orgPrice": 5
        }
      },
      "categoryIds": ["w-household"],
      "similarProducts": []
    },
    {
      "id": "w-805847-9300622002774",
      "name": "Duck Deep Action Gel Limited Edition",
      "brand": "Duck",
      "imageUrls": "https://cdn0.woolworths.media/content/wowproductimages/large/805847.jpg",
      "storeId": "woolworths",
      "packageSize": "750ml",
      "cupPrice": "$0.33 / 100ML",
      "locations": {
        "ALL": {
          "price": 2.5,
          "discountRate": 50,
          "promo": "",
          "orgPrice": 5
        }
      },
      "categoryIds": ["w-household"],
      "similarProducts": []
    },
    {
      "id": "w-805484-9300622002620",
      "name": "Duck Deep Action Gel Pine",
      "brand": "Duck",
      "imageUrls": "https://cdn0.woolworths.media/content/wowproductimages/large/805484.jpg",
      "storeId": "woolworths",
      "packageSize": "750ml",
      "cupPrice": "$0.33 / 100ML",
      "locations": {
        "ALL": {
          "price": 2.5,
          "discountRate": 50,
          "promo": "",
          "orgPrice": 5
        }
      },
      "categoryIds": ["w-household"],
      "similarProducts": []
    },
    {
      "id": "w-805636-9300622002644",
      "name": "Duck Foaming Bleach Gel Marine",
      "brand": "Duck",
      "imageUrls": "https://cdn0.woolworths.media/content/wowproductimages/large/805636.jpg",
      "storeId": "woolworths",
      "packageSize": "750ml",
      "cupPrice": "$0.33 / 100ML",
      "locations": {
        "ALL": {
          "price": 2.5,
          "discountRate": 50,
          "promo": "",
          "orgPrice": 5
        }
      },
      "categoryIds": ["w-household"],
      "similarProducts": []
    },
    {
      "id": "w-622975-5000204953152",
      "name": "Duck Toilet Fresh Disc Lavender",
      "brand": "Duck",
      "imageUrls": "https://cdn0.woolworths.media/content/wowproductimages/large/622975.jpg",
      "storeId": "woolworths",
      "packageSize": "36ml",
      "cupPrice": "$8.33 / 100ML",
      "locations": {
        "ALL": { "price": 3, "discountRate": 50, "promo": "", "orgPrice": 6 }
      },
      "categoryIds": ["w-household"],
      "similarProducts": []
    },
    {
      "id": "w-862714-9350376003268",
      "name": "Dynamo Laundry Dual Capsules Odour Eliminating",
      "brand": "Dynamo",
      "imageUrls": "https://cdn0.woolworths.media/content/wowproductimages/large/862714.jpg",
      "storeId": "woolworths",
      "packageSize": "26 pack",
      "cupPrice": "$0.46 / 1EA",
      "locations": {
        "ALL": {
          "price": 12,
          "discountRate": 35,
          "promo": "",
          "orgPrice": 18.5
        }
      },
      "categoryIds": ["w-household"],
      "similarProducts": []
    },
    {
      "id": "w-854140-9350376002254",
      "name": "Dynamo Professional Dual Capsules",
      "brand": "Dynamo",
      "imageUrls": "https://cdn0.woolworths.media/content/wowproductimages/large/854140.jpg",
      "storeId": "woolworths",
      "packageSize": "26 pack",
      "cupPrice": "$0.46 / 1EA",
      "locations": {
        "ALL": {
          "price": 12,
          "discountRate": 35,
          "promo": "",
          "orgPrice": 18.5
        }
      },
      "categoryIds": ["w-household"],
      "similarProducts": []
    },
    {
      "id": "w-712690-9310692130574",
      "name": "Earth Choice Floor Cleaner Wooden Surface",
      "brand": "Earth Choice",
      "imageUrls": "https://cdn0.woolworths.media/content/wowproductimages/large/712690.jpg",
      "storeId": "woolworths",
      "packageSize": "750ml",
      "cupPrice": "$0.51 / 100ML",
      "locations": {
        "ALL": {
          "price": 3.8,
          "discountRate": 21,
          "promo": "",
          "orgPrice": 4.8
        }
      },
      "categoryIds": ["w-household"],
      "similarProducts": []
    },
    {
      "id": "w-715821-9420015010084",
      "name": "Ecostore Laundry Powder Combo Lemon",
      "brand": "Ecostore",
      "imageUrls": "https://cdn0.woolworths.media/content/wowproductimages/large/715821.jpg",
      "storeId": "woolworths",
      "packageSize": "1kg",
      "cupPrice": "$6.99 / 1KG",
      "locations": {
        "ALL": {
          "price": 6.99,
          "discountRate": 15,
          "promo": "",
          "orgPrice": 8.25
        }
      },
      "categoryIds": ["w-household"],
      "similarProducts": []
    },
    {
      "id": "w-337966-9420015000139",
      "name": "Ecostore Ultra Laundry Liquid Eucalyptus",
      "brand": "Ecostore",
      "imageUrls": "https://cdn0.woolworths.media/content/wowproductimages/large/337966.jpg",
      "storeId": "woolworths",
      "packageSize": "1l",
      "cupPrice": "$6.99 / 1L",
      "locations": {
        "ALL": {
          "price": 6.99,
          "discountRate": 30,
          "promo": "",
          "orgPrice": 9.99
        }
      },
      "categoryIds": ["w-household"],
      "similarProducts": []
    },
    {
      "id": "w-652127-26000003056",
      "name": "Elmer's Clear Glue",
      "brand": "Elmer's",
      "imageUrls": "https://cdn0.woolworths.media/content/wowproductimages/large/652127.jpg",
      "storeId": "woolworths",
      "packageSize": "147ml",
      "cupPrice": "$0.00 / 0",
      "locations": {
        "ALL": {
          "price": 4.9,
          "discountRate": 30,
          "promo": "",
          "orgPrice": 7
        }
      },
      "categoryIds": ["w-household"],
      "similarProducts": []
    },
    {
      "id": "w-688717-26000181914",
      "name": "Elmer's Glitter Glue Silver",
      "brand": "Elmer's",
      "imageUrls": "https://cdn0.woolworths.media/content/wowproductimages/large/688717.jpg",
      "storeId": "woolworths",
      "packageSize": "177ml",
      "cupPrice": "$0.00 / 0",
      "locations": {
        "ALL": {
          "price": 5.59,
          "discountRate": 20,
          "promo": "",
          "orgPrice": 6.99
        }
      },
      "categoryIds": ["w-household"],
      "similarProducts": []
    },
    {
      "id": "w-688716-26000183215",
      "name": "Elmer's Magical Liquid",
      "brand": "Elmer's",
      "imageUrls": "https://cdn0.woolworths.media/content/wowproductimages/large/688716.jpg",
      "storeId": "woolworths",
      "packageSize": "258.77ml",
      "cupPrice": "$0.00 / 0",
      "locations": {
        "ALL": {
          "price": 7.99,
          "discountRate": 20,
          "promo": "",
          "orgPrice": 9.99
        }
      },
      "categoryIds": ["w-household"],
      "similarProducts": []
    },
    {
      "id": "w-63669-26000186162",
      "name": "Elmer's Metallic Glue Blue",
      "brand": "Elmer's",
      "imageUrls": "https://cdn0.woolworths.media/content/wowproductimages/large/063669.jpg",
      "storeId": "woolworths",
      "packageSize": "147ml",
      "cupPrice": "$0.00 / 0",
      "locations": {
        "ALL": {
          "price": 4.9,
          "discountRate": 30,
          "promo": "",
          "orgPrice": 7
        }
      },
      "categoryIds": ["w-household"],
      "similarProducts": []
    },
    {
      "id": "w-63666-26000186209",
      "name": "Elmer's Metallic Glue Pink",
      "brand": "Elmer's",
      "imageUrls": "https://cdn0.woolworths.media/content/wowproductimages/large/063666.jpg",
      "storeId": "woolworths",
      "packageSize": "147ml",
      "cupPrice": "$0.00 / 0",
      "locations": {
        "ALL": {
          "price": 4.9,
          "discountRate": 30,
          "promo": "",
          "orgPrice": 7
        }
      },
      "categoryIds": ["w-household"],
      "similarProducts": []
    },
    {
      "id": "w-63668-26000186179",
      "name": "Elmer's Metallic Glue Teal",
      "brand": "Elmer's",
      "imageUrls": "https://cdn0.woolworths.media/content/wowproductimages/large/063668.jpg",
      "storeId": "woolworths",
      "packageSize": "147ml",
      "cupPrice": "$0.00 / 0",
      "locations": {
        "ALL": {
          "price": 4.9,
          "discountRate": 30,
          "promo": "",
          "orgPrice": 7
        }
      },
      "categoryIds": ["w-household"],
      "similarProducts": []
    },
    {
      "id": "w-524427-3492548196845",
      "name": "Energizer Car Charger Universal - High Tech 2.4a 2 Usb Black",
      "brand": "Energizer",
      "imageUrls": "https://cdn0.woolworths.media/content/wowproductimages/large/524427.jpg",
      "storeId": "woolworths",
      "packageSize": "each",
      "cupPrice": "$0.00 / 0",
      "locations": {
        "ALL": {
          "price": 11.9,
          "discountRate": 30,
          "promo": "",
          "orgPrice": 17
        }
      },
      "categoryIds": ["w-household"],
      "similarProducts": []
    },
    {
      "id": "w-600567-3492548216819",
      "name": "Energizer Hightec Steel Metal Lightning Cable - 1.2m",
      "brand": "Energizer",
      "imageUrls": "https://cdn0.woolworths.media/content/wowproductimages/large/600567.jpg",
      "storeId": "woolworths",
      "packageSize": "each",
      "cupPrice": "$0.00 / 0",
      "locations": {
        "ALL": {
          "price": 21,
          "discountRate": 30,
          "promo": "",
          "orgPrice": 30
        }
      },
      "categoryIds": ["w-household"],
      "similarProducts": []
    },
    {
      "id": "w-524578-3492548199914",
      "name": "Energizer Lightning 1.2m Cable White",
      "brand": "Energizer",
      "imageUrls": "https://cdn0.woolworths.media/content/wowproductimages/large/524578.jpg",
      "storeId": "woolworths",
      "packageSize": "each",
      "cupPrice": "$0.00 / 0",
      "locations": {
        "ALL": {
          "price": 14,
          "discountRate": 30,
          "promo": "",
          "orgPrice": 20
        }
      },
      "categoryIds": ["w-household"],
      "similarProducts": []
    },
    {
      "id": "w-693103-8888021206043",
      "name": "Energizer Max Plus Advanced Aaa",
      "brand": "Energizer",
      "imageUrls": "https://cdn0.woolworths.media/content/wowproductimages/large/693103.jpg",
      "storeId": "woolworths",
      "packageSize": "16 pack",
      "cupPrice": "$0.75 / 1EA",
      "locations": {
        "ALL": {
          "price": 12,
          "discountRate": 50,
          "promo": "",
          "orgPrice": 24
        }
      },
      "categoryIds": ["w-household"],
      "similarProducts": []
    },
    {
      "id": "w-693104-8888021206067",
      "name": "Energizer Max Plus Advanced D",
      "brand": "Energizer",
      "imageUrls": "https://cdn0.woolworths.media/content/wowproductimages/large/693104.jpg",
      "storeId": "woolworths",
      "packageSize": "4 pack",
      "cupPrice": "$2.63 / 1EA",
      "locations": {
        "ALL": {
          "price": 10.5,
          "discountRate": 16,
          "promo": "",
          "orgPrice": 12.5
        }
      },
      "categoryIds": ["w-household"],
      "similarProducts": []
    },
    {
      "id": "w-524417-3492548200122",
      "name": "Energizer Micro Usb 1.2m Cable Premium Nylon Braiding",
      "brand": "Energizer",
      "imageUrls": "https://cdn0.woolworths.media/content/wowproductimages/large/524417.jpg",
      "storeId": "woolworths",
      "packageSize": "each",
      "cupPrice": "$0.00 / 0",
      "locations": {
        "ALL": {
          "price": 10.5,
          "discountRate": 30,
          "promo": "",
          "orgPrice": 15
        }
      },
      "categoryIds": ["w-household"],
      "similarProducts": []
    },
    {
      "id": "w-524582-3492548199976",
      "name": "Energizer Micro Usb 1.2m Cable - Black",
      "brand": "Energizer",
      "imageUrls": "https://cdn0.woolworths.media/content/wowproductimages/large/524582.jpg",
      "storeId": "woolworths",
      "packageSize": "each",
      "cupPrice": "$0.00 / 0",
      "locations": {
        "ALL": { "price": 7, "discountRate": 30, "promo": "", "orgPrice": 10 }
      },
      "categoryIds": ["w-household"],
      "similarProducts": []
    },
    {
      "id": "w-687247-3492548221516",
      "name": "Energizer Type C Steel 1.2m Cable",
      "brand": "Energizer",
      "imageUrls": "https://cdn0.woolworths.media/content/wowproductimages/large/687247.jpg",
      "storeId": "woolworths",
      "packageSize": "each",
      "cupPrice": "$0.00 / 0",
      "locations": {
        "ALL": {
          "price": 21,
          "discountRate": 30,
          "promo": "",
          "orgPrice": 30
        }
      },
      "categoryIds": ["w-household"],
      "similarProducts": []
    },
    {
      "id": "w-643099-3492548219971",
      "name": "Energizer Type C Usb 1.2m Cable - Braided Metallic White",
      "brand": "Energizer",
      "imageUrls": "https://cdn0.woolworths.media/content/wowproductimages/large/643099.jpg",
      "storeId": "woolworths",
      "packageSize": "each",
      "cupPrice": "$0.00 / 0",
      "locations": {
        "ALL": {
          "price": 14,
          "discountRate": 30,
          "promo": "",
          "orgPrice": 20
        }
      },
      "categoryIds": ["w-household"],
      "similarProducts": []
    },
    {
      "id": "w-524443-3492548208500",
      "name": "Energizer Type C Usb 1.2m Cable - Black",
      "brand": "Energizer",
      "imageUrls": "https://cdn0.woolworths.media/content/wowproductimages/large/524443.jpg",
      "storeId": "woolworths",
      "packageSize": "each",
      "cupPrice": "$0.00 / 0",
      "locations": {
        "ALL": {
          "price": 14,
          "discountRate": 30,
          "promo": "",
          "orgPrice": 20
        }
      },
      "categoryIds": ["w-household"],
      "similarProducts": []
    },
    {
      "id": "w-600495-3492548216772",
      "name": "Energizer Ultimate Lightning Cable 1.2m",
      "brand": "Energizer",
      "imageUrls": "https://cdn0.woolworths.media/content/wowproductimages/large/600495.jpg",
      "storeId": "woolworths",
      "packageSize": "each",
      "cupPrice": "$0.00 / 0",
      "locations": {
        "ALL": {
          "price": 21,
          "discountRate": 30,
          "promo": "",
          "orgPrice": 30
        }
      },
      "categoryIds": ["w-household"],
      "similarProducts": []
    },
    {
      "id": "w-524420-3492548209361",
      "name": "Energizer Wall Charger Lightning 1 Usb White",
      "brand": "Energizer",
      "imageUrls": "https://cdn0.woolworths.media/content/wowproductimages/large/524420.jpg",
      "storeId": "woolworths",
      "packageSize": "each",
      "cupPrice": "$0.00 / 0",
      "locations": {
        "ALL": {
          "price": 21,
          "discountRate": 30,
          "promo": "",
          "orgPrice": 30
        }
      },
      "categoryIds": ["w-household"],
      "similarProducts": []
    },
    {
      "id": "w-693102-8888021206036",
      "name": "Energizer Max Plus Advanced Aa",
      "brand": "Energizer",
      "imageUrls": "https://cdn0.woolworths.media/content/wowproductimages/large/693102.jpg",
      "storeId": "woolworths",
      "packageSize": "16 pack",
      "cupPrice": "$0.75 / 1EA",
      "locations": {
        "ALL": {
          "price": 12,
          "discountRate": 50,
          "promo": "",
          "orgPrice": 24
        }
      },
      "categoryIds": ["w-household"],
      "similarProducts": []
    },
    {
      "id": "w-789050-9300633766313",
      "name": "Essentials Microfibre Cloths Assorted",
      "brand": "Essentials",
      "imageUrls": "https://cdn0.woolworths.media/content/wowproductimages/large/789050.jpg",
      "storeId": "woolworths",
      "packageSize": "10 pack",
      "cupPrice": "$0.72 / 1EA",
      "locations": {
        "ALL": {
          "price": 7.2,
          "discountRate": 20,
          "promo": "",
          "orgPrice": 8.99
        }
      },
      "categoryIds": ["w-household"],
      "similarProducts": []
    },
    {
      "id": "w-64003-71641160132",
      "name": "Expo Bullet Dry Erase Markers 4 Colours",
      "brand": "Expo",
      "imageUrls": "https://cdn0.woolworths.media/content/wowproductimages/large/064003.jpg",
      "storeId": "woolworths",
      "packageSize": "4 pack",
      "cupPrice": "$0.00 / 0",
      "locations": {
        "ALL": {
          "price": 5.75,
          "discountRate": 50,
          "promo": "",
          "orgPrice": 11.5
        }
      },
      "categoryIds": ["w-household"],
      "similarProducts": []
    },
    {
      "id": "w-521512-71641801523",
      "name": "Expo Chisel Dry Erase Whiteboard Markers Black",
      "brand": "Expo",
      "imageUrls": "https://cdn0.woolworths.media/content/wowproductimages/large/521512.jpg",
      "storeId": "woolworths",
      "packageSize": "2 pack",
      "cupPrice": "$1.50 / 1EA",
      "locations": {
        "ALL": { "price": 3, "discountRate": 50, "promo": "", "orgPrice": 6 }
      },
      "categoryIds": ["w-household"],
      "similarProducts": []
    },
    {
      "id": "w-521510-71641866010",
      "name": "Expo Fine Whiteboard Markers Assorted",
      "brand": "Expo",
      "imageUrls": "https://cdn0.woolworths.media/content/wowproductimages/large/521510.jpg",
      "storeId": "woolworths",
      "packageSize": "8 pack",
      "cupPrice": "$1.00 / 1EA",
      "locations": {
        "ALL": { "price": 8, "discountRate": 50, "promo": "", "orgPrice": 16 }
      },
      "categoryIds": ["w-household"],
      "similarProducts": []
    },
    {
      "id": "w-933690-4005401158554",
      "name": "Faber-castell Coloured Pencils",
      "brand": "Faber-castell",
      "imageUrls": "https://cdn0.woolworths.media/content/wowproductimages/large/933690.jpg",
      "storeId": "woolworths",
      "packageSize": "24 pack",
      "cupPrice": "$0.00 / 0",
      "locations": {
        "ALL": { "price": 4, "discountRate": 50, "promo": "", "orgPrice": 8 }
      },
      "categoryIds": ["w-household"],
      "similarProducts": []
    },
    {
      "id": "w-96750-9311279191209",
      "name": "Faber-castell Connector Markers",
      "brand": "Faber-castell",
      "imageUrls": "https://cdn0.woolworths.media/content/wowproductimages/large/096750.jpg",
      "storeId": "woolworths",
      "packageSize": "20 pack",
      "cupPrice": "$0.00 / 0",
      "locations": {
        "ALL": {
          "price": 3.75,
          "discountRate": 50,
          "promo": "",
          "orgPrice": 7.5
        }
      },
      "categoryIds": ["w-household"],
      "similarProducts": []
    },
    {
      "id": "w-41808-8001090985491",
      "name": "Fairy Platinum Plus Dishwasher Tablets Lemon",
      "brand": "Fairy",
      "imageUrls": "https://cdn0.woolworths.media/content/wowproductimages/large/041808.jpg",
      "storeId": "woolworths",
      "packageSize": "15 pack",
      "cupPrice": "$0.53 / 1EA",
      "locations": {
        "ALL": { "price": 8, "discountRate": 50, "promo": "", "orgPrice": 16 }
      },
      "categoryIds": ["w-household"],
      "similarProducts": []
    },
    {
      "id": "w-78638-9300701066512",
      "name": "Finish Quantum Ultimate Pro Dishwasher Tablets Lemon",
      "brand": "Finish",
      "imageUrls": "https://cdn0.woolworths.media/content/wowproductimages/large/078638.jpg",
      "storeId": "woolworths",
      "packageSize": "32 pack",
      "cupPrice": "$0.63 / 1EA",
      "locations": {
        "ALL": {
          "price": 20,
          "discountRate": 38,
          "promo": "",
          "orgPrice": 32
        }
      },
      "categoryIds": ["w-household"],
      "similarProducts": []
    },
    {
      "id": "w-472945-887961186307",
      "name": "Fisher-price Laugh & Learn Puppy's Remote Assorted",
      "brand": "Fisher-price",
      "imageUrls": "https://cdn0.woolworths.media/content/wowproductimages/large/472945.jpg",
      "storeId": "woolworths",
      "packageSize": "each",
      "cupPrice": "$0.00 / 0",
      "locations": {
        "ALL": {
          "price": 6.5,
          "discountRate": 50,
          "promo": "",
          "orgPrice": 13
        }
      },
      "categoryIds": ["w-household"],
      "similarProducts": []
    },
    {
      "id": "w-5406-746775332303",
      "name": "Fisher-price Poppity Pop Turtle Assorted",
      "brand": "Fisher-price",
      "imageUrls": "https://cdn0.woolworths.media/content/wowproductimages/large/005406.jpg",
      "storeId": "woolworths",
      "packageSize": "each",
      "cupPrice": "$0.00 / 0",
      "locations": {
        "ALL": { "price": 5, "discountRate": 50, "promo": "", "orgPrice": 10 }
      },
      "categoryIds": ["w-household"],
      "similarProducts": []
    },
    {
      "id": "w-827361-9300633794262",
      "name": "For Her Control Brief Pantyhose Natural X/tall",
      "brand": "For Her",
      "imageUrls": "https://cdn0.woolworths.media/content/wowproductimages/large/827361.jpg",
      "storeId": "woolworths",
      "packageSize": "3 pack",
      "cupPrice": "$0.00 / 0",
      "locations": {
        "ALL": {
          "price": 2.8,
          "discountRate": 30,
          "promo": "",
          "orgPrice": 4
        }
      },
      "categoryIds": ["w-household"],
      "similarProducts": []
    },
    {
      "id": "w-12522-9310050114666",
      "name": "Glad Bio Based Kitchen Tidy Bags Small",
      "brand": "Glad",
      "imageUrls": "https://cdn0.woolworths.media/content/wowproductimages/large/012522.jpg",
      "storeId": "woolworths",
      "packageSize": "35 pack",
      "cupPrice": "$0.07 / 1EA",
      "locations": {
        "ALL": {
          "price": 2.5,
          "discountRate": 38,
          "promo": "",
          "orgPrice": 4
        }
      },
      "categoryIds": ["w-household"],
      "similarProducts": []
    },
    {
      "id": "w-309127-9310050112686",
      "name": "Glad Cling Wrap",
      "brand": "Glad",
      "imageUrls": "https://cdn0.woolworths.media/content/wowproductimages/large/309127.jpg",
      "storeId": "woolworths",
      "packageSize": "90m",
      "cupPrice": "$0.06 / 1M",
      "locations": {
        "ALL": { "price": 5, "discountRate": 9, "promo": "", "orgPrice": 5.5 }
      },
      "categoryIds": ["w-household", "w-lunch-box"],
      "similarProducts": []
    },
    {
      "id": "w-752113-9310004191040",
      "name": "Handee Ultra Double Length Paper Towel",
      "brand": "Handee",
      "imageUrls": "https://cdn0.woolworths.media/content/wowproductimages/large/752113.jpg",
      "storeId": "woolworths",
      "packageSize": "3 pack",
      "cupPrice": "$1.67 / 100SS",
      "locations": {
        "ALL": { "price": 6, "discountRate": 14, "promo": "", "orgPrice": 7 }
      },
      "categoryIds": ["w-household"],
      "similarProducts": []
    },
    {
      "id": "w-700769-9348088000163",
      "name": "Hegs Grippie Mini Hanger",
      "brand": "Hegs",
      "imageUrls": "https://cdn0.woolworths.media/content/wowproductimages/large/700769.jpg",
      "storeId": "woolworths",
      "packageSize": "each",
      "cupPrice": "$13.00 / 1EA",
      "locations": {
        "ALL": {
          "price": 13,
          "discountRate": 35,
          "promo": "",
          "orgPrice": 20
        }
      },
      "categoryIds": ["w-household"],
      "similarProducts": []
    },
    {
      "id": "w-252072-9322596003991",
      "name": "Hercules Click Zip Large Resealable Twinzip Sandwich Bags",
      "brand": "Hercules",
      "imageUrls": "https://cdn0.woolworths.media/content/wowproductimages/large/252072.jpg",
      "storeId": "woolworths",
      "packageSize": "25 pack",
      "cupPrice": "$0.08 / 1EA",
      "locations": {
        "ALL": {
          "price": 1.95,
          "discountRate": 20,
          "promo": "",
          "orgPrice": 2.45
        }
      },
      "categoryIds": ["w-household", "w-lunch-box"],
      "similarProducts": []
    },
    {
      "id": "w-125367-9322596000792",
      "name": "Hercules Click Zip Resealable Sandwich Bags",
      "brand": "Hercules",
      "imageUrls": "https://cdn0.woolworths.media/content/wowproductimages/large/125367.jpg",
      "storeId": "woolworths",
      "packageSize": "40 pack",
      "cupPrice": "$0.04 / 1EA",
      "locations": {
        "ALL": {
          "price": 1.7,
          "discountRate": 15,
          "promo": "",
          "orgPrice": 2
        }
      },
      "categoryIds": ["w-household", "w-lunch-box"],
      "similarProducts": []
    },
    {
      "id": "w-229981-9322596003595",
      "name": "Hercules Click Zip Resealable Snack Size Sandwich Bags",
      "brand": "Hercules",
      "imageUrls": "https://cdn0.woolworths.media/content/wowproductimages/large/229981.jpg",
      "storeId": "woolworths",
      "packageSize": "65 pack",
      "cupPrice": "$0.03 / 1EA",
      "locations": {
        "ALL": {
          "price": 2.2,
          "discountRate": 24,
          "promo": "",
          "orgPrice": 2.9
        }
      },
      "categoryIds": ["w-household", "w-lunch-box"],
      "similarProducts": []
    },
    {
      "id": "w-16667-9322596009429",
      "name": "Hercules Everyday Snack Resealable Bags",
      "brand": "Hercules",
      "imageUrls": "https://cdn0.woolworths.media/content/wowproductimages/large/016667.jpg",
      "storeId": "woolworths",
      "packageSize": "150 pack",
      "cupPrice": "$0.03 / 1EA",
      "locations": {
        "ALL": {
          "price": 4.5,
          "discountRate": 18,
          "promo": "",
          "orgPrice": 5.5
        }
      },
      "categoryIds": ["w-household"],
      "similarProducts": []
    },
    {
      "id": "w-688191-9322596009122",
      "name": "Hercules Resealable Everyday Sandwich Bags",
      "brand": "Hercules",
      "imageUrls": "https://cdn0.woolworths.media/content/wowproductimages/large/688191.jpg",
      "storeId": "woolworths",
      "packageSize": "150 pack",
      "cupPrice": "$0.03 / 1EA",
      "locations": {
        "ALL": { "price": 5, "discountRate": 17, "promo": "", "orgPrice": 6 }
      },
      "categoryIds": ["w-household", "w-lunch-box"],
      "similarProducts": []
    },
    {
      "id": "w-147840-9322596000945",
      "name": "Hercules Resealable Large Storage Bags",
      "brand": "Hercules",
      "imageUrls": "https://cdn0.woolworths.media/content/wowproductimages/large/147840.jpg",
      "storeId": "woolworths",
      "packageSize": "15 pack",
      "cupPrice": "$0.14 / 1EA",
      "locations": {
        "ALL": {
          "price": 2.05,
          "discountRate": 23,
          "promo": "",
          "orgPrice": 2.65
        }
      },
      "categoryIds": ["w-household"],
      "similarProducts": []
    },
    {
      "id": "w-485613-9322596008545",
      "name": "Hercules Resealable Twin Zip Medium Storage Bag",
      "brand": "Hercules",
      "imageUrls": "https://cdn0.woolworths.media/content/wowproductimages/large/485613.jpg",
      "storeId": "woolworths",
      "packageSize": "15 pack",
      "cupPrice": "$0.17 / 1EA",
      "locations": {
        "ALL": {
          "price": 2.5,
          "discountRate": 17,
          "promo": "",
          "orgPrice": 3
        }
      },
      "categoryIds": ["w-household"],
      "similarProducts": []
    },
    {
      "id": "w-678923-887961619805",
      "name": "Hot Wheels Culture Car",
      "brand": "Hot Wheels",
      "imageUrls": "https://cdn0.woolworths.media/content/wowproductimages/large/678923.jpg",
      "storeId": "woolworths",
      "packageSize": "each",
      "cupPrice": "$0.00 / 0",
      "locations": {
        "ALL": { "price": 5, "discountRate": 38, "promo": "", "orgPrice": 8 }
      },
      "categoryIds": ["w-household"],
      "similarProducts": []
    },
    {
      "id": "w-471196-9300633580155",
      "name": "Inspire Stoneware Dinner Plate Charcoal",
      "brand": "Inspire",
      "imageUrls": "https://cdn0.woolworths.media/content/wowproductimages/large/471196.jpg",
      "storeId": "woolworths",
      "packageSize": "each",
      "cupPrice": "$0.00 / 0",
      "locations": {
        "ALL": {
          "price": 2.8,
          "discountRate": 30,
          "promo": "",
          "orgPrice": 4
        }
      },
      "categoryIds": ["w-household"],
      "similarProducts": []
    },
    {
      "id": "w-677149-8718033158125",
      "name": "Jamie Oliver Large Baking Dish",
      "brand": "Jamie Oliver",
      "imageUrls": "https://cdn0.woolworths.media/content/wowproductimages/large/677149.jpg",
      "storeId": "woolworths",
      "packageSize": "each",
      "cupPrice": "$0.00 / 0",
      "locations": {
        "ALL": {
          "price": 10,
          "discountRate": 50,
          "promo": "",
          "orgPrice": 20
        }
      },
      "categoryIds": ["w-household"],
      "similarProducts": []
    },
    {
      "id": "w-674354-5011268866210",
      "name": "Jamie Oliver Large Baking Tray",
      "brand": "Jamie Oliver",
      "imageUrls": "https://cdn0.woolworths.media/content/wowproductimages/large/674354.jpg",
      "storeId": "woolworths",
      "packageSize": "each",
      "cupPrice": "$0.00 / 0",
      "locations": {
        "ALL": {
          "price": 12,
          "discountRate": 20,
          "promo": "",
          "orgPrice": 15
        }
      },
      "categoryIds": ["w-household"],
      "similarProducts": []
    },
    {
      "id": "w-677294-8718033158064",
      "name": "Jamie Oliver Ramekins",
      "brand": "Jamie Oliver",
      "imageUrls": "https://cdn0.woolworths.media/content/wowproductimages/large/677294.jpg",
      "storeId": "woolworths",
      "packageSize": "4 pack",
      "cupPrice": "$0.00 / 0",
      "locations": {
        "ALL": { "price": 6, "discountRate": 50, "promo": "", "orgPrice": 12 }
      },
      "categoryIds": ["w-household"],
      "similarProducts": []
    },
    {
      "id": "w-677295-8718033158088",
      "name": "Jamie Oliver Small Baking Dish",
      "brand": "Jamie Oliver",
      "imageUrls": "https://cdn0.woolworths.media/content/wowproductimages/large/677295.jpg",
      "storeId": "woolworths",
      "packageSize": "each",
      "cupPrice": "$0.00 / 0",
      "locations": {
        "ALL": { "price": 6, "discountRate": 50, "promo": "", "orgPrice": 12 }
      },
      "categoryIds": ["w-household"],
      "similarProducts": []
    },
    {
      "id": "w-786998-5011268881770",
      "name": "Jamie Oliver Utensil Pizza Cutter Stainless Steel",
      "brand": "Jamie Oliver",
      "imageUrls": "https://cdn0.woolworths.media/content/wowproductimages/large/786998.jpg",
      "storeId": "woolworths",
      "packageSize": "each",
      "cupPrice": "$0.00 / 0",
      "locations": {
        "ALL": { "price": 8, "discountRate": 20, "promo": "", "orgPrice": 10 }
      },
      "categoryIds": ["w-household"],
      "similarProducts": []
    },
    {
      "id": "w-21968-9310045406097",
      "name": "Jiffy Bbq Accessory Fire Lighters Economy",
      "brand": "Jiffy",
      "imageUrls": "https://cdn0.woolworths.media/content/wowproductimages/large/021968.jpg",
      "storeId": "woolworths",
      "packageSize": "24 pack",
      "cupPrice": "$0.13 / 1EA",
      "locations": {
        "ALL": {
          "price": 3.2,
          "discountRate": 32,
          "promo": "",
          "orgPrice": 4.7
        }
      },
      "categoryIds": ["w-household"],
      "similarProducts": []
    },
    {
      "id": "w-79502-9310088002911",
      "name": "Kleenex Aloe Vera Facial Tissues",
      "brand": "Kleenex",
      "imageUrls": "https://cdn0.woolworths.media/content/wowproductimages/large/079502.jpg",
      "storeId": "woolworths",
      "packageSize": "95 pack",
      "cupPrice": "$1.37 / 100SS",
      "locations": {
        "ALL": {
          "price": 1.3,
          "discountRate": 50,
          "promo": "",
          "orgPrice": 2.6
        }
      },
      "categoryIds": ["w-household"],
      "similarProducts": []
    },
    {
      "id": "w-679037-9310088011432",
      "name": "Kleenex Complete Clean Toilet Tissue",
      "brand": "Kleenex",
      "imageUrls": "https://cdn0.woolworths.media/content/wowproductimages/large/679037.jpg",
      "storeId": "woolworths",
      "packageSize": "9 pack",
      "cupPrice": "$0.31 / 100SS",
      "locations": {
        "ALL": { "price": 5, "discountRate": 38, "promo": "", "orgPrice": 8 }
      },
      "categoryIds": ["w-household"],
      "similarProducts": []
    },
    {
      "id": "w-79492-9310088002119",
      "name": "Kleenex Facial Tissues Extra Care Eucalyptus",
      "brand": "Kleenex",
      "imageUrls": "https://cdn0.woolworths.media/content/wowproductimages/large/079492.jpg",
      "storeId": "woolworths",
      "packageSize": "95 pack",
      "cupPrice": "$1.37 / 100SS",
      "locations": {
        "ALL": {
          "price": 1.3,
          "discountRate": 50,
          "promo": "",
          "orgPrice": 2.6
        }
      },
      "categoryIds": ["w-household"],
      "similarProducts": []
    },
    {
      "id": "w-759362-9310088007039",
      "name": "Kleenex To Go Facial Tissues Aloe Vera Pocket Pack",
      "brand": "Kleenex",
      "imageUrls": "https://cdn0.woolworths.media/content/wowproductimages/large/759362.jpg",
      "storeId": "woolworths",
      "packageSize": "6 pack",
      "cupPrice": "$4.26 / 100SS",
      "locations": {
        "ALL": {
          "price": 2.3,
          "discountRate": 28,
          "promo": "",
          "orgPrice": 3.19
        }
      },
      "categoryIds": ["w-household"],
      "similarProducts": []
    },
    {
      "id": "w-80919-9339687157006",
      "name": "Little Wishes Bassinette Sheets",
      "brand": "Little Wishes",
      "imageUrls": "https://cdn0.woolworths.media/content/wowproductimages/large/080919.jpg",
      "storeId": "woolworths",
      "packageSize": "2 pack",
      "cupPrice": "$0.00 / 0",
      "locations": {
        "ALL": { "price": 6, "discountRate": 50, "promo": "", "orgPrice": 12 }
      },
      "categoryIds": ["w-household"],
      "similarProducts": []
    },
    {
      "id": "w-81532-9339687157037",
      "name": "Little Wishes Cot Blanket Waffle",
      "brand": "Little Wishes",
      "imageUrls": "https://cdn0.woolworths.media/content/wowproductimages/large/081532.JPG",
      "storeId": "woolworths",
      "packageSize": "each",
      "cupPrice": "$0.00 / 0",
      "locations": {
        "ALL": { "price": 6, "discountRate": 50, "promo": "", "orgPrice": 12 }
      },
      "categoryIds": ["w-household"],
      "similarProducts": []
    },
    {
      "id": "w-80918-9339687156993",
      "name": "Little Wishes Cot Sheet Set",
      "brand": "Little Wishes",
      "imageUrls": "https://cdn0.woolworths.media/content/wowproductimages/large/080918.jpg",
      "storeId": "woolworths",
      "packageSize": "2 pack",
      "cupPrice": "$0.00 / 0",
      "locations": {
        "ALL": {
          "price": 7.5,
          "discountRate": 50,
          "promo": "",
          "orgPrice": 15
        }
      },
      "categoryIds": ["w-household"],
      "similarProducts": []
    },
    {
      "id": "w-81533-9339687157044",
      "name": "Little Wishes Hooded Towel With Wash Mitt",
      "brand": "Little Wishes",
      "imageUrls": "https://cdn0.woolworths.media/content/wowproductimages/large/081533.JPG",
      "storeId": "woolworths",
      "packageSize": "each",
      "cupPrice": "$0.00 / 0",
      "locations": {
        "ALL": {
          "price": 7.5,
          "discountRate": 50,
          "promo": "",
          "orgPrice": 15
        }
      },
      "categoryIds": ["w-household"],
      "similarProducts": []
    },
    {
      "id": "w-80917-9339687156986",
      "name": "Little Wishes Mattress Protector Terry Fitted",
      "brand": "Little Wishes",
      "imageUrls": "https://cdn0.woolworths.media/content/wowproductimages/large/080917.JPG",
      "storeId": "woolworths",
      "packageSize": "each",
      "cupPrice": "$0.00 / 0",
      "locations": {
        "ALL": {
          "price": 7.5,
          "discountRate": 50,
          "promo": "",
          "orgPrice": 15
        }
      },
      "categoryIds": ["w-household"],
      "similarProducts": []
    },
    {
      "id": "w-81535-9339687157068",
      "name": "Little Wishes Muslin Wrap With Toy",
      "brand": "Little Wishes",
      "imageUrls": "https://cdn0.woolworths.media/content/wowproductimages/large/081535.JPG",
      "storeId": "woolworths",
      "packageSize": "2 pack",
      "cupPrice": "$0.00 / 0",
      "locations": {
        "ALL": {
          "price": 7.5,
          "discountRate": 50,
          "promo": "",
          "orgPrice": 15
        }
      },
      "categoryIds": ["w-household"],
      "similarProducts": []
    },
    {
      "id": "w-80921-9339687157020",
      "name": "Little Wishes Reversible Comforter",
      "brand": "Little Wishes",
      "imageUrls": "https://cdn0.woolworths.media/content/wowproductimages/large/080921.jpg",
      "storeId": "woolworths",
      "packageSize": "each",
      "cupPrice": "$0.00 / 0",
      "locations": {
        "ALL": {
          "price": 10,
          "discountRate": 50,
          "promo": "",
          "orgPrice": 20
        }
      },
      "categoryIds": ["w-household"],
      "similarProducts": []
    },
    {
      "id": "w-90472-843536180705",
      "name": "Method All Purpose Cleaner Pink Grapefruit",
      "brand": "Method",
      "imageUrls": "https://cdn0.woolworths.media/content/wowproductimages/large/090472.jpg",
      "storeId": "woolworths",
      "packageSize": "490ml",
      "cupPrice": "$0.64 / 100ML",
      "locations": {
        "ALL": {
          "price": 3.15,
          "discountRate": 30,
          "promo": "",
          "orgPrice": 4.5
        }
      },
      "categoryIds": ["w-household"],
      "similarProducts": []
    },
    {
      "id": "w-34940-817939000700",
      "name": "Method Squirt & Mop Hard Floor Cleaner Ginger Yuzu",
      "brand": "Method",
      "imageUrls": "https://cdn0.woolworths.media/content/wowproductimages/large/034940.jpg",
      "storeId": "woolworths",
      "packageSize": "739ml",
      "cupPrice": "$0.57 / 100ML",
      "locations": {
        "ALL": {
          "price": 4.2,
          "discountRate": 30,
          "promo": "",
          "orgPrice": 6
        }
      },
      "categoryIds": ["w-household"],
      "similarProducts": []
    },
    {
      "id": "w-687198-9325448148703",
      "name": "Michelle Bridges Bottle",
      "brand": "Michelle Bridges",
      "imageUrls": "https://cdn0.woolworths.media/content/wowproductimages/large/687198.jpg",
      "storeId": "woolworths",
      "packageSize": "1l",
      "cupPrice": "$0.00 / 0",
      "locations": {
        "ALL": { "price": 7, "discountRate": 50, "promo": "", "orgPrice": 14 }
      },
      "categoryIds": ["w-household"],
      "similarProducts": []
    },
    {
      "id": "w-55954-9325448168558",
      "name": "Michelle Bridges Insulated Lunch Bag",
      "brand": "Michelle Bridges",
      "imageUrls": "https://cdn0.woolworths.media/content/wowproductimages/large/055954.jpg",
      "storeId": "woolworths",
      "packageSize": "each",
      "cupPrice": "$0.00 / 0",
      "locations": {
        "ALL": {
          "price": 10,
          "discountRate": 50,
          "promo": "",
          "orgPrice": 20
        }
      },
      "categoryIds": ["w-household"],
      "similarProducts": []
    },
    {
      "id": "w-687520-9325448148659",
      "name": "Michelle Bridges Meal Prep Containers",
      "brand": "Michelle Bridges",
      "imageUrls": "https://cdn0.woolworths.media/content/wowproductimages/large/687520.jpg",
      "storeId": "woolworths",
      "packageSize": "5 pack",
      "cupPrice": "$0.00 / 0",
      "locations": {
        "ALL": {
          "price": 7.5,
          "discountRate": 50,
          "promo": "",
          "orgPrice": 15
        }
      },
      "categoryIds": ["w-household"],
      "similarProducts": []
    },
    {
      "id": "w-687146-9325448148666",
      "name": "Michelle Bridges Meal Prep Dipper Pots",
      "brand": "Michelle Bridges",
      "imageUrls": "https://cdn0.woolworths.media/content/wowproductimages/large/687146.jpg",
      "storeId": "woolworths",
      "packageSize": "6 pack",
      "cupPrice": "$0.00 / 0",
      "locations": {
        "ALL": { "price": 3, "discountRate": 50, "promo": "", "orgPrice": 6 }
      },
      "categoryIds": ["w-household"],
      "similarProducts": []
    },
    {
      "id": "w-55962-9325448168565",
      "name": "Michelle Bridges Snack Prep Kit",
      "brand": "Michelle Bridges",
      "imageUrls": "https://cdn0.woolworths.media/content/wowproductimages/large/055962.jpg",
      "storeId": "woolworths",
      "packageSize": "3 pack",
      "cupPrice": "$0.00 / 0",
      "locations": {
        "ALL": { "price": 6, "discountRate": 50, "promo": "", "orgPrice": 12 }
      },
      "categoryIds": ["w-household"],
      "similarProducts": []
    },
    {
      "id": "w-807247-9339687064731",
      "name": "Mint Acacia Chopboard 37.5x30cm",
      "brand": "Mint",
      "imageUrls": "https://cdn0.woolworths.media/content/wowproductimages/large/807247.jpg",
      "storeId": "woolworths",
      "packageSize": "each",
      "cupPrice": "$0.00 / 0",
      "locations": {
        "ALL": {
          "price": 14,
          "discountRate": 30,
          "promo": "",
          "orgPrice": 20
        }
      },
      "categoryIds": ["w-household"],
      "similarProducts": []
    },
    {
      "id": "w-807245-9339687064717",
      "name": "Mint Bamboo Chopboard 40x30cm",
      "brand": "Mint",
      "imageUrls": "https://cdn0.woolworths.media/content/wowproductimages/large/807245.jpg",
      "storeId": "woolworths",
      "packageSize": "each",
      "cupPrice": "$0.00 / 0",
      "locations": {
        "ALL": {
          "price": 9.8,
          "discountRate": 30,
          "promo": "",
          "orgPrice": 14
        }
      },
      "categoryIds": ["w-household"],
      "similarProducts": []
    },
    {
      "id": "w-807238-9339687064649",
      "name": "Mint Beechwood Mixing Spoon",
      "brand": "Mint",
      "imageUrls": "https://cdn0.woolworths.media/content/wowproductimages/large/807238.jpg",
      "storeId": "woolworths",
      "packageSize": "each",
      "cupPrice": "$0.00 / 0",
      "locations": {
        "ALL": { "price": 2, "discountRate": 33, "promo": "", "orgPrice": 3 }
      },
      "categoryIds": ["w-household"],
      "similarProducts": []
    },
    {
      "id": "w-807301-9339687065318",
      "name": "Mint Microwave Egg Cooker",
      "brand": "Mint",
      "imageUrls": "https://cdn0.woolworths.media/content/wowproductimages/large/807301.jpg",
      "storeId": "woolworths",
      "packageSize": "2 pack",
      "cupPrice": "$0.00 / 0",
      "locations": {
        "ALL": {
          "price": 5.6,
          "discountRate": 30,
          "promo": "",
          "orgPrice": 8
        }
      },
      "categoryIds": ["w-household"],
      "similarProducts": []
    },
    {
      "id": "w-807312-9339687065431",
      "name": "Mint Non-stick Coating Muffin Pan 12 Cups",
      "brand": "Mint",
      "imageUrls": "https://cdn0.woolworths.media/content/wowproductimages/large/807312.jpg",
      "storeId": "woolworths",
      "packageSize": "each",
      "cupPrice": "$0.00 / 0",
      "locations": {
        "ALL": {
          "price": 5.6,
          "discountRate": 30,
          "promo": "",
          "orgPrice": 8
        }
      },
      "categoryIds": ["w-household"],
      "similarProducts": []
    },
    {
      "id": "w-807311-9339687065424",
      "name": "Mint Non-stick Coating Slice Tray",
      "brand": "Mint",
      "imageUrls": "https://cdn0.woolworths.media/content/wowproductimages/large/807311.jpg",
      "storeId": "woolworths",
      "packageSize": "each",
      "cupPrice": "$0.00 / 0",
      "locations": {
        "ALL": {
          "price": 4.2,
          "discountRate": 30,
          "promo": "",
          "orgPrice": 6
        }
      },
      "categoryIds": ["w-household"],
      "similarProducts": []
    },
    {
      "id": "w-807321-9339687065523",
      "name": "Mint Non-stick Coating Large Roaster Pan",
      "brand": "Mint",
      "imageUrls": "https://cdn0.woolworths.media/content/wowproductimages/large/807321.jpg",
      "storeId": "woolworths",
      "packageSize": "each",
      "cupPrice": "$0.00 / 0",
      "locations": {
        "ALL": {
          "price": 8.4,
          "discountRate": 30,
          "promo": "",
          "orgPrice": 12
        }
      },
      "categoryIds": ["w-household"],
      "similarProducts": []
    },
    {
      "id": "w-807314-9339687065455",
      "name": "Mint Non-stick Coating Medium Roaster Pan",
      "brand": "Mint",
      "imageUrls": "https://cdn0.woolworths.media/content/wowproductimages/large/807314.jpg",
      "storeId": "woolworths",
      "packageSize": "each",
      "cupPrice": "$0.00 / 0",
      "locations": {
        "ALL": { "price": 7, "discountRate": 30, "promo": "", "orgPrice": 10 }
      },
      "categoryIds": ["w-household"],
      "similarProducts": []
    },
    {
      "id": "w-807320-9339687065516",
      "name": "Mint Non-stick Coating Mini Muffin Pan 24 Cups",
      "brand": "Mint",
      "imageUrls": "https://cdn0.woolworths.media/content/wowproductimages/large/807320.jpg",
      "storeId": "woolworths",
      "packageSize": "each",
      "cupPrice": "$0.00 / 0",
      "locations": {
        "ALL": {
          "price": 5.6,
          "discountRate": 30,
          "promo": "",
          "orgPrice": 8
        }
      },
      "categoryIds": ["w-household"],
      "similarProducts": []
    },
    {
      "id": "w-807316-9339687065479",
      "name": "Mint Non-stick Coating Rectangular Cooling Rack",
      "brand": "Mint",
      "imageUrls": "https://cdn0.woolworths.media/content/wowproductimages/large/807316.jpg",
      "storeId": "woolworths",
      "packageSize": "each",
      "cupPrice": "$0.00 / 0",
      "locations": {
        "ALL": {
          "price": 4.2,
          "discountRate": 30,
          "promo": "",
          "orgPrice": 6
        }
      },
      "categoryIds": ["w-household"],
      "similarProducts": []
    },
    {
      "id": "w-807307-9339687065387",
      "name": "Mint Wok 30cm",
      "brand": "Mint",
      "imageUrls": "https://cdn0.woolworths.media/content/wowproductimages/large/807307.jpg",
      "storeId": "woolworths",
      "packageSize": "each",
      "cupPrice": "$0.00 / 0",
      "locations": {
        "ALL": {
          "price": 16.8,
          "discountRate": 30,
          "promo": "",
          "orgPrice": 24
        }
      },
      "categoryIds": ["w-household"],
      "similarProducts": []
    },
    {
      "id": "w-807787-9348641008179",
      "name": "Mirabella Genio Led Bc Cw 800lm",
      "brand": "Mirabella",
      "imageUrls": "https://cdn0.woolworths.media/content/wowproductimages/large/807787.jpg",
      "storeId": "woolworths",
      "packageSize": "each",
      "cupPrice": "$10.00 / 1EA",
      "locations": {
        "ALL": {
          "price": 10,
          "discountRate": 50,
          "promo": "",
          "orgPrice": 20
        }
      },
      "categoryIds": ["w-household"],
      "similarProducts": []
    },
    {
      "id": "w-807784-9348641008155",
      "name": "Mirabella Genio Led Es Ww 800lm",
      "brand": "Mirabella",
      "imageUrls": "https://cdn0.woolworths.media/content/wowproductimages/large/807784.jpg",
      "storeId": "woolworths",
      "packageSize": "each",
      "cupPrice": "$10.00 / 1EA",
      "locations": {
        "ALL": {
          "price": 10,
          "discountRate": 50,
          "promo": "",
          "orgPrice": 20
        }
      },
      "categoryIds": ["w-household"],
      "similarProducts": []
    },
    {
      "id": "w-877102-9348641008377",
      "name": "Mirabella Genio Wifi Dimmable 9w Led Light Bulb",
      "brand": "Mirabella",
      "imageUrls": "https://cdn0.woolworths.media/content/wowproductimages/large/877102.jpg",
      "storeId": "woolworths",
      "packageSize": "each",
      "cupPrice": "$10.00 / 1EA",
      "locations": {
        "ALL": {
          "price": 10,
          "discountRate": 50,
          "promo": "",
          "orgPrice": 20
        }
      },
      "categoryIds": ["w-household"],
      "similarProducts": []
    },
    {
      "id": "w-829558-9300615055909",
      "name": "Morning Fresh Dishwashing Liquid Lemon Fresh",
      "brand": "Morning Fresh",
      "imageUrls": "https://cdn0.woolworths.media/content/wowproductimages/large/829558.jpg",
      "storeId": "woolworths",
      "packageSize": "400ml",
      "cupPrice": "$0.54 / 100ML",
      "locations": {
        "ALL": {
          "price": 2.15,
          "discountRate": 50,
          "promo": "",
          "orgPrice": 4.3
        }
      },
      "categoryIds": ["w-household"],
      "similarProducts": [
        { "productId": "cw-75517", "storeId": "chemist-warehouse" }
      ]
    },
    {
      "id": "w-829544-9300615055817",
      "name": "Morning Fresh Dishwashing Liquid Original",
      "brand": "Morning Fresh",
      "imageUrls": "https://cdn0.woolworths.media/content/wowproductimages/large/829544.jpg",
      "storeId": "woolworths",
      "packageSize": "400ml",
      "cupPrice": "$0.54 / 100ML",
      "locations": {
        "ALL": {
          "price": 2.15,
          "discountRate": 50,
          "promo": "",
          "orgPrice": 4.3
        }
      },
      "categoryIds": ["w-household"],
      "similarProducts": [
        { "productId": "cw-75518", "storeId": "chemist-warehouse" },
        { "productId": "cw-56272", "storeId": "chemist-warehouse" }
      ]
    },
    {
      "id": "w-829570-9300615055862",
      "name": "Morning Fresh Dishwashing Liquid Watermelon & Pomegranate",
      "brand": "Morning Fresh",
      "imageUrls": "https://cdn0.woolworths.media/content/wowproductimages/large/829570.jpg",
      "storeId": "woolworths",
      "packageSize": "400ml",
      "cupPrice": "$0.54 / 100ML",
      "locations": {
        "ALL": {
          "price": 2.15,
          "discountRate": 50,
          "promo": "",
          "orgPrice": 4.3
        }
      },
      "categoryIds": ["w-household"],
      "similarProducts": []
    },
    {
      "id": "w-334236-9310049702676",
      "name": "Multix Alfoil 30cm X 60m Traditional Strength",
      "brand": "Multix",
      "imageUrls": "https://cdn0.woolworths.media/content/wowproductimages/large/334236.jpg",
      "storeId": "woolworths",
      "packageSize": "each",
      "cupPrice": "$0.15 / 1M",
      "locations": {
        "ALL": { "price": 9, "discountRate": 10, "promo": "", "orgPrice": 10 }
      },
      "categoryIds": ["w-household"],
      "similarProducts": []
    },
    {
      "id": "w-19033-9310049705639",
      "name": "Multix Greener 60% Plant Based Kitchen Tidy Garbage Bags L",
      "brand": "Multix",
      "imageUrls": "https://cdn0.woolworths.media/content/wowproductimages/large/019033.jpg",
      "storeId": "woolworths",
      "packageSize": "20 pack",
      "cupPrice": "$0.20 / 1EA",
      "locations": {
        "ALL": {
          "price": 4,
          "discountRate": 11,
          "promo": "",
          "orgPrice": 4.5
        }
      },
      "categoryIds": ["w-household"],
      "similarProducts": []
    },
    {
      "id": "w-866360-9310049705622",
      "name": "Multix Greener 60% Plant Based Kitchen Tidy Garbage Bags M",
      "brand": "Multix",
      "imageUrls": "https://cdn0.woolworths.media/content/wowproductimages/large/866360.jpg",
      "storeId": "woolworths",
      "packageSize": "25 pack",
      "cupPrice": "$0.16 / 1EA",
      "locations": {
        "ALL": {
          "price": 4,
          "discountRate": 11,
          "promo": "",
          "orgPrice": 4.5
        }
      },
      "categoryIds": ["w-household"],
      "similarProducts": []
    },
    {
      "id": "w-19613-9310049705615",
      "name": "Multix Greener 60% Plant Based Kitchen Tidy Garbage Bags S",
      "brand": "Multix",
      "imageUrls": "https://cdn0.woolworths.media/content/wowproductimages/large/019613.jpg",
      "storeId": "woolworths",
      "packageSize": "30 pack",
      "cupPrice": "$0.13 / 1EA",
      "locations": {
        "ALL": {
          "price": 4,
          "discountRate": 11,
          "promo": "",
          "orgPrice": 4.5
        }
      },
      "categoryIds": ["w-household"],
      "similarProducts": []
    },
    {
      "id": "w-360701-9310049701068",
      "name": "Multix Kitchen Tidy Bags Large Colour Scents Rose",
      "brand": "Multix",
      "imageUrls": "https://cdn0.woolworths.media/content/wowproductimages/large/360701.jpg",
      "storeId": "woolworths",
      "packageSize": "60 pack",
      "cupPrice": "$0.10 / 1EA",
      "locations": {
        "ALL": {
          "price": 6.2,
          "discountRate": 9,
          "promo": "",
          "orgPrice": 6.8
        }
      },
      "categoryIds": ["w-household"],
      "similarProducts": []
    },
    {
      "id": "w-80049-9416967919452",
      "name": "Neat Feat Spandex Gel Arch Cushion",
      "brand": "Neat Feat",
      "imageUrls": "https://cdn0.woolworths.media/content/wowproductimages/large/080049.jpg",
      "storeId": "woolworths",
      "packageSize": "each",
      "cupPrice": "$14.70 / 1EA",
      "locations": {
        "ALL": {
          "price": 14.7,
          "discountRate": 30,
          "promo": "",
          "orgPrice": 21
        }
      },
      "categoryIds": ["w-household"],
      "similarProducts": []
    },
    {
      "id": "w-81607-9416967919544",
      "name": "Neat Feat Spandex Gel Metatarsal Cushion",
      "brand": "Neat Feat",
      "imageUrls": "https://cdn0.woolworths.media/content/wowproductimages/large/081607.jpg",
      "storeId": "woolworths",
      "packageSize": "each",
      "cupPrice": "$14.70 / 1EA",
      "locations": {
        "ALL": {
          "price": 14.7,
          "discountRate": 30,
          "promo": "",
          "orgPrice": 21
        }
      },
      "categoryIds": ["w-household"],
      "similarProducts": []
    },
    {
      "id": "w-78141-9337198002143",
      "name": "Oakwood Hydrating Leather Conditioner",
      "brand": "Oakwood",
      "imageUrls": "https://cdn0.woolworths.media/content/wowproductimages/large/078141.jpg",
      "storeId": "woolworths",
      "packageSize": "75ml",
      "cupPrice": "$8.53 / 100ML",
      "locations": {
        "ALL": {
          "price": 6.4,
          "discountRate": 20,
          "promo": "",
          "orgPrice": 8
        }
      },
      "categoryIds": ["w-household"],
      "similarProducts": []
    },
    {
      "id": "w-81625-9337198002013",
      "name": "Oakwood Renovating Shoe Polish",
      "brand": "Oakwood",
      "imageUrls": "https://cdn0.woolworths.media/content/wowproductimages/large/081625.jpg",
      "storeId": "woolworths",
      "packageSize": "65g",
      "cupPrice": "$7.38 / 100G",
      "locations": {
        "ALL": {
          "price": 4.8,
          "discountRate": 20,
          "promo": "",
          "orgPrice": 6
        }
      },
      "categoryIds": ["w-household"],
      "similarProducts": []
    },
    {
      "id": "w-26240-9310124715119",
      "name": "Oates All Purpose Cloth",
      "brand": "Oates",
      "imageUrls": "https://cdn0.woolworths.media/content/wowproductimages/large/026240.jpg",
      "storeId": "woolworths",
      "packageSize": "2 pack",
      "cupPrice": "$0.75 / 1EA",
      "locations": {
        "ALL": {
          "price": 1.5,
          "discountRate": 50,
          "promo": "",
          "orgPrice": 3
        }
      },
      "categoryIds": ["w-household"],
      "similarProducts": []
    },
    {
      "id": "w-430650-9300830033959",
      "name": "Omo Active Clean Laundry Detergent Washing Powder",
      "brand": "Omo",
      "imageUrls": "https://cdn0.woolworths.media/content/wowproductimages/large/430650.jpg",
      "storeId": "woolworths",
      "packageSize": "2kg",
      "cupPrice": "$5.50 / 1KG",
      "locations": {
        "ALL": {
          "price": 11,
          "discountRate": 50,
          "promo": "",
          "orgPrice": 22
        }
      },
      "categoryIds": ["w-household"],
      "similarProducts": []
    },
    {
      "id": "w-468551-9300830037070",
      "name": "Omo Active Clean Laundry Liquid Detergent Front & Top Loader",
      "brand": "Omo",
      "imageUrls": "https://cdn0.woolworths.media/content/wowproductimages/large/468551.jpg",
      "storeId": "woolworths",
      "packageSize": "2l",
      "cupPrice": "$5.50 / 1L",
      "locations": {
        "ALL": {
          "price": 11,
          "discountRate": 50,
          "promo": "",
          "orgPrice": 22
        }
      },
      "categoryIds": ["w-household"],
      "similarProducts": []
    },
    {
      "id": "w-87440-9300830059300",
      "name": "Omo Expert Odour Eliminator",
      "brand": "Omo",
      "imageUrls": "https://cdn0.woolworths.media/content/wowproductimages/large/087440.jpg",
      "storeId": "woolworths",
      "packageSize": "1.8l",
      "cupPrice": "$8.89 / 1L",
      "locations": {
        "ALL": {
          "price": 16,
          "discountRate": 27,
          "promo": "",
          "orgPrice": 22
        }
      },
      "categoryIds": ["w-household"],
      "similarProducts": []
    },
    {
      "id": "w-468552-9300830037179",
      "name": "Omo Sensitive Laundry Detergent Liquid Front & Top Loader",
      "brand": "Omo",
      "imageUrls": "https://cdn0.woolworths.media/content/wowproductimages/large/468552.jpg",
      "storeId": "woolworths",
      "packageSize": "2l",
      "cupPrice": "$5.50 / 1L",
      "locations": {
        "ALL": {
          "price": 11,
          "discountRate": 50,
          "promo": "",
          "orgPrice": 22
        }
      },
      "categoryIds": ["w-household"],
      "similarProducts": []
    },
    {
      "id": "w-471182-9300830034017",
      "name": "Omo Sensitive Laundry Detergent Powder Front & Top Loader",
      "brand": "Omo",
      "imageUrls": "https://cdn0.woolworths.media/content/wowproductimages/large/471182.jpg",
      "storeId": "woolworths",
      "packageSize": "2kg",
      "cupPrice": "$5.50 / 1KG",
      "locations": {
        "ALL": {
          "price": 11,
          "discountRate": 50,
          "promo": "",
          "orgPrice": 22
        }
      },
      "categoryIds": ["w-household"],
      "similarProducts": []
    },
    {
      "id": "w-659939-9300830041596",
      "name": "Omo Touch Of Comfort Laundry Liquid",
      "brand": "Omo",
      "imageUrls": "https://cdn0.woolworths.media/content/wowproductimages/large/659939.jpg",
      "storeId": "woolworths",
      "packageSize": "2l",
      "cupPrice": "$5.50 / 1L",
      "locations": {
        "ALL": {
          "price": 11,
          "discountRate": 50,
          "promo": "",
          "orgPrice": 22
        }
      },
      "categoryIds": ["w-household"],
      "similarProducts": []
    },
    {
      "id": "w-466068-8934868118800",
      "name": "Omo Ultimate Laundry Liquid Detergent Front & Top Loader",
      "brand": "Omo",
      "imageUrls": "https://cdn0.woolworths.media/content/wowproductimages/large/466068.jpg",
      "storeId": "woolworths",
      "packageSize": "1.8l",
      "cupPrice": "$8.89 / 1L",
      "locations": {
        "ALL": {
          "price": 16,
          "discountRate": 27,
          "promo": "",
          "orgPrice": 22
        }
      },
      "categoryIds": ["w-household"],
      "similarProducts": []
    },
    {
      "id": "w-867137-9300830051960",
      "name": "Omo Ultimate Laundry Powder",
      "brand": "Omo",
      "imageUrls": "https://cdn0.woolworths.media/content/wowproductimages/large/867137.jpg",
      "storeId": "woolworths",
      "packageSize": "1.8kg",
      "cupPrice": "$8.89 / 1KG",
      "locations": {
        "ALL": {
          "price": 16,
          "discountRate": 27,
          "promo": "",
          "orgPrice": 22
        }
      },
      "categoryIds": ["w-household"],
      "similarProducts": []
    },
    {
      "id": "w-175915-803678000095",
      "name": "Ozkleen Floor Carpet Cleaner Lavender",
      "brand": "Ozkleen",
      "imageUrls": "https://cdn0.woolworths.media/content/wowproductimages/large/175915.jpg",
      "storeId": "woolworths",
      "packageSize": "500ml",
      "cupPrice": "$0.71 / 100ML",
      "locations": {
        "ALL": {
          "price": 3.55,
          "discountRate": 50,
          "promo": "",
          "orgPrice": 7.15
        }
      },
      "categoryIds": ["w-household"],
      "similarProducts": []
    },
    {
      "id": "w-322104-803678000651",
      "name": "Ozkleen Oven Cleaner Power Kit",
      "brand": "Ozkleen",
      "imageUrls": "https://cdn0.woolworths.media/content/wowproductimages/large/322104.jpg",
      "storeId": "woolworths",
      "packageSize": "each",
      "cupPrice": "$4.35 / 1EA",
      "locations": {
        "ALL": {
          "price": 4.35,
          "discountRate": 50,
          "promo": "",
          "orgPrice": 8.7
        }
      },
      "categoryIds": ["w-household"],
      "similarProducts": []
    },
    {
      "id": "w-57247-9319824100010",
      "name": "Ozkleen Shower Power Squeeze Pack",
      "brand": "Ozkleen",
      "imageUrls": "https://cdn0.woolworths.media/content/wowproductimages/large/057247.jpg",
      "storeId": "woolworths",
      "packageSize": "750ml",
      "cupPrice": "$0.45 / 100ML",
      "locations": {
        "ALL": {
          "price": 3.4,
          "discountRate": 50,
          "promo": "",
          "orgPrice": 6.8
        }
      },
      "categoryIds": ["w-household"],
      "similarProducts": []
    },
    {
      "id": "w-112775-9319824100133",
      "name": "Ozkleen Shower Power Trigger",
      "brand": "Ozkleen",
      "imageUrls": "https://cdn0.woolworths.media/content/wowproductimages/large/112775.jpg",
      "storeId": "woolworths",
      "packageSize": "500ml",
      "cupPrice": "$0.68 / 100ML",
      "locations": {
        "ALL": {
          "price": 3.4,
          "discountRate": 50,
          "promo": "",
          "orgPrice": 6.85
        }
      },
      "categoryIds": ["w-household"],
      "similarProducts": []
    },
    {
      "id": "w-373321-9300632075508",
      "name": "Palmolive Antibacterial Concentrate Dishwashing Liquid Lemon",
      "brand": "Palmolive",
      "imageUrls": "https://cdn0.woolworths.media/content/wowproductimages/large/373321.jpg",
      "storeId": "woolworths",
      "packageSize": "750ml",
      "cupPrice": "$0.60 / 100ML",
      "locations": {
        "ALL": {
          "price": 4.5,
          "discountRate": 18,
          "promo": "",
          "orgPrice": 5.5
        }
      },
      "categoryIds": ["w-household"],
      "similarProducts": []
    },
    {
      "id": "w-769358-9300632082896",
      "name": "Palmolive Divine Blends Vanilla & Berries Dishwashing Liquid",
      "brand": "Palmolive",
      "imageUrls": "https://cdn0.woolworths.media/content/wowproductimages/large/769358.jpg",
      "storeId": "woolworths",
      "packageSize": "700ml",
      "cupPrice": "$0.64 / 100ML",
      "locations": {
        "ALL": {
          "price": 4.5,
          "discountRate": 18,
          "promo": "",
          "orgPrice": 5.5
        }
      },
      "categoryIds": ["w-household"],
      "similarProducts": []
    },
    {
      "id": "w-373329-9300632075461",
      "name": "Palmolive Gentle Care Hypoallergenic Dishwashing Liquid",
      "brand": "Palmolive",
      "imageUrls": "https://cdn0.woolworths.media/content/wowproductimages/large/373329.jpg",
      "storeId": "woolworths",
      "packageSize": "750ml",
      "cupPrice": "$0.60 / 100ML",
      "locations": {
        "ALL": {
          "price": 4.5,
          "discountRate": 18,
          "promo": "",
          "orgPrice": 5.5
        }
      },
      "categoryIds": ["w-household"],
      "similarProducts": []
    },
    {
      "id": "w-373344-9300632075492",
      "name": "Palmolive Ultra Strength Concentrate Dishwashing Liquid Original",
      "brand": "Palmolive",
      "imageUrls": "https://cdn0.woolworths.media/content/wowproductimages/large/373344.jpg",
      "storeId": "woolworths",
      "packageSize": "750ml",
      "cupPrice": "$0.60 / 100ML",
      "locations": {
        "ALL": {
          "price": 4.5,
          "discountRate": 18,
          "promo": "",
          "orgPrice": 5.5
        }
      },
      "categoryIds": ["w-household"],
      "similarProducts": []
    },
    {
      "id": "w-330476-41540066040",
      "name": "Papermate Correction Tape Grip",
      "brand": "Papermate",
      "imageUrls": "https://cdn0.woolworths.media/content/wowproductimages/large/330476.jpg",
      "storeId": "woolworths",
      "packageSize": "each",
      "cupPrice": "$0.00 / 0",
      "locations": {
        "ALL": {
          "price": 2.75,
          "discountRate": 50,
          "promo": "",
          "orgPrice": 5.5
        }
      },
      "categoryIds": ["w-household"],
      "similarProducts": []
    },
    {
      "id": "w-716165-4895151401860",
      "name": "Papermate Inkjoy 100 Pen Assorted",
      "brand": "Papermate",
      "imageUrls": "https://cdn0.woolworths.media/content/wowproductimages/large/716165.jpg",
      "storeId": "woolworths",
      "packageSize": "10 pack",
      "cupPrice": "$0.00 / 0",
      "locations": {
        "ALL": {
          "price": 2.5,
          "discountRate": 50,
          "promo": "",
          "orgPrice": 5
        }
      },
      "categoryIds": ["w-household"],
      "similarProducts": []
    },
    {
      "id": "w-753882-4895151401853",
      "name": "Papermate Inkjoy 100 Pen Fashion",
      "brand": "Papermate",
      "imageUrls": "https://cdn0.woolworths.media/content/wowproductimages/large/753882.jpg",
      "storeId": "woolworths",
      "packageSize": "10 pack",
      "cupPrice": "$0.00 / 0",
      "locations": {
        "ALL": {
          "price": 2.5,
          "discountRate": 50,
          "promo": "",
          "orgPrice": 5
        }
      },
      "categoryIds": ["w-household"],
      "similarProducts": []
    },
    {
      "id": "w-767571-4895151401846",
      "name": "Papermate Inkjoy Pen 100 Black",
      "brand": "Papermate",
      "imageUrls": "https://cdn0.woolworths.media/content/wowproductimages/large/767571.jpg",
      "storeId": "woolworths",
      "packageSize": "10 pack",
      "cupPrice": "$0.00 / 0",
      "locations": {
        "ALL": {
          "price": 2.5,
          "discountRate": 50,
          "promo": "",
          "orgPrice": 5
        }
      },
      "categoryIds": ["w-household"],
      "similarProducts": []
    },
    {
      "id": "w-100718-9313139220005",
      "name": "Papermate Liquid Paper Pen",
      "brand": "Papermate",
      "imageUrls": "https://cdn0.woolworths.media/content/wowproductimages/large/100718.jpg",
      "storeId": "woolworths",
      "packageSize": "2 pack",
      "cupPrice": "$0.00 / 0",
      "locations": {
        "ALL": {
          "price": 3.35,
          "discountRate": 50,
          "promo": "",
          "orgPrice": 6.75
        }
      },
      "categoryIds": ["w-household"],
      "similarProducts": []
    },
    {
      "id": "w-333435-41540894681",
      "name": "Papermate Profile Pen Black",
      "brand": "Papermate",
      "imageUrls": "https://cdn0.woolworths.media/content/wowproductimages/large/333435.jpg",
      "storeId": "woolworths",
      "packageSize": "2 pack",
      "cupPrice": "$1.30 / 1EA",
      "locations": {
        "ALL": {
          "price": 2.6,
          "discountRate": 50,
          "promo": "",
          "orgPrice": 5.2
        }
      },
      "categoryIds": ["w-household"],
      "similarProducts": []
    },
    {
      "id": "w-283098-41540894698",
      "name": "Papermate Profile Pen Blue",
      "brand": "Papermate",
      "imageUrls": "https://cdn0.woolworths.media/content/wowproductimages/large/283098.jpg",
      "storeId": "woolworths",
      "packageSize": "2 pack",
      "cupPrice": "$1.30 / 1EA",
      "locations": {
        "ALL": {
          "price": 2.6,
          "discountRate": 50,
          "promo": "",
          "orgPrice": 5.2
        }
      },
      "categoryIds": ["w-household"],
      "similarProducts": []
    },
    {
      "id": "w-63978-3026980968731",
      "name": "Parker Jotter Ball Point Pen Black",
      "brand": "Parker",
      "imageUrls": "https://cdn0.woolworths.media/content/wowproductimages/large/063978.jpg",
      "storeId": "woolworths",
      "packageSize": "each",
      "cupPrice": "$0.00 / 0",
      "locations": {
        "ALL": {
          "price": 14.4,
          "discountRate": 20,
          "promo": "",
          "orgPrice": 18
        }
      },
      "categoryIds": ["w-household"],
      "similarProducts": []
    },
    {
      "id": "w-63987-3026980968748",
      "name": "Parker Jotter Ball Point Pen White",
      "brand": "Parker",
      "imageUrls": "https://cdn0.woolworths.media/content/wowproductimages/large/063987.jpg",
      "storeId": "woolworths",
      "packageSize": "each",
      "cupPrice": "$0.00 / 0",
      "locations": {
        "ALL": {
          "price": 14.4,
          "discountRate": 20,
          "promo": "",
          "orgPrice": 18
        }
      },
      "categoryIds": ["w-household"],
      "similarProducts": []
    },
    {
      "id": "w-871608-8718699670115",
      "name": "Philips Led 1055lm Cool Bc",
      "brand": "Philips",
      "imageUrls": "https://cdn0.woolworths.media/content/wowproductimages/large/871608.jpg",
      "storeId": "woolworths",
      "packageSize": "2 pack",
      "cupPrice": "$3.25 / 1EA",
      "locations": {
        "ALL": {
          "price": 6.5,
          "discountRate": 50,
          "promo": "",
          "orgPrice": 13
        }
      },
      "categoryIds": ["w-household"],
      "similarProducts": []
    },
    {
      "id": "w-871594-8718699670153",
      "name": "Philips Led 1055lm Cool Es",
      "brand": "Philips",
      "imageUrls": "https://cdn0.woolworths.media/content/wowproductimages/large/871594.jpg",
      "storeId": "woolworths",
      "packageSize": "2 pack",
      "cupPrice": "$3.25 / 1EA",
      "locations": {
        "ALL": {
          "price": 6.5,
          "discountRate": 50,
          "promo": "",
          "orgPrice": 13
        }
      },
      "categoryIds": ["w-household"],
      "similarProducts": []
    },
    {
      "id": "w-871601-8718699670092",
      "name": "Philips Led 1055lm Warm Bc",
      "brand": "Philips",
      "imageUrls": "https://cdn0.woolworths.media/content/wowproductimages/large/871601.jpg",
      "storeId": "woolworths",
      "packageSize": "2 pack",
      "cupPrice": "$3.25 / 1EA",
      "locations": {
        "ALL": {
          "price": 6.5,
          "discountRate": 50,
          "promo": "",
          "orgPrice": 13
        }
      },
      "categoryIds": ["w-household"],
      "similarProducts": []
    },
    {
      "id": "w-871600-8718699670139",
      "name": "Philips Led 1055lm Warm Es",
      "brand": "Philips",
      "imageUrls": "https://cdn0.woolworths.media/content/wowproductimages/large/871600.jpg",
      "storeId": "woolworths",
      "packageSize": "2 pack",
      "cupPrice": "$3.25 / 1EA",
      "locations": {
        "ALL": {
          "price": 6.5,
          "discountRate": 50,
          "promo": "",
          "orgPrice": 13
        }
      },
      "categoryIds": ["w-household"],
      "similarProducts": []
    },
    {
      "id": "w-871596-8718699670191",
      "name": "Philips Led 1400lm Cool Bc",
      "brand": "Philips",
      "imageUrls": "https://cdn0.woolworths.media/content/wowproductimages/large/871596.jpg",
      "storeId": "woolworths",
      "packageSize": "2 pack",
      "cupPrice": "$3.75 / 1EA",
      "locations": {
        "ALL": {
          "price": 7.5,
          "discountRate": 50,
          "promo": "",
          "orgPrice": 15
        }
      },
      "categoryIds": ["w-household"],
      "similarProducts": []
    },
    {
      "id": "w-871612-8718699670238",
      "name": "Philips Led 1400lm Cool Es",
      "brand": "Philips",
      "imageUrls": "https://cdn0.woolworths.media/content/wowproductimages/large/871612.jpg",
      "storeId": "woolworths",
      "packageSize": "2 pack",
      "cupPrice": "$3.75 / 1EA",
      "locations": {
        "ALL": {
          "price": 7.5,
          "discountRate": 50,
          "promo": "",
          "orgPrice": 15
        }
      },
      "categoryIds": ["w-household"],
      "similarProducts": []
    },
    {
      "id": "w-871611-8718699670177",
      "name": "Philips Led 1400lm Warm Bc",
      "brand": "Philips",
      "imageUrls": "https://cdn0.woolworths.media/content/wowproductimages/large/871611.jpg",
      "storeId": "woolworths",
      "packageSize": "2 pack",
      "cupPrice": "$3.75 / 1EA",
      "locations": {
        "ALL": {
          "price": 7.5,
          "discountRate": 50,
          "promo": "",
          "orgPrice": 15
        }
      },
      "categoryIds": ["w-household"],
      "similarProducts": []
    },
    {
      "id": "w-871609-8718699670214",
      "name": "Philips Led 1400lm Warm Es",
      "brand": "Philips",
      "imageUrls": "https://cdn0.woolworths.media/content/wowproductimages/large/871609.jpg",
      "storeId": "woolworths",
      "packageSize": "2 pack",
      "cupPrice": "$3.75 / 1EA",
      "locations": {
        "ALL": {
          "price": 7.5,
          "discountRate": 50,
          "promo": "",
          "orgPrice": 15
        }
      },
      "categoryIds": ["w-household"],
      "similarProducts": []
    },
    {
      "id": "w-871582-8718699669959",
      "name": "Philips Led 470lm Cool Bc",
      "brand": "Philips",
      "imageUrls": "https://cdn0.woolworths.media/content/wowproductimages/large/871582.jpg",
      "storeId": "woolworths",
      "packageSize": "2 pack",
      "cupPrice": "$3.25 / 1EA",
      "locations": {
        "ALL": {
          "price": 6.5,
          "discountRate": 50,
          "promo": "",
          "orgPrice": 13
        }
      },
      "categoryIds": ["w-household"],
      "similarProducts": []
    },
    {
      "id": "w-871590-8718699669997",
      "name": "Philips Led 470lm Cool Es",
      "brand": "Philips",
      "imageUrls": "https://cdn0.woolworths.media/content/wowproductimages/large/871590.jpg",
      "storeId": "woolworths",
      "packageSize": "2 pack",
      "cupPrice": "$3.25 / 1EA",
      "locations": {
        "ALL": {
          "price": 6.5,
          "discountRate": 50,
          "promo": "",
          "orgPrice": 13
        }
      },
      "categoryIds": ["w-household"],
      "similarProducts": []
    },
    {
      "id": "w-871580-8718699669935",
      "name": "Philips Led 470lm Warm Bc",
      "brand": "Philips",
      "imageUrls": "https://cdn0.woolworths.media/content/wowproductimages/large/871580.jpg",
      "storeId": "woolworths",
      "packageSize": "2 pack",
      "cupPrice": "$3.25 / 1EA",
      "locations": {
        "ALL": {
          "price": 6.5,
          "discountRate": 50,
          "promo": "",
          "orgPrice": 13
        }
      },
      "categoryIds": ["w-household"],
      "similarProducts": []
    },
    {
      "id": "w-871588-8718699670030",
      "name": "Philips Led 806lm Cool Bc",
      "brand": "Philips",
      "imageUrls": "https://cdn0.woolworths.media/content/wowproductimages/large/871588.jpg",
      "storeId": "woolworths",
      "packageSize": "2 pack",
      "cupPrice": "$3.25 / 1EA",
      "locations": {
        "ALL": {
          "price": 6.5,
          "discountRate": 50,
          "promo": "",
          "orgPrice": 13
        }
      },
      "categoryIds": ["w-household"],
      "similarProducts": []
    },
    {
      "id": "w-871593-8718699670078",
      "name": "Philips Led 806lm Cool Es",
      "brand": "Philips",
      "imageUrls": "https://cdn0.woolworths.media/content/wowproductimages/large/871593.jpg",
      "storeId": "woolworths",
      "packageSize": "2 pack",
      "cupPrice": "$3.25 / 1EA",
      "locations": {
        "ALL": {
          "price": 6.5,
          "discountRate": 50,
          "promo": "",
          "orgPrice": 13
        }
      },
      "categoryIds": ["w-household"],
      "similarProducts": []
    },
    {
      "id": "w-871592-8718699670016",
      "name": "Philips Led 806lm Warm Bc",
      "brand": "Philips",
      "imageUrls": "https://cdn0.woolworths.media/content/wowproductimages/large/871592.jpg",
      "storeId": "woolworths",
      "packageSize": "2 pack",
      "cupPrice": "$3.25 / 1EA",
      "locations": {
        "ALL": {
          "price": 6.5,
          "discountRate": 50,
          "promo": "",
          "orgPrice": 13
        }
      },
      "categoryIds": ["w-household"],
      "similarProducts": []
    },
    {
      "id": "w-871591-8718699670054",
      "name": "Philips Led 806lm Warm Es",
      "brand": "Philips",
      "imageUrls": "https://cdn0.woolworths.media/content/wowproductimages/large/871591.jpg",
      "storeId": "woolworths",
      "packageSize": "2 pack",
      "cupPrice": "$3.25 / 1EA",
      "locations": {
        "ALL": {
          "price": 6.5,
          "discountRate": 50,
          "promo": "",
          "orgPrice": 13
        }
      },
      "categoryIds": ["w-household"],
      "similarProducts": []
    },
    {
      "id": "w-572055-8718696681756",
      "name": "Philips Led Gu10 Cool",
      "brand": "Philips",
      "imageUrls": "https://cdn0.woolworths.media/content/wowproductimages/large/572055.jpg",
      "storeId": "woolworths",
      "packageSize": "4 pack",
      "cupPrice": "$4.00 / 1EA",
      "locations": {
        "ALL": {
          "price": 16,
          "discountRate": 50,
          "promo": "",
          "orgPrice": 32
        }
      },
      "categoryIds": ["w-household"],
      "similarProducts": []
    },
    {
      "id": "w-217630-9300622003184",
      "name": "Pledge Grab It Duster Grab It Duster",
      "brand": "Pledge",
      "imageUrls": "https://cdn0.woolworths.media/content/wowproductimages/large/217630.jpg",
      "storeId": "woolworths",
      "packageSize": "each",
      "cupPrice": "$0.00 / 0",
      "locations": {
        "ALL": {
          "price": 7.5,
          "discountRate": 21,
          "promo": "",
          "orgPrice": 9.5
        }
      },
      "categoryIds": ["w-household"],
      "similarProducts": []
    },
    {
      "id": "w-814536-9311352027524",
      "name": "Propert Digital Kitchen Scale 3kg Round Glass Top",
      "brand": "Propert",
      "imageUrls": "https://cdn0.woolworths.media/content/wowproductimages/large/814536.jpg",
      "storeId": "woolworths",
      "packageSize": "each",
      "cupPrice": "$0.00 / 0",
      "locations": {
        "ALL": {
          "price": 16,
          "discountRate": 20,
          "promo": "",
          "orgPrice": 20
        }
      },
      "categoryIds": ["w-household"],
      "similarProducts": []
    },
    {
      "id": "w-88869-9310692911029",
      "name": "Purity Sensitive Fabric Softener",
      "brand": "Purity",
      "imageUrls": "https://cdn0.woolworths.media/content/wowproductimages/large/088869.jpg",
      "storeId": "woolworths",
      "packageSize": "2l",
      "cupPrice": "$2.40 / 1L",
      "locations": {
        "ALL": {
          "price": 4.8,
          "discountRate": 20,
          "promo": "",
          "orgPrice": 6
        }
      },
      "categoryIds": ["w-household"],
      "similarProducts": []
    },
    {
      "id": "w-318338-9311505805511",
      "name": "Quilton Facial Tissue White 3ply 55ss White 3ply",
      "brand": "Quilton",
      "imageUrls": "https://cdn0.woolworths.media/content/wowproductimages/large/318338.jpg",
      "storeId": "woolworths",
      "packageSize": "each",
      "cupPrice": "$3.27 / 100SS",
      "locations": {
        "ALL": {
          "price": 1.8,
          "discountRate": 10,
          "promo": "",
          "orgPrice": 2
        }
      },
      "categoryIds": ["w-household"],
      "similarProducts": []
    },
    {
      "id": "w-579597-9311505864112",
      "name": "Quilton Toilet Paper Shea Butter",
      "brand": "Quilton",
      "imageUrls": "https://cdn0.woolworths.media/content/wowproductimages/large/579597.jpg",
      "storeId": "woolworths",
      "packageSize": "6 pack",
      "cupPrice": "$0.48 / 100SS",
      "locations": {
        "ALL": { "price": 4, "discountRate": 20, "promo": "", "orgPrice": 5 }
      },
      "categoryIds": ["w-household"],
      "similarProducts": []
    },
    {
      "id": "w-574519-9351257083218",
      "name": "Razzamatazz 15d Ladder Resist Natural Average",
      "brand": "Razzamatazz",
      "imageUrls": "https://cdn0.woolworths.media/content/wowproductimages/large/574519.jpg",
      "storeId": "woolworths",
      "packageSize": "each",
      "cupPrice": "$0.00 / 0",
      "locations": {
        "ALL": { "price": 3, "discountRate": 50, "promo": "", "orgPrice": 6 }
      },
      "categoryIds": ["w-household"],
      "similarProducts": []
    },
    {
      "id": "w-318975-9313022893712",
      "name": "Razzamatazz Body Contour Pantyhose Opaque Tights 70 Denier",
      "brand": "Razzamatazz",
      "imageUrls": "https://cdn0.woolworths.media/content/wowproductimages/large/318975.jpg",
      "storeId": "woolworths",
      "packageSize": "each",
      "cupPrice": "$0.00 / 0",
      "locations": {
        "ALL": { "price": 6, "discountRate": 50, "promo": "", "orgPrice": 12 }
      },
      "categoryIds": ["w-household"],
      "similarProducts": []
    },
    {
      "id": "w-318976-9313022893729",
      "name": "Razzamatazz Body Contour Pantyhose Opaque Tights 70d Tall-x-tall",
      "brand": "Razzamatazz",
      "imageUrls": "https://cdn0.woolworths.media/content/wowproductimages/large/318976.jpg",
      "storeId": "woolworths",
      "packageSize": "each",
      "cupPrice": "$0.00 / 0",
      "locations": {
        "ALL": { "price": 6, "discountRate": 50, "promo": "", "orgPrice": 12 }
      },
      "categoryIds": ["w-household"],
      "similarProducts": []
    },
    {
      "id": "w-6617-9313022893026",
      "name": "Razzamatazz Body Magic Pantyhose Control Soft Tan Medium",
      "brand": "Razzamatazz",
      "imageUrls": "https://cdn0.woolworths.media/content/wowproductimages/large/006617.jpg",
      "storeId": "woolworths",
      "packageSize": "each",
      "cupPrice": "$0.00 / 0",
      "locations": {
        "ALL": { "price": 4, "discountRate": 50, "promo": "", "orgPrice": 8 }
      },
      "categoryIds": ["w-household"],
      "similarProducts": []
    },
    {
      "id": "w-6618-9313022893033",
      "name": "Razzamatazz Body Magic Pantyhose Control Soft Tan Tall",
      "brand": "Razzamatazz",
      "imageUrls": "https://cdn0.woolworths.media/content/wowproductimages/large/006618.jpg",
      "storeId": "woolworths",
      "packageSize": "each",
      "cupPrice": "$0.00 / 0",
      "locations": {
        "ALL": { "price": 4, "discountRate": 50, "promo": "", "orgPrice": 8 }
      },
      "categoryIds": ["w-household"],
      "similarProducts": []
    },
    {
      "id": "w-56049-9354009784470",
      "name": "Razzamatazz Footlet Assorted 3 To 8",
      "brand": "Razzamatazz",
      "imageUrls": "https://cdn0.woolworths.media/content/wowproductimages/large/056049.jpg",
      "storeId": "woolworths",
      "packageSize": "3 pack",
      "cupPrice": "$0.00 / 0",
      "locations": {
        "ALL": { "price": 4, "discountRate": 50, "promo": "", "orgPrice": 8 }
      },
      "categoryIds": ["w-household"],
      "similarProducts": []
    },
    {
      "id": "w-56036-9354009784487",
      "name": "Razzamatazz Footlet Ast 3pk 8 To 11",
      "brand": "Razzamatazz",
      "imageUrls": "https://cdn0.woolworths.media/content/wowproductimages/large/056036.jpg",
      "storeId": "woolworths",
      "packageSize": "3 pack",
      "cupPrice": "$0.00 / 0",
      "locations": {
        "ALL": { "price": 4, "discountRate": 50, "promo": "", "orgPrice": 8 }
      },
      "categoryIds": ["w-household"],
      "similarProducts": []
    },
    {
      "id": "w-32443-9352762554620",
      "name": "Razzamatazz Knee Hi Black One Size",
      "brand": "Razzamatazz",
      "imageUrls": "https://cdn0.woolworths.media/content/wowproductimages/large/032443.jpg",
      "storeId": "woolworths",
      "packageSize": "2 pack",
      "cupPrice": "$0.00 / 0",
      "locations": {
        "ALL": { "price": 2, "discountRate": 50, "promo": "", "orgPrice": 4 }
      },
      "categoryIds": ["w-household"],
      "similarProducts": []
    },
    {
      "id": "w-178511-9310259288441",
      "name": "Razzamatazz Knee Hi Pairs And Spares Beige",
      "brand": "Razzamatazz",
      "imageUrls": "https://cdn0.woolworths.media/content/wowproductimages/large/178511.jpg",
      "storeId": "woolworths",
      "packageSize": "4pk",
      "cupPrice": "$0.00 / 0",
      "locations": {
        "ALL": { "price": 3, "discountRate": 50, "promo": "", "orgPrice": 6 }
      },
      "categoryIds": ["w-household"],
      "similarProducts": []
    },
    {
      "id": "w-2577-9313022892227",
      "name": "Razzamatazz Knee Hi Sheer Soft Tan",
      "brand": "Razzamatazz",
      "imageUrls": "https://cdn0.woolworths.media/content/wowproductimages/large/002577.jpg",
      "storeId": "woolworths",
      "packageSize": "2 pack",
      "cupPrice": "$0.00 / 0",
      "locations": {
        "ALL": { "price": 3, "discountRate": 50, "promo": "", "orgPrice": 6 }
      },
      "categoryIds": ["w-household"],
      "similarProducts": []
    },
    {
      "id": "w-32354-9352762554637",
      "name": "Razzamatazz Knee Hi Pantyhose Natural One Size",
      "brand": "Razzamatazz",
      "imageUrls": "https://cdn0.woolworths.media/content/wowproductimages/large/032354.jpg",
      "storeId": "woolworths",
      "packageSize": "2 pack",
      "cupPrice": "$0.00 / 0",
      "locations": {
        "ALL": { "price": 2, "discountRate": 50, "promo": "", "orgPrice": 4 }
      },
      "categoryIds": ["w-household"],
      "similarProducts": []
    },
    {
      "id": "w-32350-9313022892081",
      "name": "Razzamatazz Knee Hi Pantyhose Tan One Size",
      "brand": "Razzamatazz",
      "imageUrls": "https://cdn0.woolworths.media/content/wowproductimages/large/032350.jpg",
      "storeId": "woolworths",
      "packageSize": "2 pack",
      "cupPrice": "$0.00 / 0",
      "locations": {
        "ALL": { "price": 2, "discountRate": 50, "promo": "", "orgPrice": 4 }
      },
      "categoryIds": ["w-household"],
      "similarProducts": []
    },
    {
      "id": "w-574520-9351257083225",
      "name": "Razzamatazz Ladder Resist Natural Size Tall",
      "brand": "Razzamatazz",
      "imageUrls": "https://cdn0.woolworths.media/content/wowproductimages/large/574520.jpg",
      "storeId": "woolworths",
      "packageSize": "each",
      "cupPrice": "$0.00 / 0",
      "locations": {
        "ALL": { "price": 3, "discountRate": 50, "promo": "", "orgPrice": 6 }
      },
      "categoryIds": ["w-household"],
      "similarProducts": []
    },
    {
      "id": "w-574521-9351257083232",
      "name": "Razzamatazz Ladder Resist Natural Size Xtall",
      "brand": "Razzamatazz",
      "imageUrls": "https://cdn0.woolworths.media/content/wowproductimages/large/574521.jpg",
      "storeId": "woolworths",
      "packageSize": "each",
      "cupPrice": "$0.00 / 0",
      "locations": {
        "ALL": { "price": 3, "discountRate": 50, "promo": "", "orgPrice": 6 }
      },
      "categoryIds": ["w-household"],
      "similarProducts": []
    },
    {
      "id": "w-17860-9351950600965",
      "name": "Razzamatazz Luxe Anklet 1 Size Soft Black",
      "brand": "Razzamatazz",
      "imageUrls": "https://cdn0.woolworths.media/content/wowproductimages/large/017860.jpg",
      "storeId": "woolworths",
      "packageSize": "each",
      "cupPrice": "$0.00 / 0",
      "locations": {
        "ALL": { "price": 2, "discountRate": 50, "promo": "", "orgPrice": 4 }
      },
      "categoryIds": ["w-household"],
      "similarProducts": []
    },
    {
      "id": "w-17872-9351950600972",
      "name": "Razzamatazz Luxe Anklet Pxo Size 1",
      "brand": "Razzamatazz",
      "imageUrls": "https://cdn0.woolworths.media/content/wowproductimages/large/017872.jpg",
      "storeId": "woolworths",
      "packageSize": "each",
      "cupPrice": "$0.00 / 0",
      "locations": {
        "ALL": { "price": 2, "discountRate": 50, "promo": "", "orgPrice": 4 }
      },
      "categoryIds": ["w-household"],
      "similarProducts": []
    },
    {
      "id": "w-17886-9351950601009",
      "name": "Razzamatazz Luxe Knee Hi One Size Soft Black",
      "brand": "Razzamatazz",
      "imageUrls": "https://cdn0.woolworths.media/content/wowproductimages/large/017886.jpg",
      "storeId": "woolworths",
      "packageSize": "each",
      "cupPrice": "$0.00 / 0",
      "locations": {
        "ALL": {
          "price": 2.5,
          "discountRate": 50,
          "promo": "",
          "orgPrice": 5
        }
      },
      "categoryIds": ["w-household"],
      "similarProducts": []
    },
    {
      "id": "w-17909-9351950601016",
      "name": "Razzamatazz Luxe Knee Hi Pxo Size 1",
      "brand": "Razzamatazz",
      "imageUrls": "https://cdn0.woolworths.media/content/wowproductimages/large/017909.jpg",
      "storeId": "woolworths",
      "packageSize": "each",
      "cupPrice": "$0.00 / 0",
      "locations": {
        "ALL": {
          "price": 2.5,
          "discountRate": 50,
          "promo": "",
          "orgPrice": 5
        }
      },
      "categoryIds": ["w-household"],
      "similarProducts": []
    },
    {
      "id": "w-339809-9352762554705",
      "name": "Razzamatazz Pantyhose Control Brazen Medium",
      "brand": "Razzamatazz",
      "imageUrls": "https://cdn0.woolworths.media/content/wowproductimages/large/339809.jpg",
      "storeId": "woolworths",
      "packageSize": "2 pack",
      "cupPrice": "$0.00 / 0",
      "locations": {
        "ALL": { "price": 3, "discountRate": 50, "promo": "", "orgPrice": 6 }
      },
      "categoryIds": ["w-household"],
      "similarProducts": []
    },
    {
      "id": "w-339810-9352762554712",
      "name": "Razzamatazz Pantyhose Control Brazen Tall",
      "brand": "Razzamatazz",
      "imageUrls": "https://cdn0.woolworths.media/content/wowproductimages/large/339810.jpg",
      "storeId": "woolworths",
      "packageSize": "2 pack",
      "cupPrice": "$0.00 / 0",
      "locations": {
        "ALL": { "price": 3, "discountRate": 50, "promo": "", "orgPrice": 6 }
      },
      "categoryIds": ["w-household"],
      "similarProducts": []
    },
    {
      "id": "w-339811-9352762554729",
      "name": "Razzamatazz Pantyhose Control Brazen X-tall",
      "brand": "Razzamatazz",
      "imageUrls": "https://cdn0.woolworths.media/content/wowproductimages/large/339811.jpg",
      "storeId": "woolworths",
      "packageSize": "2 pack",
      "cupPrice": "$0.00 / 0",
      "locations": {
        "ALL": { "price": 3, "discountRate": 50, "promo": "", "orgPrice": 6 }
      },
      "categoryIds": ["w-household"],
      "similarProducts": []
    },
    {
      "id": "w-57533-9313022892098",
      "name": "Razzamatazz Sheer Anklet Black One Size",
      "brand": "Razzamatazz",
      "imageUrls": "https://cdn0.woolworths.media/content/wowproductimages/large/057533.jpg",
      "storeId": "woolworths",
      "packageSize": "2 pack",
      "cupPrice": "$0.00 / 0",
      "locations": {
        "ALL": {
          "price": 1.5,
          "discountRate": 50,
          "promo": "",
          "orgPrice": 3
        }
      },
      "categoryIds": ["w-household"],
      "similarProducts": []
    },
    {
      "id": "w-4649-9310259007134",
      "name": "Razzamatazz Sheer Relief Pantyhose Control Support Tan Extra Tall",
      "brand": "Razzamatazz",
      "imageUrls": "https://cdn0.woolworths.media/content/wowproductimages/large/004649.jpg",
      "storeId": "woolworths",
      "packageSize": "each",
      "cupPrice": "$0.00 / 0",
      "locations": {
        "ALL": { "price": 4, "discountRate": 50, "promo": "", "orgPrice": 8 }
      },
      "categoryIds": ["w-household"],
      "similarProducts": []
    },
    {
      "id": "w-167361-9310259298488",
      "name": "Razzamatazz Sheer Relief Socks Half Hi Support Navy Or Beige",
      "brand": "Razzamatazz",
      "imageUrls": "https://cdn0.woolworths.media/content/wowproductimages/large/167361.jpg",
      "storeId": "woolworths",
      "packageSize": "each",
      "cupPrice": "$0.00 / 0",
      "locations": {
        "ALL": { "price": 4, "discountRate": 50, "promo": "", "orgPrice": 8 }
      },
      "categoryIds": ["w-household"],
      "similarProducts": []
    },
    {
      "id": "w-100303-9352762554743",
      "name": "Razzamatazz Tan Anklet One Size",
      "brand": "Razzamatazz",
      "imageUrls": "https://cdn0.woolworths.media/content/wowproductimages/large/100303.jpg",
      "storeId": "woolworths",
      "packageSize": "2 pack",
      "cupPrice": "$0.00 / 0",
      "locations": {
        "ALL": {
          "price": 1.5,
          "discountRate": 50,
          "promo": "",
          "orgPrice": 3
        }
      },
      "categoryIds": ["w-household"],
      "similarProducts": []
    },
    {
      "id": "w-569283-9351257083126",
      "name": "Razzamatazz 40d Tight Ave/tall",
      "brand": "Razzamatazz",
      "imageUrls": "https://cdn0.woolworths.media/content/wowproductimages/large/569283.jpg",
      "storeId": "woolworths",
      "packageSize": "each",
      "cupPrice": "$0.00 / 0",
      "locations": {
        "ALL": { "price": 3, "discountRate": 50, "promo": "", "orgPrice": 6 }
      },
      "categoryIds": ["w-household"],
      "similarProducts": []
    },
    {
      "id": "w-569125-9351257083133",
      "name": "Razzamatazz 40d Tight Tall/xtall",
      "brand": "Razzamatazz",
      "imageUrls": "https://cdn0.woolworths.media/content/wowproductimages/large/569125.jpg",
      "storeId": "woolworths",
      "packageSize": "each",
      "cupPrice": "$0.00 / 0",
      "locations": {
        "ALL": { "price": 3, "discountRate": 50, "promo": "", "orgPrice": 6 }
      },
      "categoryIds": ["w-household"],
      "similarProducts": []
    },
    {
      "id": "w-40259-9310537108843",
      "name": "Redheads Expert Firestarters",
      "brand": "Redheads",
      "imageUrls": "https://cdn0.woolworths.media/content/wowproductimages/large/040259.jpg",
      "storeId": "woolworths",
      "packageSize": "10 pack",
      "cupPrice": "$0.13 / 1EA",
      "locations": {
        "ALL": {
          "price": 1.25,
          "discountRate": 50,
          "promo": "",
          "orgPrice": 2.5
        }
      },
      "categoryIds": ["w-household"],
      "similarProducts": []
    },
    {
      "id": "w-224437-9311995013519",
      "name": "Reflex 50% Recycled Paper A4 5x80gsm",
      "brand": "Reflex",
      "imageUrls": "https://cdn0.woolworths.media/content/wowproductimages/large/224437.jpg",
      "storeId": "woolworths",
      "packageSize": "5 pack",
      "cupPrice": "$0.00 / 0",
      "locations": {
        "ALL": {
          "price": 27.5,
          "discountRate": 21,
          "promo": "",
          "orgPrice": 35
        }
      },
      "categoryIds": ["w-household"],
      "similarProducts": []
    },
    {
      "id": "w-224606-9311995035665",
      "name": "Reflex 50% Recycled Paper A4 80gsm",
      "brand": "Reflex",
      "imageUrls": "https://cdn0.woolworths.media/content/wowproductimages/large/224606.jpg",
      "storeId": "woolworths",
      "packageSize": "each",
      "cupPrice": "$0.00 / 0",
      "locations": {
        "ALL": {
          "price": 5.5,
          "discountRate": 21,
          "promo": "",
          "orgPrice": 7
        }
      },
      "categoryIds": ["w-household"],
      "similarProducts": []
    },
    {
      "id": "w-166567-9311995002544",
      "name": "Reflex Photocopy Paper A4",
      "brand": "Reflex",
      "imageUrls": "https://cdn0.woolworths.media/content/wowproductimages/large/166567.jpg",
      "storeId": "woolworths",
      "packageSize": "5 pack",
      "cupPrice": "$0.00 / 0",
      "locations": {
        "ALL": {
          "price": 27.5,
          "discountRate": 21,
          "promo": "",
          "orgPrice": 34.95
        }
      },
      "categoryIds": ["w-household"],
      "similarProducts": []
    },
    {
      "id": "w-19100-9311995002018",
      "name": "Reflex Photocopy Paper A4 Ream",
      "brand": "Reflex",
      "imageUrls": "https://cdn0.woolworths.media/content/wowproductimages/large/019100.jpg",
      "storeId": "woolworths",
      "packageSize": "each",
      "cupPrice": "$0.00 / 0",
      "locations": {
        "ALL": {
          "price": 5.5,
          "discountRate": 21,
          "promo": "",
          "orgPrice": 7
        }
      },
      "categoryIds": ["w-household"],
      "similarProducts": []
    },
    {
      "id": "w-20069-9310345000100",
      "name": "Reva Pegs Plastic",
      "brand": "Reva",
      "imageUrls": "https://cdn0.woolworths.media/content/wowproductimages/large/020069.jpg",
      "storeId": "woolworths",
      "packageSize": "48 pack",
      "cupPrice": "$0.07 / 1EA",
      "locations": {
        "ALL": {
          "price": 3.25,
          "discountRate": 50,
          "promo": "",
          "orgPrice": 6.5
        }
      },
      "categoryIds": ["w-household"],
      "similarProducts": []
    },
    {
      "id": "w-93470-9311037421005",
      "name": "Rid Insect Repellent Medic Tropical Strength R/o",
      "brand": "Rid",
      "imageUrls": "https://cdn0.woolworths.media/content/wowproductimages/large/093470.jpg",
      "storeId": "woolworths",
      "packageSize": "100ml",
      "cupPrice": "$6.50 / 100ML",
      "locations": {
        "ALL": {
          "price": 6.5,
          "discountRate": 13,
          "promo": "",
          "orgPrice": 7.5
        }
      },
      "categoryIds": ["w-household"],
      "similarProducts": []
    },
    {
      "id": "w-702109-9310205330033",
      "name": "Sabco Flow Wash Brush",
      "brand": "Sabco",
      "imageUrls": "https://cdn0.woolworths.media/content/wowproductimages/large/702109.jpg",
      "storeId": "woolworths",
      "packageSize": "each",
      "cupPrice": "$12.00 / 1EA",
      "locations": {
        "ALL": {
          "price": 12,
          "discountRate": 40,
          "promo": "",
          "orgPrice": 20
        }
      },
      "categoryIds": ["w-household"],
      "similarProducts": []
    },
    {
      "id": "w-702191-9310205330163",
      "name": "Sabco Jet Pulse Washer",
      "brand": "Sabco",
      "imageUrls": "https://cdn0.woolworths.media/content/wowproductimages/large/702191.jpg",
      "storeId": "woolworths",
      "packageSize": "each",
      "cupPrice": "$0.00 / 0",
      "locations": {
        "ALL": {
          "price": 30,
          "discountRate": 40,
          "promo": "",
          "orgPrice": 50
        }
      },
      "categoryIds": ["w-household"],
      "similarProducts": []
    },
    {
      "id": "w-807450-9310205600013",
      "name": "Sabco Window Washer 35cm",
      "brand": "Sabco",
      "imageUrls": "https://cdn0.woolworths.media/content/wowproductimages/large/807450.jpg",
      "storeId": "woolworths",
      "packageSize": "each",
      "cupPrice": "$5.70 / 1EA",
      "locations": {
        "ALL": {
          "price": 5.7,
          "discountRate": 40,
          "promo": "",
          "orgPrice": 9.5
        }
      },
      "categoryIds": ["w-household"],
      "similarProducts": []
    },
    {
      "id": "w-774221-9420039506440",
      "name": "Samba Natural Bbq Fuel",
      "brand": "Samba",
      "imageUrls": "https://cdn0.woolworths.media/content/wowproductimages/large/774221.jpg",
      "storeId": "woolworths",
      "packageSize": "4kg",
      "cupPrice": "$0.13 / 100G",
      "locations": {
        "ALL": { "price": 5, "discountRate": 50, "promo": "", "orgPrice": 10 }
      },
      "categoryIds": ["w-household"],
      "similarProducts": []
    },
    {
      "id": "w-757615-5052197017724",
      "name": "Scholl Fresh Step Anti Perspirant Spray",
      "brand": "Scholl",
      "imageUrls": "https://cdn0.woolworths.media/content/wowproductimages/large/757615.jpg",
      "storeId": "woolworths",
      "packageSize": "96g",
      "cupPrice": "$7.29 / 100G",
      "locations": {
        "ALL": { "price": 7, "discountRate": 36, "promo": "", "orgPrice": 11 }
      },
      "categoryIds": ["w-household"],
      "similarProducts": []
    },
    {
      "id": "w-10994-9310063003483",
      "name": "Scotch-brite Handy Sponge",
      "brand": "Scotch-brite",
      "imageUrls": "https://cdn0.woolworths.media/content/wowproductimages/large/010994.jpg",
      "storeId": "woolworths",
      "packageSize": "4ea",
      "cupPrice": "$0.50 / 1EA",
      "locations": {
        "ALL": { "price": 2, "discountRate": 50, "promo": "", "orgPrice": 4 }
      },
      "categoryIds": ["w-household"],
      "similarProducts": []
    },
    {
      "id": "w-307480-9310063034470",
      "name": "Scotch-brite Heavy Duty Foam Scourer 3x Longer",
      "brand": "Scotch-brite",
      "imageUrls": "https://cdn0.woolworths.media/content/wowproductimages/large/307480.jpg",
      "storeId": "woolworths",
      "packageSize": "4 pack",
      "cupPrice": "$0.56 / 1EA",
      "locations": {
        "ALL": {
          "price": 2.25,
          "discountRate": 50,
          "promo": "",
          "orgPrice": 4.5
        }
      },
      "categoryIds": ["w-household"],
      "similarProducts": []
    },
    {
      "id": "w-177264-21200572357",
      "name": "Scotch-brite Heavy Duty Scourer & Sponge",
      "brand": "Scotch-brite",
      "imageUrls": "https://cdn0.woolworths.media/content/wowproductimages/large/177264.jpg",
      "storeId": "woolworths",
      "packageSize": "3 pack",
      "cupPrice": "$0.75 / 1EA",
      "locations": {
        "ALL": {
          "price": 2.25,
          "discountRate": 50,
          "promo": "",
          "orgPrice": 4.5
        }
      },
      "categoryIds": ["w-household"],
      "similarProducts": []
    },
    {
      "id": "w-189817-9310063017282",
      "name": "Scotch-brite Non Scratch Scrub Sponge",
      "brand": "Scotch-brite",
      "imageUrls": "https://cdn0.woolworths.media/content/wowproductimages/large/189817.jpg",
      "storeId": "woolworths",
      "packageSize": "3 pack",
      "cupPrice": "$0.75 / 1EA",
      "locations": {
        "ALL": {
          "price": 2.25,
          "discountRate": 50,
          "promo": "",
          "orgPrice": 4.5
        }
      },
      "categoryIds": ["w-household"],
      "similarProducts": []
    },
    {
      "id": "w-700818-9310063042604",
      "name": "Scotch-brite Non Scratch Foam Scrub Sponge",
      "brand": "Scotch-brite",
      "imageUrls": "https://cdn0.woolworths.media/content/wowproductimages/large/700818.jpg",
      "storeId": "woolworths",
      "packageSize": "4 pack",
      "cupPrice": "$0.56 / 1EA",
      "locations": {
        "ALL": {
          "price": 2.25,
          "discountRate": 50,
          "promo": "",
          "orgPrice": 4.5
        }
      },
      "categoryIds": ["w-household"],
      "similarProducts": []
    },
    {
      "id": "w-7436-9300697128737",
      "name": "Selleys Power Grip",
      "brand": "Selleys",
      "imageUrls": "https://cdn0.woolworths.media/content/wowproductimages/large/007436.jpg",
      "storeId": "woolworths",
      "packageSize": "4ml",
      "cupPrice": "$6.00 / 1EA",
      "locations": {
        "ALL": {
          "price": 6,
          "discountRate": 20,
          "promo": "",
          "orgPrice": 7.5
        }
      },
      "categoryIds": ["w-household"],
      "similarProducts": []
    },
    {
      "id": "w-749123-9300697124234",
      "name": "Selleys Super Glue Fix N Go",
      "brand": "Selleys",
      "imageUrls": "https://cdn0.woolworths.media/content/wowproductimages/large/749123.jpg",
      "storeId": "woolworths",
      "packageSize": "3 pack",
      "cupPrice": "$1.47 / 1EA",
      "locations": {
        "ALL": {
          "price": 4.41,
          "discountRate": 10,
          "promo": "",
          "orgPrice": 4.9
        }
      },
      "categoryIds": ["w-household"],
      "similarProducts": []
    },
    {
      "id": "w-886750-71641084353",
      "name": "Sharpie Cd Marker Electro Pop Fine",
      "brand": "Sharpie",
      "imageUrls": "https://cdn0.woolworths.media/content/wowproductimages/large/886750.jpg",
      "storeId": "woolworths",
      "packageSize": "5 pack",
      "cupPrice": "$0.00 / 0",
      "locations": {
        "ALL": { "price": 5, "discountRate": 50, "promo": "", "orgPrice": 10 }
      },
      "categoryIds": ["w-household"],
      "similarProducts": []
    },
    {
      "id": "w-283104-71641301627",
      "name": "Sharpie Cd Marker Fine Black",
      "brand": "Sharpie",
      "imageUrls": "https://cdn0.woolworths.media/content/wowproductimages/large/283104.jpg",
      "storeId": "woolworths",
      "packageSize": "2 pack",
      "cupPrice": "$0.00 / 0",
      "locations": {
        "ALL": {
          "price": 2.5,
          "discountRate": 50,
          "promo": "",
          "orgPrice": 5
        }
      },
      "categoryIds": ["w-household"],
      "similarProducts": []
    },
    {
      "id": "w-754092-71641098664",
      "name": "Sharpie Colourburst",
      "brand": "Sharpie",
      "imageUrls": "https://cdn0.woolworths.media/content/wowproductimages/large/754092.jpg",
      "storeId": "woolworths",
      "packageSize": "24 pack",
      "cupPrice": "$0.00 / 0",
      "locations": {
        "ALL": {
          "price": 20,
          "discountRate": 17,
          "promo": "",
          "orgPrice": 24
        }
      },
      "categoryIds": ["w-household"],
      "similarProducts": []
    },
    {
      "id": "w-931401-71641084339",
      "name": "Sharpie Marker Extreme",
      "brand": "Sharpie",
      "imageUrls": "https://cdn0.woolworths.media/content/wowproductimages/large/931401.jpg",
      "storeId": "woolworths",
      "packageSize": "2 pack",
      "cupPrice": "$0.00 / 0",
      "locations": {
        "ALL": { "price": 3, "discountRate": 50, "promo": "", "orgPrice": 6 }
      },
      "categoryIds": ["w-household"],
      "similarProducts": []
    },
    {
      "id": "w-936522-71641302174",
      "name": "Sharpie Marker Fine 8 Colour Set",
      "brand": "Sharpie",
      "imageUrls": "https://cdn0.woolworths.media/content/wowproductimages/large/936522.jpg",
      "storeId": "woolworths",
      "packageSize": "8 pack",
      "cupPrice": "$0.00 / 0",
      "locations": {
        "ALL": { "price": 8, "discountRate": 50, "promo": "", "orgPrice": 16 }
      },
      "categoryIds": ["w-household"],
      "similarProducts": []
    },
    {
      "id": "w-936521-71641046962",
      "name": "Sharpie Markers Metal Bullet Black",
      "brand": "Sharpie",
      "imageUrls": "https://cdn0.woolworths.media/content/wowproductimages/large/936521.jpg",
      "storeId": "woolworths",
      "packageSize": "2 pack",
      "cupPrice": "$0.00 / 0",
      "locations": {
        "ALL": {
          "price": 3.85,
          "discountRate": 30,
          "promo": "",
          "orgPrice": 5.5
        }
      },
      "categoryIds": ["w-household"],
      "similarProducts": []
    },
    {
      "id": "w-936520-71641053649",
      "name": "Sharpie Markers Metallic",
      "brand": "Sharpie",
      "imageUrls": "https://cdn0.woolworths.media/content/wowproductimages/large/936520.jpg",
      "storeId": "woolworths",
      "packageSize": "3 pack",
      "cupPrice": "$0.00 / 0",
      "locations": {
        "ALL": {
          "price": 4.5,
          "discountRate": 50,
          "promo": "",
          "orgPrice": 9
        }
      },
      "categoryIds": ["w-household"],
      "similarProducts": []
    },
    {
      "id": "w-331219-71641311015",
      "name": "Sharpie Rub-a-dub Laundry Marker",
      "brand": "Sharpie",
      "imageUrls": "https://cdn0.woolworths.media/content/wowproductimages/large/331219.jpg",
      "storeId": "woolworths",
      "packageSize": "each",
      "cupPrice": "$0.00 / 0",
      "locations": {
        "ALL": { "price": 2, "discountRate": 33, "promo": "", "orgPrice": 3 }
      },
      "categoryIds": ["w-household"],
      "similarProducts": []
    },
    {
      "id": "w-100495-9352762554774",
      "name": "Sheer Relief Anklet Black One Size",
      "brand": "Sheer Relief",
      "imageUrls": "https://cdn0.woolworths.media/content/wowproductimages/large/100495.jpg",
      "storeId": "woolworths",
      "packageSize": "each",
      "cupPrice": "$0.00 / 0",
      "locations": {
        "ALL": { "price": 4, "discountRate": 50, "promo": "", "orgPrice": 8 }
      },
      "categoryIds": ["w-household"],
      "similarProducts": []
    },
    {
      "id": "w-431249-9312688753644",
      "name": "Sheer Relief Firm Compress Tights 12d Natural Average",
      "brand": "Sheer Relief",
      "imageUrls": "https://cdn0.woolworths.media/content/wowproductimages/large/431249.jpg",
      "storeId": "woolworths",
      "packageSize": "each",
      "cupPrice": "$0.00 / 0",
      "locations": {
        "ALL": {
          "price": 4.5,
          "discountRate": 50,
          "promo": "",
          "orgPrice": 9
        }
      },
      "categoryIds": ["w-household"],
      "similarProducts": []
    },
    {
      "id": "w-431259-9312688753651",
      "name": "Sheer Relief Firm Compress Tights 12d Natural Tall",
      "brand": "Sheer Relief",
      "imageUrls": "https://cdn0.woolworths.media/content/wowproductimages/large/431259.jpg",
      "storeId": "woolworths",
      "packageSize": "each",
      "cupPrice": "$0.00 / 0",
      "locations": {
        "ALL": {
          "price": 4.5,
          "discountRate": 50,
          "promo": "",
          "orgPrice": 9
        }
      },
      "categoryIds": ["w-household"],
      "similarProducts": []
    },
    {
      "id": "w-431270-9312688753668",
      "name": "Sheer Relief Firm Compress Tights 12d Natural X-tall",
      "brand": "Sheer Relief",
      "imageUrls": "https://cdn0.woolworths.media/content/wowproductimages/large/431270.jpg",
      "storeId": "woolworths",
      "packageSize": "each",
      "cupPrice": "$0.00 / 0",
      "locations": {
        "ALL": {
          "price": 4.5,
          "discountRate": 50,
          "promo": "",
          "orgPrice": 9
        }
      },
      "categoryIds": ["w-household"],
      "similarProducts": []
    },
    {
      "id": "w-35222-9350461531553",
      "name": "Sheer Relief Pantyhose Control Support Black Avg",
      "brand": "Sheer Relief",
      "imageUrls": "https://cdn0.woolworths.media/content/wowproductimages/large/035222.jpg",
      "storeId": "woolworths",
      "packageSize": "each",
      "cupPrice": "$0.00 / 0",
      "locations": {
        "ALL": { "price": 4, "discountRate": 50, "promo": "", "orgPrice": 8 }
      },
      "categoryIds": ["w-household"],
      "similarProducts": []
    },
    {
      "id": "w-35372-9350461531560",
      "name": "Sheer Relief Pantyhose Control Support Black Tall",
      "brand": "Sheer Relief",
      "imageUrls": "https://cdn0.woolworths.media/content/wowproductimages/large/035372.jpg",
      "storeId": "woolworths",
      "packageSize": "each",
      "cupPrice": "$0.00 / 0",
      "locations": {
        "ALL": { "price": 4, "discountRate": 50, "promo": "", "orgPrice": 8 }
      },
      "categoryIds": ["w-household"],
      "similarProducts": []
    },
    {
      "id": "w-35291-9350461531591",
      "name": "Sheer Relief Pantyhose Control Support M/ Beige Tall",
      "brand": "Sheer Relief",
      "imageUrls": "https://cdn0.woolworths.media/content/wowproductimages/large/035291.jpg",
      "storeId": "woolworths",
      "packageSize": "each",
      "cupPrice": "$0.00 / 0",
      "locations": {
        "ALL": { "price": 4, "discountRate": 50, "promo": "", "orgPrice": 8 }
      },
      "categoryIds": ["w-household"],
      "similarProducts": []
    },
    {
      "id": "w-4647-9310259007110",
      "name": "Sheer Relief Pantyhose Control Support Mini Tan Avg",
      "brand": "Sheer Relief",
      "imageUrls": "https://cdn0.woolworths.media/content/wowproductimages/large/004647.jpg",
      "storeId": "woolworths",
      "packageSize": "each",
      "cupPrice": "$0.00 / 0",
      "locations": {
        "ALL": { "price": 4, "discountRate": 50, "promo": "", "orgPrice": 8 }
      },
      "categoryIds": ["w-household"],
      "similarProducts": []
    },
    {
      "id": "w-71597-9310259007127",
      "name": "Sheer Relief Pantyhose Control Support Mini Tan Tall",
      "brand": "Sheer Relief",
      "imageUrls": "https://cdn0.woolworths.media/content/wowproductimages/large/071597.jpg",
      "storeId": "woolworths",
      "packageSize": "each",
      "cupPrice": "$0.00 / 0",
      "locations": {
        "ALL": { "price": 4, "discountRate": 50, "promo": "", "orgPrice": 8 }
      },
      "categoryIds": ["w-household"],
      "similarProducts": []
    },
    {
      "id": "w-4644-9350461531584",
      "name": "Sheer Relief Pantyhose Control Support Beige Average",
      "brand": "Sheer Relief",
      "imageUrls": "https://cdn0.woolworths.media/content/wowproductimages/large/004644.jpg",
      "storeId": "woolworths",
      "packageSize": "each",
      "cupPrice": "$0.00 / 0",
      "locations": {
        "ALL": { "price": 4, "discountRate": 50, "promo": "", "orgPrice": 8 }
      },
      "categoryIds": ["w-household"],
      "similarProducts": []
    },
    {
      "id": "w-4646-9350461531607",
      "name": "Sheer Relief Pantyhose Control Support Beige Extra Tall",
      "brand": "Sheer Relief",
      "imageUrls": "https://cdn0.woolworths.media/content/wowproductimages/large/004646.jpg",
      "storeId": "woolworths",
      "packageSize": "each",
      "cupPrice": "$0.00 / 0",
      "locations": {
        "ALL": { "price": 4, "discountRate": 50, "promo": "", "orgPrice": 8 }
      },
      "categoryIds": ["w-household"],
      "similarProducts": []
    },
    {
      "id": "w-35427-9350461531577",
      "name": "Sheer Relief Pantyhose Control Support Black Extra Tall",
      "brand": "Sheer Relief",
      "imageUrls": "https://cdn0.woolworths.media/content/wowproductimages/large/035427.jpg",
      "storeId": "woolworths",
      "packageSize": "each",
      "cupPrice": "$0.00 / 0",
      "locations": {
        "ALL": { "price": 4, "discountRate": 50, "promo": "", "orgPrice": 8 }
      },
      "categoryIds": ["w-household"],
      "similarProducts": []
    },
    {
      "id": "w-100286-9352762554750",
      "name": "Sheer Relief Trouser Sock Black 1 Size",
      "brand": "Sheer Relief",
      "imageUrls": "https://cdn0.woolworths.media/content/wowproductimages/large/100286.jpg",
      "storeId": "woolworths",
      "packageSize": "1pk",
      "cupPrice": "$0.00 / 0",
      "locations": {
        "ALL": {
          "price": 3.5,
          "discountRate": 50,
          "promo": "",
          "orgPrice": 7
        }
      },
      "categoryIds": ["w-household"],
      "similarProducts": []
    },
    {
      "id": "w-686151-9414202063007",
      "name": "Sistema Bottle Quick Flip",
      "brand": "Sistema",
      "imageUrls": "https://cdn0.woolworths.media/content/wowproductimages/large/686151.jpg",
      "storeId": "woolworths",
      "packageSize": "800ml",
      "cupPrice": "$0.00 / 0",
      "locations": {
        "ALL": { "price": 6, "discountRate": 50, "promo": "", "orgPrice": 12 }
      },
      "categoryIds": ["w-household"],
      "similarProducts": []
    },
    {
      "id": "w-646654-9414202512109",
      "name": "Sistema Laundry Stack & Nest Basket",
      "brand": "Sistema",
      "imageUrls": "https://cdn0.woolworths.media/content/wowproductimages/large/646654.jpg",
      "storeId": "woolworths",
      "packageSize": "5.25l",
      "cupPrice": "$0.00 / 0",
      "locations": {
        "ALL": { "price": 5, "discountRate": 50, "promo": "", "orgPrice": 10 }
      },
      "categoryIds": ["w-household"],
      "similarProducts": []
    },
    {
      "id": "w-777289-9414202217455",
      "name": "Sistema Lunch Cube Max To Go",
      "brand": "Sistema",
      "imageUrls": "https://cdn0.woolworths.media/content/wowproductimages/large/777289.jpg",
      "storeId": "woolworths",
      "packageSize": "each",
      "cupPrice": "$0.00 / 0",
      "locations": {
        "ALL": { "price": 5, "discountRate": 50, "promo": "", "orgPrice": 10 }
      },
      "categoryIds": ["w-household", "w-lunch-box"],
      "similarProducts": []
    },
    {
      "id": "w-850092-9414202214676",
      "name": "Sistema Mini Bites Stackable Containers Bpa Free",
      "brand": "Sistema",
      "imageUrls": "https://cdn0.woolworths.media/content/wowproductimages/large/850092.jpg",
      "storeId": "woolworths",
      "packageSize": "3x130ml",
      "cupPrice": "$0.00 / 0",
      "locations": {
        "ALL": { "price": 3, "discountRate": 50, "promo": "", "orgPrice": 6 }
      },
      "categoryIds": ["w-household"],
      "similarProducts": []
    },
    {
      "id": "w-711918-9414202216472",
      "name": "Sistema Plasticware Sandwich Box To Go",
      "brand": "Sistema",
      "imageUrls": "https://cdn0.woolworths.media/content/wowproductimages/large/711918.jpg",
      "storeId": "woolworths",
      "packageSize": "each",
      "cupPrice": "$0.00 / 0",
      "locations": {
        "ALL": {
          "price": 2.5,
          "discountRate": 50,
          "promo": "",
          "orgPrice": 5
        }
      },
      "categoryIds": ["w-household", "w-lunch-box"],
      "similarProducts": []
    },
    {
      "id": "w-43467-9414202104663",
      "name": "Sistema Storage 810ml",
      "brand": "Sistema",
      "imageUrls": "https://cdn0.woolworths.media/content/wowproductimages/large/043467.jpg",
      "storeId": "woolworths",
      "packageSize": "each",
      "cupPrice": "$0.00 / 0",
      "locations": {
        "ALL": { "price": 2, "discountRate": 50, "promo": "", "orgPrice": 4 }
      },
      "categoryIds": ["w-household"],
      "similarProducts": []
    },
    {
      "id": "w-43497-9414202104687",
      "name": "Sistema Storage With Tray 3.58l",
      "brand": "Sistema",
      "imageUrls": "https://cdn0.woolworths.media/content/wowproductimages/large/043497.jpg",
      "storeId": "woolworths",
      "packageSize": "each",
      "cupPrice": "$0.00 / 0",
      "locations": {
        "ALL": {
          "price": 3.5,
          "discountRate": 50,
          "promo": "",
          "orgPrice": 7
        }
      },
      "categoryIds": ["w-household"],
      "similarProducts": []
    },
    {
      "id": "w-532375-9414202065001",
      "name": "Sistema Tritan Active Water Bottle",
      "brand": "Sistema",
      "imageUrls": "https://cdn0.woolworths.media/content/wowproductimages/large/532375.jpg",
      "storeId": "woolworths",
      "packageSize": "each",
      "cupPrice": "$6.00 / 1EA",
      "locations": {
        "ALL": { "price": 6, "discountRate": 50, "promo": "", "orgPrice": 12 }
      },
      "categoryIds": ["w-household", "w-lunch-box"],
      "similarProducts": []
    },
    {
      "id": "w-27941-9300663212293",
      "name": "Softly Delicates Fabric Solution",
      "brand": "Softly",
      "imageUrls": "https://cdn0.woolworths.media/content/wowproductimages/large/027941.jpg",
      "storeId": "woolworths",
      "packageSize": "1.25l",
      "cupPrice": "$5.04 / 1L",
      "locations": {
        "ALL": {
          "price": 6.3,
          "discountRate": 16,
          "promo": "",
          "orgPrice": 7.49
        }
      },
      "categoryIds": ["w-household"],
      "similarProducts": []
    },
    {
      "id": "w-803458-660989746827",
      "name": "Sonic B B Keen Bluetooth Headphones",
      "brand": "Sonic B",
      "imageUrls": "https://cdn0.woolworths.media/content/wowproductimages/large/803458.jpg",
      "storeId": "woolworths",
      "packageSize": "each",
      "cupPrice": "$0.00 / 0",
      "locations": {
        "ALL": {
          "price": 28,
          "discountRate": 30,
          "promo": "",
          "orgPrice": 40
        }
      },
      "categoryIds": ["w-household"],
      "similarProducts": []
    },
    {
      "id": "w-53846-5060638690658",
      "name": "Sonic B Neat Audio Earphones",
      "brand": "Sonic B",
      "imageUrls": "https://cdn0.woolworths.media/content/wowproductimages/large/053846.jpg",
      "storeId": "woolworths",
      "packageSize": "each",
      "cupPrice": "$0.00 / 0",
      "locations": {
        "ALL": { "price": 7, "discountRate": 30, "promo": "", "orgPrice": 10 }
      },
      "categoryIds": ["w-household"],
      "similarProducts": []
    },
    {
      "id": "w-803388-660989746780",
      "name": "Sonic B Suave Bluetooth Earphones",
      "brand": "Sonic B",
      "imageUrls": "https://cdn0.woolworths.media/content/wowproductimages/large/803388.jpg",
      "storeId": "woolworths",
      "packageSize": "each",
      "cupPrice": "$0.00 / 0",
      "locations": {
        "ALL": {
          "price": 21,
          "discountRate": 30,
          "promo": "",
          "orgPrice": 30
        }
      },
      "categoryIds": ["w-household"],
      "similarProducts": []
    },
    {
      "id": "w-935630-9312828572821",
      "name": "Spirax 5 Subject Book A4 Assorted Colours",
      "brand": "Spirax",
      "imageUrls": "https://cdn0.woolworths.media/content/wowproductimages/large/935630.jpg",
      "storeId": "woolworths",
      "packageSize": "250pg each",
      "cupPrice": "$0.00 / 0",
      "locations": {
        "ALL": { "price": 4, "discountRate": 50, "promo": "", "orgPrice": 8 }
      },
      "categoryIds": ["w-household"],
      "similarProducts": []
    },
    {
      "id": "w-68762-9310924041180",
      "name": "Spirax Kode P958 A4 Lecture 140 Pg Assorted",
      "brand": "Spirax",
      "imageUrls": "https://cdn0.woolworths.media/content/wowproductimages/large/068762.jpg",
      "storeId": "woolworths",
      "packageSize": "each",
      "cupPrice": "$0.00 / 0",
      "locations": {
        "ALL": {
          "price": 2.5,
          "discountRate": 50,
          "promo": "",
          "orgPrice": 5
        }
      },
      "categoryIds": ["w-household"],
      "similarProducts": []
    },
    {
      "id": "w-936476-9312828572791",
      "name": "Spirax Notebook A4 Assorted Colours",
      "brand": "Spirax",
      "imageUrls": "https://cdn0.woolworths.media/content/wowproductimages/large/936476.jpg",
      "storeId": "woolworths",
      "packageSize": "120pg each",
      "cupPrice": "$0.00 / 0",
      "locations": {
        "ALL": { "price": 2, "discountRate": 50, "promo": "", "orgPrice": 4 }
      },
      "categoryIds": ["w-household"],
      "similarProducts": []
    },
    {
      "id": "w-354504-4006381215695",
      "name": "Stabilo Boss Highlighters",
      "brand": "Stabilo",
      "imageUrls": "https://cdn0.woolworths.media/content/wowproductimages/large/354504.jpg",
      "storeId": "woolworths",
      "packageSize": "4 pack",
      "cupPrice": "$0.00 / 0",
      "locations": {
        "ALL": { "price": 4, "discountRate": 50, "promo": "", "orgPrice": 8 }
      },
      "categoryIds": ["w-household"],
      "similarProducts": []
    },
    {
      "id": "w-546810-4006381492867",
      "name": "Stabilo Boss Pastel",
      "brand": "Stabilo",
      "imageUrls": "https://cdn0.woolworths.media/content/wowproductimages/large/546810.jpg",
      "storeId": "woolworths",
      "packageSize": "4 pack",
      "cupPrice": "$0.00 / 0",
      "locations": {
        "ALL": { "price": 4, "discountRate": 50, "promo": "", "orgPrice": 8 }
      },
      "categoryIds": ["w-household"],
      "similarProducts": []
    },
    {
      "id": "w-60871-4006381527422",
      "name": "Stabilo Swing Cool Pastels Highlighters",
      "brand": "Stabilo",
      "imageUrls": "https://cdn0.woolworths.media/content/wowproductimages/large/060871.jpg",
      "storeId": "woolworths",
      "packageSize": "4 pack",
      "cupPrice": "$0.00 / 0",
      "locations": {
        "ALL": {
          "price": 3.25,
          "discountRate": 50,
          "promo": "",
          "orgPrice": 6.5
        }
      },
      "categoryIds": ["w-household"],
      "similarProducts": []
    },
    {
      "id": "w-562002-9300633629816",
      "name": "Strike Microfibre Twist Mop",
      "brand": "Strike",
      "imageUrls": "https://cdn0.woolworths.media/content/wowproductimages/large/562002.jpg",
      "storeId": "woolworths",
      "packageSize": "each",
      "cupPrice": "$12.00 / 1EA",
      "locations": {
        "ALL": {
          "price": 12,
          "discountRate": 20,
          "promo": "",
          "orgPrice": 15
        }
      },
      "categoryIds": ["w-household"],
      "similarProducts": []
    },
    {
      "id": "w-60738-9316423048149",
      "name": "Telstra Essential Pro",
      "brand": "Telstra",
      "imageUrls": "https://cdn0.woolworths.media/content/wowproductimages/large/060738.jpg",
      "storeId": "woolworths",
      "packageSize": "each",
      "cupPrice": "$0.00 / 0",
      "locations": {
        "ALL": {
          "price": 99,
          "discountRate": 23,
          "promo": "",
          "orgPrice": 129
        }
      },
      "categoryIds": ["w-household"],
      "similarProducts": []
    },
    {
      "id": "w-95984-9310802010314",
      "name": "Tenderly Toilet Tissue 3 Ply 250 Sheets",
      "brand": "Tenderly",
      "imageUrls": "https://cdn0.woolworths.media/content/wowproductimages/large/095984.jpg",
      "storeId": "woolworths",
      "packageSize": "10 pack",
      "cupPrice": "$0.20 / 100SS",
      "locations": {
        "ALL": {
          "price": 4.95,
          "discountRate": 50,
          "promo": "",
          "orgPrice": 9.9
        }
      },
      "categoryIds": ["w-household"],
      "similarProducts": []
    },
    {
      "id": "w-92335-9311838643392",
      "name": "Tontine Sweet Dreams Soft Touch Pillow",
      "brand": "Tontine",
      "imageUrls": "https://cdn0.woolworths.media/content/wowproductimages/large/092335.jpg",
      "storeId": "woolworths",
      "packageSize": "2 pack",
      "cupPrice": "$0.00 / 0",
      "locations": {
        "ALL": {
          "price": 10,
          "discountRate": 50,
          "promo": "",
          "orgPrice": 20
        }
      },
      "categoryIds": ["w-household"],
      "similarProducts": []
    },
    {
      "id": "w-383861-4026700397109",
      "name": "Uhu Glue Stick Strong & Safe 7ml",
      "brand": "Uhu",
      "imageUrls": "https://cdn0.woolworths.media/content/wowproductimages/large/383861.jpg",
      "storeId": "woolworths",
      "packageSize": "each",
      "cupPrice": "$0.00 / 0",
      "locations": {
        "ALL": {
          "price": 4.25,
          "discountRate": 50,
          "promo": "",
          "orgPrice": 8.5
        }
      },
      "categoryIds": ["w-household"],
      "similarProducts": []
    },
    {
      "id": "w-941863-4026700501902",
      "name": "Uhu Glue Stick",
      "brand": "Uhu",
      "imageUrls": "https://cdn0.woolworths.media/content/wowproductimages/large/941863.jpg",
      "storeId": "woolworths",
      "packageSize": "21g each",
      "cupPrice": "$0.00 / 0",
      "locations": {
        "ALL": {
          "price": 1.75,
          "discountRate": 50,
          "promo": "",
          "orgPrice": 3.5
        }
      },
      "categoryIds": ["w-household"],
      "similarProducts": []
    },
    {
      "id": "w-383862-4026700454154",
      "name": "Uhu Super Glue Minis 1ml",
      "brand": "Uhu",
      "imageUrls": "https://cdn0.woolworths.media/content/wowproductimages/large/383862.jpg",
      "storeId": "woolworths",
      "packageSize": "3 pack",
      "cupPrice": "$0.00 / 0",
      "locations": {
        "ALL": {
          "price": 3.25,
          "discountRate": 50,
          "promo": "",
          "orgPrice": 6.5
        }
      },
      "categoryIds": ["w-household"],
      "similarProducts": []
    },
    {
      "id": "w-693505-9310009001801",
      "name": "Valvoline Dot 3 Brake Fluid",
      "brand": "Valvoline",
      "imageUrls": "https://cdn0.woolworths.media/content/wowproductimages/large/693505.jpg",
      "storeId": "woolworths",
      "packageSize": "500ml",
      "cupPrice": "$1.68 / 100ML",
      "locations": {
        "ALL": {
          "price": 8.4,
          "discountRate": 30,
          "promo": "",
          "orgPrice": 12
        }
      },
      "categoryIds": ["w-household"],
      "similarProducts": []
    },
    {
      "id": "w-99291-9310009014948",
      "name": "Valvoline Oil Motor Xld 20w-50",
      "brand": "Valvoline",
      "imageUrls": "https://cdn0.woolworths.media/content/wowproductimages/large/099291.jpg",
      "storeId": "woolworths",
      "packageSize": "4l",
      "cupPrice": "$0.36 / 100ML",
      "locations": {
        "ALL": {
          "price": 14.5,
          "discountRate": 50,
          "promo": "",
          "orgPrice": 29
        }
      },
      "categoryIds": ["w-household"],
      "similarProducts": []
    },
    {
      "id": "w-802978-9300701708535",
      "name": "Vanish Napisan Gold Pro Stain Remover Powder",
      "brand": "Vanish",
      "imageUrls": "https://cdn0.woolworths.media/content/wowproductimages/large/802978.jpg",
      "storeId": "woolworths",
      "packageSize": "2.7kg",
      "cupPrice": "$5.56 / 1KG",
      "locations": {
        "ALL": {
          "price": 15,
          "discountRate": 50,
          "promo": "",
          "orgPrice": 30
        }
      },
      "categoryIds": ["w-household"],
      "similarProducts": []
    },
    {
      "id": "w-179663-9300701084363",
      "name": "Vanish Napisan Oxi Action Stain Remover Powder",
      "brand": "Vanish",
      "imageUrls": "https://cdn0.woolworths.media/content/wowproductimages/large/179663.jpg",
      "storeId": "woolworths",
      "packageSize": "1kg",
      "cupPrice": "$6.00 / 1KG",
      "locations": {
        "ALL": { "price": 6, "discountRate": 25, "promo": "", "orgPrice": 8 }
      },
      "categoryIds": ["w-household"],
      "similarProducts": []
    },
    {
      "id": "w-181144-9300701083892",
      "name": "Vanish Preen Stain Remover Ultra Degreaser Trigger Spray",
      "brand": "Vanish",
      "imageUrls": "https://cdn0.woolworths.media/content/wowproductimages/large/181144.jpg",
      "storeId": "woolworths",
      "packageSize": "375ml",
      "cupPrice": "$10.67 / 1L",
      "locations": {
        "ALL": {
          "price": 4,
          "discountRate": 20,
          "promo": "",
          "orgPrice": 4.99
        }
      },
      "categoryIds": ["w-household"],
      "similarProducts": []
    },
    {
      "id": "w-707697-9300701525705",
      "name": "Vanish Napisan Sensitive Powder Inwash & Soaker",
      "brand": "Vanish Napisan",
      "imageUrls": "https://cdn0.woolworths.media/content/wowproductimages/large/707697.jpg",
      "storeId": "woolworths",
      "packageSize": "1kg",
      "cupPrice": "$7.00 / 1KG",
      "locations": {
        "ALL": {
          "price": 7,
          "discountRate": 24,
          "promo": "",
          "orgPrice": 9.19
        }
      },
      "categoryIds": ["w-household"],
      "similarProducts": []
    },
    {
      "id": "w-98054-9300622510057",
      "name": "Vileda Wettex Cleaning Cloth Super Absorbent Assorted",
      "brand": "Vileda",
      "imageUrls": "https://cdn0.woolworths.media/content/wowproductimages/large/098054.jpg",
      "storeId": "woolworths",
      "packageSize": "3 pack",
      "cupPrice": "$0.67 / 1EA",
      "locations": {
        "ALL": { "price": 2, "discountRate": 50, "promo": "", "orgPrice": 4 }
      },
      "categoryIds": ["w-household"],
      "similarProducts": []
    },
    {
      "id": "w-176852-9310088006667",
      "name": "Viva Paper Towel White",
      "brand": "Viva",
      "imageUrls": "https://cdn0.woolworths.media/content/wowproductimages/large/176852.jpg",
      "storeId": "woolworths",
      "packageSize": "2 pack",
      "cupPrice": "$2.50 / 100SS",
      "locations": {
        "ALL": {
          "price": 3,
          "discountRate": 14,
          "promo": "",
          "orgPrice": 3.5
        }
      },
      "categoryIds": ["w-household"],
      "similarProducts": []
    },
    {
      "id": "w-708399-9333441001697",
      "name": "White King Bleach Lemon Tablets",
      "brand": "White King",
      "imageUrls": "https://cdn0.woolworths.media/content/wowproductimages/large/708399.jpg",
      "storeId": "woolworths",
      "packageSize": "40pk",
      "cupPrice": "$0.11 / 1EA",
      "locations": {
        "ALL": {
          "price": 4.25,
          "discountRate": 17,
          "promo": "",
          "orgPrice": 5.15
        }
      },
      "categoryIds": ["w-household"],
      "similarProducts": []
    },
    {
      "id": "w-12413-9300622003092",
      "name": "Windex Multi-purpose Surface & Glass Cleaner Mountain Fresh",
      "brand": "Windex",
      "imageUrls": "https://cdn0.woolworths.media/content/wowproductimages/large/012413.jpg",
      "storeId": "woolworths",
      "packageSize": "750ml",
      "cupPrice": "$0.53 / 100ML",
      "locations": {
        "ALL": {
          "price": 4,
          "discountRate": 17,
          "promo": "",
          "orgPrice": 4.8
        }
      },
      "categoryIds": ["w-household"],
      "similarProducts": []
    },
    {
      "id": "w-75770-9310497004193",
      "name": "Woolworths Bbq Foil Tray Medium",
      "brand": "Woolworths",
      "imageUrls": "https://cdn0.woolworths.media/content/wowproductimages/large/075770.jpg",
      "storeId": "woolworths",
      "packageSize": "3 pack",
      "cupPrice": "$0.67 / 1EA",
      "locations": {
        "ALL": { "price": 2, "discountRate": 50, "promo": "", "orgPrice": 4 }
      },
      "categoryIds": ["w-household"],
      "similarProducts": []
    },
    {
      "id": "w-714673-9300633280420",
      "name": "Woolworths Bbq Foil Tray Small",
      "brand": "Woolworths",
      "imageUrls": "https://cdn0.woolworths.media/content/wowproductimages/large/714673.jpg",
      "storeId": "woolworths",
      "packageSize": "10 pack",
      "cupPrice": "$0.45 / 1EA",
      "locations": {
        "ALL": {
          "price": 4.5,
          "discountRate": 50,
          "promo": "",
          "orgPrice": 9
        }
      },
      "categoryIds": ["w-household"],
      "similarProducts": []
    },
    {
      "id": "w-26221-9339687095520",
      "name": "Woolworths Bbq Marinade Injector",
      "brand": "Woolworths",
      "imageUrls": "https://cdn0.woolworths.media/content/wowproductimages/large/026221.jpg",
      "storeId": "woolworths",
      "packageSize": "each",
      "cupPrice": "$8.00 / 1EA",
      "locations": {
        "ALL": { "price": 8, "discountRate": 33, "promo": "", "orgPrice": 12 }
      },
      "categoryIds": ["w-household"],
      "similarProducts": []
    },
    {
      "id": "w-26220-9339687095513",
      "name": "Woolworths Bbq Meat Claws",
      "brand": "Woolworths",
      "imageUrls": "https://cdn0.woolworths.media/content/wowproductimages/large/026220.jpg",
      "storeId": "woolworths",
      "packageSize": "2 pack",
      "cupPrice": "$1.50 / 1EA",
      "locations": {
        "ALL": {
          "price": 1.5,
          "discountRate": 70,
          "promo": "",
          "orgPrice": 5
        }
      },
      "categoryIds": ["w-household"],
      "similarProducts": []
    },
    {
      "id": "w-738367-9300633354930",
      "name": "Woolworths For Ladies Underwear Bikini Size 16-18",
      "brand": "Woolworths",
      "imageUrls": "https://cdn0.woolworths.media/content/wowproductimages/large/738367.jpg",
      "storeId": "woolworths",
      "packageSize": "5 pack",
      "cupPrice": "$0.00 / 0",
      "locations": {
        "ALL": { "price": 5, "discountRate": 50, "promo": "", "orgPrice": 10 }
      },
      "categoryIds": ["w-household"],
      "similarProducts": []
    },
    {
      "id": "w-700751-5060318667086",
      "name": "Appy Co Peppa Pig Summer Berries Fruit Drink",
      "brand": "Appy Co",
      "imageUrls": "https://cdn0.woolworths.media/content/wowproductimages/large/700751.jpg",
      "storeId": "woolworths",
      "packageSize": "3 pack",
      "cupPrice": "$4.00 / 1L",
      "locations": {
        "ALL": {
          "price": 2.4,
          "discountRate": 27,
          "promo": "",
          "orgPrice": 3.3
        }
      },
      "categoryIds": ["w-lunch-box"],
      "similarProducts": []
    },
    {
      "id": "w-804966-9315090204292",
      "name": "Freedom Foods Messy Monkey Bites Chicken",
      "brand": "Freedom Foods",
      "imageUrls": "https://cdn0.woolworths.media/content/wowproductimages/large/804966.jpg",
      "storeId": "woolworths",
      "packageSize": "8 pack",
      "cupPrice": "$2.19 / 100G",
      "locations": {
        "ALL": {
          "price": 3.5,
          "discountRate": 50,
          "promo": "",
          "orgPrice": 7
        }
      },
      "categoryIds": ["w-lunch-box"],
      "similarProducts": []
    },
    {
      "id": "w-319634-9400097038046",
      "name": "Healtheries Kidscare Potato Chips Roast Stix Plain",
      "brand": "Healtheries",
      "imageUrls": "https://cdn0.woolworths.media/content/wowproductimages/large/319634.jpg",
      "storeId": "woolworths",
      "packageSize": "8 pack",
      "cupPrice": "$2.19 / 100G",
      "locations": {
        "ALL": {
          "price": 3.5,
          "discountRate": 34,
          "promo": "",
          "orgPrice": 5.29
        }
      },
      "categoryIds": ["w-lunch-box"],
      "similarProducts": []
    },
    {
      "id": "w-319635-9400097038053",
      "name": "Healtheries Kidscare Potato Chips Stix Chicken",
      "brand": "Healtheries",
      "imageUrls": "https://cdn0.woolworths.media/content/wowproductimages/large/319635.jpg",
      "storeId": "woolworths",
      "packageSize": "8 pack",
      "cupPrice": "$2.19 / 100G",
      "locations": {
        "ALL": {
          "price": 3.5,
          "discountRate": 34,
          "promo": "",
          "orgPrice": 5.29
        }
      },
      "categoryIds": ["w-lunch-box"],
      "similarProducts": []
    },
    {
      "id": "w-352822-9400097038541",
      "name": "Healtheries Kidscare Rice Snacks Wheels Burger",
      "brand": "Healtheries",
      "imageUrls": "https://cdn0.woolworths.media/content/wowproductimages/large/352822.jpg",
      "storeId": "woolworths",
      "packageSize": "10 pack",
      "cupPrice": "$1.94 / 100G",
      "locations": {
        "ALL": {
          "price": 3.5,
          "discountRate": 33,
          "promo": "",
          "orgPrice": 5.2
        }
      },
      "categoryIds": ["w-lunch-box"],
      "similarProducts": []
    },
    {
      "id": "w-212296-9400097036288",
      "name": "Healtheries Kidscare Rice Snacks Wheels Cheese",
      "brand": "Healtheries",
      "imageUrls": "https://cdn0.woolworths.media/content/wowproductimages/large/212296.jpg",
      "storeId": "woolworths",
      "packageSize": "10 pack",
      "cupPrice": "$1.94 / 100G",
      "locations": {
        "ALL": {
          "price": 3.5,
          "discountRate": 33,
          "promo": "",
          "orgPrice": 5.2
        }
      },
      "categoryIds": ["w-lunch-box"],
      "similarProducts": []
    },
    {
      "id": "w-230464-9400097036950",
      "name": "Healtheries Kidscare Rice Snacks Wheels Chicken",
      "brand": "Healtheries",
      "imageUrls": "https://cdn0.woolworths.media/content/wowproductimages/large/230464.jpg",
      "storeId": "woolworths",
      "packageSize": "10 pack",
      "cupPrice": "$1.94 / 100G",
      "locations": {
        "ALL": {
          "price": 3.5,
          "discountRate": 33,
          "promo": "",
          "orgPrice": 5.2
        }
      },
      "categoryIds": ["w-lunch-box"],
      "similarProducts": []
    },
    {
      "id": "w-829371-9400097040681",
      "name": "Healtheries Snacks Potato Curls Chicken",
      "brand": "Healtheries",
      "imageUrls": "https://cdn0.woolworths.media/content/wowproductimages/large/829371.jpg",
      "storeId": "woolworths",
      "packageSize": "8 pack",
      "cupPrice": "$3.65 / 100G",
      "locations": {
        "ALL": {
          "price": 3.5,
          "discountRate": 29,
          "promo": "",
          "orgPrice": 4.95
        }
      },
      "categoryIds": ["w-lunch-box"],
      "similarProducts": []
    },
    {
      "id": "w-635961-9315090204360",
      "name": "Messy Monkeys Whole Grain Bites Burger Flavour",
      "brand": "Messy Monkeys",
      "imageUrls": "https://cdn0.woolworths.media/content/wowproductimages/large/635961.jpg",
      "storeId": "woolworths",
      "packageSize": "8x160g",
      "cupPrice": "$2.19 / 100G",
      "locations": {
        "ALL": {
          "price": 3.5,
          "discountRate": 50,
          "promo": "",
          "orgPrice": 7
        }
      },
      "categoryIds": ["w-lunch-box"],
      "similarProducts": []
    },
    {
      "id": "w-635962-9315090204346",
      "name": "Messy Monkeys Whole Grain Bites Cheese Flavour",
      "brand": "Messy Monkeys",
      "imageUrls": "https://cdn0.woolworths.media/content/wowproductimages/large/635962.jpg",
      "storeId": "woolworths",
      "packageSize": "8x160g",
      "cupPrice": "$2.19 / 100G",
      "locations": {
        "ALL": {
          "price": 3.5,
          "discountRate": 50,
          "promo": "",
          "orgPrice": 7
        }
      },
      "categoryIds": ["w-lunch-box"],
      "similarProducts": []
    },
    {
      "id": "w-177189-9310162310444",
      "name": "Sunbeam Sultanas & Apricot",
      "brand": "Sunbeam",
      "imageUrls": "https://cdn0.woolworths.media/content/wowproductimages/large/177189.jpg",
      "storeId": "woolworths",
      "packageSize": "6x37g",
      "cupPrice": "$10.81 / 1KG",
      "locations": {
        "ALL": {
          "price": 2.4,
          "discountRate": 20,
          "promo": "",
          "orgPrice": 3
        }
      },
      "categoryIds": ["w-lunch-box"],
      "similarProducts": []
    },
    {
      "id": "w-39667-9310162310406",
      "name": "Sunbeam Sultanas",
      "brand": "Sunbeam",
      "imageUrls": "https://cdn0.woolworths.media/content/wowproductimages/large/039667.jpg",
      "storeId": "woolworths",
      "packageSize": "6x40g",
      "cupPrice": "$10.00 / 1KG",
      "locations": {
        "ALL": {
          "price": 2.4,
          "discountRate": 20,
          "promo": "",
          "orgPrice": 3
        }
      },
      "categoryIds": ["w-lunch-box"],
      "similarProducts": []
    },
    {
      "id": "w-773764-9310162310925",
      "name": "Sunbeam Sultanas & Cranberry",
      "brand": "Sunbeam",
      "imageUrls": "https://cdn0.woolworths.media/content/wowproductimages/large/773764.jpg",
      "storeId": "woolworths",
      "packageSize": "6 pack",
      "cupPrice": "$10.26 / 1KG",
      "locations": {
        "ALL": {
          "price": 2.4,
          "discountRate": 20,
          "promo": "",
          "orgPrice": 3
        }
      },
      "categoryIds": ["w-lunch-box"],
      "similarProducts": []
    }
  ],
  "categories": [
    { "id": "w-fruit-veg", "name": "Fruit & Veg" },
    { "id": "w-meat-seafood-deli", "name": "Meat, Seafood & Deli" },
    { "id": "w-bakery", "name": "Bakery" },
    { "id": "w-dairy-eggs-fridge", "name": "Dairy, Eggs & Fridge" },
    { "id": "w-pantry", "name": "Pantry" },
    { "id": "w-freezer", "name": "Freezer" },
    { "id": "w-drinks", "name": "Drinks" },
    { "id": "w-pet", "name": "Pet" },
    { "id": "w-baby", "name": "Baby" },
    { "id": "w-health-beauty", "name": "Health & Beauty" },
    { "id": "w-household", "name": "Household" },
    { "id": "w-lunch-box", "name": "Lunch Box" }
  ]
}
