[{"id":"simsons-pantry--premium-white-wraps-8pack","store":"coles","brand":"Simson's Pantry","name":"Premium White Large Wraps 8 pack","price":2.1,"orgPrice":4.2,"imagePath":"https://shop.coles.com.au/wcsstore/Coles-CAS/images/2/8/1/2815606.jpg","categoryIds":["bakery"],"packageSize":"560g","cupPrice":"$0.38 per 100G","isAvailable":true,"locations":["vic","sa","qld","nsw"]},{"id":"simsons-pantry-wholegrain-wraps-8pack","store":"coles","brand":"Simson's Pantry","name":"Wholegrain Large Wraps 8 pack","price":2.1,"orgPrice":4.2,"imagePath":"https://shop.coles.com.au/wcsstore/Coles-CAS/images/2/8/1/2815617.jpg","categoryIds":["bakery"],"packageSize":"560g","cupPrice":"$0.38 per 100G","isAvailable":true,"locations":["vic","sa","qld","nsw"]},{"id":"simsons-panrty-wraps-thai-chilli-lime-8-pack","store":"coles","brand":"Simson's Pantry","name":"Lime & Chilli Large Wraps 8 pack","price":2.1,"orgPrice":4.2,"imagePath":"https://shop.coles.com.au/wcsstore/Coles-CAS/images/3/2/0/3207570.jpg","categoryIds":["bakery"],"packageSize":"560g","cupPrice":"$0.38 per 100G","isAvailable":true,"locations":["vic","sa","qld","nsw"]},{"id":"dairy-farmers-yoghurt-thick-creamy-original","store":"coles","brand":"Dairy Farmers","name":"Thick & Creamy Classic Vanilla Yoghurt","price":1,"orgPrice":2.2,"imagePath":"https://shop.coles.com.au/wcsstore/Coles-CAS/images/1/1/9/1198548.jpg","categoryIds":["dairy-eggs-fridge"],"packageSize":"150g","cupPrice":"$0.67 per 100G","isAvailable":true,"locations":["vic","sa","qld","nsw"]},{"id":"dairy-farmers-yoghurt-thick-creamy-strawberry-1198468p","store":"coles","brand":"Dairy Farmers","name":"Thick N Creamy Strawberry Yoghurt","price":1,"orgPrice":2.2,"imagePath":"https://shop.coles.com.au/wcsstore/Coles-CAS/images/1/1/9/1198468.jpg","categoryIds":["dairy-eggs-fridge"],"packageSize":"150g","cupPrice":"$0.67 per 100G","isAvailable":true,"locations":["vic","sa","qld","nsw"]},{"id":"dairy-farmers-yoghurt-thick-creamy-lemon-cream","store":"coles","brand":"Dairy Farmers","name":"Thick & Creamy Lemon Cream Yoghurt","price":1,"orgPrice":2.2,"imagePath":"https://shop.coles.com.au/wcsstore/Coles-CAS/images/1/1/9/1198537.jpg","categoryIds":["dairy-eggs-fridge"],"packageSize":"150g","cupPrice":"$0.67 per 100G","isAvailable":true,"locations":["vic","sa","qld","nsw"]},{"id":"df-thick-creamy-apricot-vanilla-yoghurt","store":"coles","brand":"Dairy Farmers","name":"Thick & Creamy Apricot Vanilla Yoghurt","price":1,"orgPrice":2.2,"imagePath":"https://shop.coles.com.au/wcsstore/Coles-CAS/images/3/2/4/3242786.jpg","categoryIds":["dairy-eggs-fridge"],"packageSize":"150g","cupPrice":"$0.67 per 100G","isAvailable":true,"locations":["vic","qld","nsw"]},{"id":"dairy-farmers-yoghurt-thick-creamy-caramelised-fig","store":"coles","brand":"Dairy Farmers","name":"Thick & Creamy Caramelised Fig Yoghurt","price":1,"orgPrice":2.2,"imagePath":"https://shop.coles.com.au/wcsstore/Coles-CAS/images/1/1/9/1198118.jpg","categoryIds":["dairy-eggs-fridge"],"packageSize":"150g","cupPrice":"$0.67 per 100G","isAvailable":true,"locations":["vic","sa","qld","nsw"]},{"id":"df-thick-creamy-aust-edition-150g","store":"coles","brand":"Dairy Farmers","name":"Thick & Creamy Mangoes With Lemon Myrtle Yoghurt","price":1,"orgPrice":2.2,"imagePath":"https://shop.coles.com.au/wcsstore/Coles-CAS/images/3/5/3/3536506.jpg","categoryIds":["dairy-eggs-fridge"],"packageSize":"150g","cupPrice":"$0.67 per 100G","isAvailable":true,"locations":["vic","nsw"]},{"id":"arnotts-biscuits-teevee-snacks-malt-sticks-chocolate","store":"coles","brand":"Arnott's","name":"Chocolate Malt Sticks TeeVee Snacks","price":1.82,"orgPrice":3.6500000000000004,"imagePath":"https://shop.coles.com.au/wcsstore/Coles-CAS/images/9/5/0/9503543.jpg","categoryIds":["pantry"],"packageSize":"175g","cupPrice":"$1.04 per 100G","isAvailable":true,"locations":["vic","sa","qld","nsw"]},{"id":"nestle-kit-kat-fun-pack","store":"coles","brand":"Nestle","name":"KitKat Milk Chocolate 11 Pieces","price":2.3,"orgPrice":4.6,"imagePath":"https://shop.coles.com.au/wcsstore/Coles-CAS/images/5/1/6/5169687.jpg","categoryIds":["pantry"],"packageSize":"185g","cupPrice":"$1.24 per 100G","isAvailable":true,"locations":["vic","sa","qld","nsw"]},{"id":"vittoria-coffee-mountain-grown-beans","store":"coles","brand":"Vittoria","name":"Mountain Grown Coffee Beans","price":18.25,"orgPrice":36.5,"imagePath":"https://shop.coles.com.au/wcsstore/Coles-CAS/images/8/6/8/8686572.jpg","categoryIds":["pantry","drinks"],"packageSize":"1kg","cupPrice":"$1.83 per 100G","isAvailable":true,"locations":["vic","sa","qld","nsw"]},{"id":"cheezels-cheese","store":"coles","brand":"Cheezels","name":"Original Cheese Snacks","price":1.25,"orgPrice":2.5,"imagePath":"https://shop.coles.com.au/wcsstore/Coles-CAS/images/7/8/7/7879468.jpg","categoryIds":["pantry"],"packageSize":"110g","cupPrice":"$1.14 per 100G","isAvailable":true,"locations":["vic","sa","qld","nsw"]},{"id":"thins-potato-chips-light-tangy","store":"coles","brand":"Thins","name":"Light & Tangy Potato Chips","price":1.75,"orgPrice":1.75,"imagePath":"https://shop.coles.com.au/wcsstore/Coles-CAS/images/6/8/3/6833927.jpg","categoryIds":["pantry"],"packageSize":"175g","cupPrice":"$1.00 per 100G","isAvailable":true,"locations":["vic","sa","qld","nsw"]},{"id":"thins-potato-chips-original","store":"coles","brand":"Thins","name":"Original Potato Chips","price":1.75,"orgPrice":3.5,"imagePath":"https://shop.coles.com.au/wcsstore/Coles-CAS/images/6/8/3/6833891.jpg","categoryIds":["pantry"],"packageSize":"175g","cupPrice":"$1.00 per 100G","isAvailable":true,"locations":["vic","sa","qld","nsw"]},{"id":"vittoria-coffee-mountain-grwn-grnd","store":"coles","brand":"Vittoria","name":"Mountain Grown Ground Coffee","price":18.25,"orgPrice":36.5,"imagePath":"https://shop.coles.com.au/wcsstore/Coles-CAS/images/9/1/8/9180375.jpg","categoryIds":["pantry","drinks"],"packageSize":"1kg","cupPrice":"$1.83 per 100G","isAvailable":true,"locations":["vic","sa","qld","nsw"]},{"id":"vittoria-organic-coffee-beans","store":"coles","brand":"Vittoria","name":"Organic Espresso Coffee Beans","price":18.25,"orgPrice":36.5,"imagePath":"https://shop.coles.com.au/wcsstore/Coles-CAS/images/2/0/0/2002095.jpg","categoryIds":["pantry","drinks"],"packageSize":"1kg","cupPrice":"$1.83 per 100G","isAvailable":true,"locations":["vic","sa","qld","nsw"]},{"id":"cadbury-real-chocolate-milk-chocolate-baking-chips","store":"coles","brand":"Cadbury","name":"Milk Chocolate Baking Chips","price":2.1,"orgPrice":4.2,"imagePath":"https://shop.coles.com.au/wcsstore/Coles-CAS/images/2/3/1/2313620.jpg","categoryIds":["pantry"],"packageSize":"200g","cupPrice":"$1.05 per 100G","isAvailable":true,"locations":["vic","sa","qld","nsw"]},{"id":"cadbury-favourites-3571711p","store":"coles","brand":"Cadbury","name":"Favourites","price":10,"orgPrice":20,"imagePath":"https://shop.coles.com.au/wcsstore/Coles-CAS/images/3/5/7/3571711.jpg","categoryIds":["pantry"],"packageSize":"570g","cupPrice":"$1.75 per 100G","isAvailable":true,"locations":["vic","sa","qld","nsw"]},{"id":"mars-malteser-box","store":"coles","brand":"Maltesers","name":"Milk Chocolate Gift Box","price":6,"orgPrice":12,"imagePath":"https://shop.coles.com.au/wcsstore/Coles-CAS/images/3/6/0/3609268.jpg","categoryIds":["pantry"],"packageSize":"400g","cupPrice":"$1.50 per 100G","isAvailable":true,"locations":["vic","sa","qld","nsw"]},{"id":"lindt-excellence--chocolate-dark-extra-fine-70%25-cocoa","store":"coles","brand":"Lindt","name":"Excellence Extra Fine 70% Cocoa Dark Chocolate Block","price":2.25,"orgPrice":4.5,"imagePath":"https://shop.coles.com.au/wcsstore/Coles-CAS/images/7/1/5/7152550.jpg","categoryIds":["pantry"],"packageSize":"100g","cupPrice":"$2.25 per 100G","isAvailable":true,"locations":["vic","sa","qld","nsw"]},{"id":"thins-potato-chips-salt-vinegar","store":"coles","brand":"Thins","name":"Salt & Vinegar Potato Chips","price":1.75,"orgPrice":1.75,"imagePath":"https://shop.coles.com.au/wcsstore/Coles-CAS/images/6/8/3/6833949.jpg","categoryIds":["pantry"],"packageSize":"175g","cupPrice":"$1.00 per 100G","isAvailable":true,"locations":["vic","sa","qld","nsw"]},{"id":"continental-rices-oriental-fried-rice","store":"coles","brand":"Continental","name":"Oriental Fried Rice","price":1,"orgPrice":2.1,"imagePath":"https://shop.coles.com.au/wcsstore/Coles-CAS/images/5/4/3/5431510.jpg","categoryIds":["pantry"],"packageSize":"115g","cupPrice":"$0.87 per 100G","isAvailable":true,"locations":["vic","sa","qld","nsw"]},{"id":"continental-pasta-sauce-bacon-carbonara","store":"coles","brand":"Continental","name":"Pasta & Sauce Creamy Bacon Carbonara","price":1,"orgPrice":2.1,"imagePath":"https://shop.coles.com.au/wcsstore/Coles-CAS/images/4/7/2/4725694.jpg","categoryIds":["pantry"],"packageSize":"85g","cupPrice":"$1.18 per 100G","isAvailable":true,"locations":["vic","sa","qld","nsw"]},{"id":"continental-pasta-sauce-alfredo","store":"coles","brand":"Continental","name":"Alfredo Pasta & Sauce Serves 3","price":1,"orgPrice":2.1,"imagePath":"https://shop.coles.com.au/wcsstore/Coles-CAS/images/4/7/2/4725708.jpg","categoryIds":["pantry"],"packageSize":"85g","cupPrice":"$1.18 per 100G","isAvailable":true,"locations":["vic","sa","qld","nsw"]},{"id":"uncle-tobys-muesli-bars-chewy-choc-chip","store":"coles","brand":"Uncle Tobys","name":"Chewy Bars Choc Chip","price":2.15,"orgPrice":4.3,"imagePath":"https://shop.coles.com.au/wcsstore/Coles-CAS/images/4/9/7/4975192.jpg","categoryIds":["pantry"],"packageSize":"185g","cupPrice":"$1.16 per 100G","isAvailable":true,"locations":["vic","sa","qld","nsw"]},{"id":"dilmah-tea-bags-tea-cup","store":"coles","brand":"Dilmah","name":"Pure Ceylon Premium Tea Bags 100 pack","price":2.55,"orgPrice":5.1,"imagePath":"https://shop.coles.com.au/wcsstore/Coles-CAS/images/4/9/0/490012.jpg","categoryIds":["pantry","drinks"],"packageSize":"200g","cupPrice":"$0.03 per 1Ea","isAvailable":true,"locations":["vic","sa","qld","nsw"]},{"id":"mars-bar-chocolate-bar","store":"coles","brand":"Mars","name":"Chocolate Bar","price":1,"orgPrice":2,"imagePath":"https://shop.coles.com.au/wcsstore/Coles-CAS/images/1/3/8/138201.jpg","categoryIds":["pantry"],"packageSize":"53g","cupPrice":"$1.89 per 100G","isAvailable":true,"locations":["vic","sa","qld","nsw"]},{"id":"nestle-kit-kat-chocolate-bar","store":"coles","brand":"Nestle","name":"KitKat Milk Chocolate Bar","price":1,"orgPrice":2,"imagePath":"https://shop.coles.com.au/wcsstore/Coles-CAS/images/1/3/6/136512.jpg","categoryIds":["pantry"],"packageSize":"45g","cupPrice":"$2.22 per 100G","isAvailable":true,"locations":["vic","sa","qld","nsw"]},{"id":"continental-convenience-meal-pasta-sauce-macaroni-cheese","store":"coles","brand":"Continental","name":"Macaroni Cheese Pasta & Sauce Serves 3","price":1,"orgPrice":2.1,"imagePath":"https://shop.coles.com.au/wcsstore/Coles-CAS/images/1/4/1/1416296.jpg","categoryIds":["pantry"],"packageSize":"105g","cupPrice":"$0.95 per 100G","isAvailable":true,"locations":["vic","sa","qld","nsw"]},{"id":"nature-valley-protein-salted-caramel-bar","store":"coles","brand":"Nature Valley","name":"Salted Caramel Protein Bar","price":2.65,"orgPrice":5.3,"imagePath":"https://shop.coles.com.au/wcsstore/Coles-CAS/images/3/0/2/3022010.jpg","categoryIds":["pantry"],"packageSize":"160g","cupPrice":"$1.66 per 100G","isAvailable":true,"locations":["vic","sa","qld","nsw"]},{"id":"violet-crumble-choc-honeycomb-bag","store":"coles","brand":"Violet Crumble","name":"Gluten Free Chocolate Bites","price":2.2,"orgPrice":4.4,"imagePath":"https://shop.coles.com.au/wcsstore/Coles-CAS/images/3/4/5/3451367.jpg","categoryIds":["pantry"],"packageSize":"180g","cupPrice":"$1.22 per 100G","isAvailable":true,"locations":["vic","sa","qld","nsw"]},{"id":"arnotts-biscuits-teevee-snacks-original-chocolate","store":"coles","brand":"Arnott's","name":"Original Chocolate TeeVee Snacks","price":1.82,"orgPrice":3.6500000000000004,"imagePath":"https://shop.coles.com.au/wcsstore/Coles-CAS/images/9/5/0/9503532.jpg","categoryIds":["pantry"],"packageSize":"175g","cupPrice":"$1.04 per 100G","isAvailable":true,"locations":["vic","sa","qld","nsw"]},{"id":"nestle-milkybar-fun-pack","store":"coles","brand":"Nestle","name":"Milkybar White Chocolate 11 Piece Fun Pack","price":2.3,"orgPrice":4.6,"imagePath":"https://shop.coles.com.au/wcsstore/Coles-CAS/images/6/9/9/6991746.jpg","categoryIds":["pantry"],"packageSize":"158g","cupPrice":"$1.46 per 100G","isAvailable":true,"locations":["vic","sa","qld","nsw"]},{"id":"thins-potato-chips-chicken","store":"coles","brand":"Thins","name":"Chicken Potato Chips","price":1.75,"orgPrice":1.75,"imagePath":"https://shop.coles.com.au/wcsstore/Coles-CAS/images/6/8/3/6833950.jpg","categoryIds":["pantry"],"packageSize":"175g","cupPrice":"$1.00 per 100G","isAvailable":true,"locations":["vic","sa","qld","nsw"]},{"id":"nestle-smarties-fun-pack","store":"coles","brand":"Nestle","name":"Smarties Chocolate 11 Piece Fun Pack","price":2.3,"orgPrice":4.6,"imagePath":"https://shop.coles.com.au/wcsstore/Coles-CAS/images/5/3/5/5350418.jpg","categoryIds":["pantry"],"packageSize":"140g","cupPrice":"$1.64 per 100G","isAvailable":true,"locations":["vic","sa","qld","nsw"]},{"id":"lindt-excellence-chocolate-mint-intense","store":"coles","brand":"Lindt","name":"Excellence Mint Intense Chocolate Block","price":2.25,"orgPrice":4.5,"imagePath":"https://shop.coles.com.au/wcsstore/Coles-CAS/images/5/4/6/5460267.jpg","categoryIds":["pantry"],"packageSize":"100g","cupPrice":"$2.25 per 100G","isAvailable":true,"locations":["vic","sa","qld","nsw"]},{"id":"uncle-tobys-muesli-bars-yoghurt-topps-strawberry","store":"coles","brand":"Uncle Tobys","name":"Yoghurt Muesli Bars Strawberry 6 Pack","price":2.15,"orgPrice":4.3,"imagePath":"https://shop.coles.com.au/wcsstore/Coles-CAS/images/4/9/7/4974983.jpg","categoryIds":["pantry"],"packageSize":"185g","cupPrice":"$1.16 per 100G","isAvailable":true,"locations":["vic","sa","qld","nsw"]},{"id":"snickers-chocolate-bar","store":"coles","brand":"Snickers","name":"Chocolate Bar","price":1,"orgPrice":2,"imagePath":"https://shop.coles.com.au/wcsstore/Coles-CAS/images/2/4/5/245868.jpg","categoryIds":["pantry"],"packageSize":"50g","cupPrice":"$2.00 per 100G","isAvailable":true,"locations":["vic","sa","qld","nsw"]},{"id":"continental-cup-a-soup-lots-a-noodles-cream-of-chicken","store":"coles","brand":"Continental","name":"Cup A Soup Creamy Chicken with Lots of Noodles 2 pack","price":1,"orgPrice":2,"imagePath":"https://shop.coles.com.au/wcsstore/Coles-CAS/images/2/5/5/255646.jpg","categoryIds":["pantry"],"packageSize":"60g","cupPrice":"$1.67 per 100G","isAvailable":true,"locations":["vic","sa","qld","nsw"]},{"id":"continental-rices-chicken","store":"coles","brand":"Continental","name":"Chicken Rice Serves 3","price":1,"orgPrice":2.1,"imagePath":"https://shop.coles.com.au/wcsstore/Coles-CAS/images/8/9/1/8918099.jpg","categoryIds":["pantry"],"packageSize":"120g","cupPrice":"$0.83 per 100G","isAvailable":true,"locations":["vic","sa","qld","nsw"]},{"id":"go-ahead-biscuits-crispy-slice-sultana-forest-fruit","store":"coles","brand":"Go Ahead","name":"Sultana & Forest Fruit Crispy Slice","price":1.97,"orgPrice":3.95,"imagePath":"https://shop.coles.com.au/wcsstore/Coles-CAS/images/1/4/0/1405959.jpg","categoryIds":["pantry"],"packageSize":"218g","cupPrice":"$0.90 per 100G","isAvailable":true,"locations":["vic","sa","qld","nsw"]},{"id":"thins-sour-cream-chives-potato-chips","store":"coles","brand":"Thins","name":"Sour Cream & Chives Potato Chips","price":1.75,"orgPrice":3.5,"imagePath":"https://shop.coles.com.au/wcsstore/Coles-CAS/images/1/7/2/1721846.jpg","categoryIds":["pantry"],"packageSize":"175g","cupPrice":"$1.00 per 100G","isAvailable":true,"locations":["vic","sa","qld","nsw"]},{"id":"cadbury-real-chocolate-dark-chocolate-baking-chips","store":"coles","brand":"Cadbury","name":"Dark Chocolate Baking Chips","price":2.1,"orgPrice":4.2,"imagePath":"https://shop.coles.com.au/wcsstore/Coles-CAS/images/2/3/1/2313608.jpg","categoryIds":["pantry"],"packageSize":"200g","cupPrice":"$1.05 per 100G","isAvailable":true,"locations":["vic","sa","qld","nsw"]},{"id":"lindt-lindor-assorted-cornet","store":"coles","brand":"Lindt","name":"Lindor Assorted Surtido Cornet","price":10,"orgPrice":20,"imagePath":"https://shop.coles.com.au/wcsstore/Coles-CAS/images/2/7/1/2715940.jpg","categoryIds":["pantry"],"packageSize":"375g","cupPrice":"$2.67 per 100G","isAvailable":true,"locations":["vic","sa","qld","nsw"]},{"id":"nature-valley-protein-peanut-choc","store":"coles","brand":"Nature Valley","name":"Peanut & Chocolate Protein Bar","price":2.65,"orgPrice":5.3,"imagePath":"https://shop.coles.com.au/wcsstore/Coles-CAS/images/2/8/2/2827139.jpg","categoryIds":["pantry"],"packageSize":"160g","cupPrice":"$1.66 per 100G","isAvailable":true,"locations":["vic","sa","qld","nsw"]},{"id":"fibre-one-5-chocolate-fudge-brownies","store":"coles","brand":"Fibre One","name":"Chocolate Fudge Brownies 5 pack","price":2.75,"orgPrice":5.5,"imagePath":"https://shop.coles.com.au/wcsstore/Coles-CAS/images/2/8/2/2827161.jpg","categoryIds":["pantry"],"packageSize":"120g","cupPrice":"$2.29 per 100G","isAvailable":true,"locations":["vic","sa","qld","nsw"]},{"id":"lindt-lindor-limited-edition-cornet","store":"coles","brand":"Lindt","name":"Lindor Limited Edition Chocolate Balls Assorted","price":10,"orgPrice":20,"imagePath":"https://shop.coles.com.au/wcsstore/Coles-CAS/images/3/3/1/3314377.jpg","categoryIds":["pantry"],"packageSize":"375g","cupPrice":"$2.67 per 100G","isAvailable":true,"locations":["vic","sa","qld","nsw"]},{"id":"wild-tides-tuna-olive-oil","store":"coles","brand":"Wild Tides","name":"Fished Tuna Olive Oil Blend","price":1,"orgPrice":2,"imagePath":"https://shop.coles.com.au/wcsstore/Coles-CAS/images/3/2/9/3294780.jpg","categoryIds":["pantry"],"packageSize":"95g","cupPrice":"$10.53 per 1Kg","isAvailable":true,"locations":["vic","sa","qld","nsw"]},{"id":"wild-tides-tuna-springwater","store":"coles","brand":"Wild Tides","name":"Springwater Fished Tuna","price":1,"orgPrice":2,"imagePath":"https://shop.coles.com.au/wcsstore/Coles-CAS/images/3/2/9/3294815.jpg","categoryIds":["pantry"],"packageSize":"95g","cupPrice":"$1.05 per 100G","isAvailable":true,"locations":["vic","sa","qld","nsw"]},{"id":"ryvita-crispbread-multi-grain","store":"coles","brand":"Ryvita","name":"Multigrain Rye Crispbread","price":1.42,"orgPrice":2.8499999999999996,"imagePath":"https://shop.coles.com.au/wcsstore/Coles-CAS/images/9/7/0/9702619.jpg","categoryIds":["pantry"],"packageSize":"250g","cupPrice":"$0.57 per 100G","isAvailable":true,"locations":["vic","sa","qld","nsw"]},{"id":"sanitarium-up-go-liquid-breakfast-chocolate-ice-3-pack","store":"coles","brand":"Sanitarium","name":"UP&GO Liquid Breakfast Choc Ice 250mL","price":2.4,"orgPrice":4.8,"imagePath":"https://shop.coles.com.au/wcsstore/Coles-CAS/images/7/1/4/7144632.jpg","categoryIds":["pantry"],"packageSize":"3 pack","cupPrice":"$0.32 per 100mL","isAvailable":true,"locations":["vic","sa","qld","nsw"]},{"id":"ryvita-crispbread-original","store":"coles","brand":"Ryvita","name":"Original Crispbread","price":1.42,"orgPrice":2.8499999999999996,"imagePath":"https://shop.coles.com.au/wcsstore/Coles-CAS/images/9/7/0/9702459.jpg","categoryIds":["pantry"],"packageSize":"250g","cupPrice":"$0.57 per 100G","isAvailable":true,"locations":["vic","sa","qld","nsw"]},{"id":"continental-cup-a-soup-laksa","store":"coles","brand":"Continental","name":"Cup A Soup Asian Laksa 2 pack","price":1,"orgPrice":2,"imagePath":"https://shop.coles.com.au/wcsstore/Coles-CAS/images/8/8/8/8887042.jpg","categoryIds":["pantry"],"packageSize":"65g","cupPrice":"$1.54 per 100G","isAvailable":true,"locations":["vic","sa","qld","nsw"]},{"id":"lindt-excellence--chocolate-milk-extra-creamy","store":"coles","brand":"Lindt","name":"Extra Creamy Excellence Milk Chocolate Block","price":2.25,"orgPrice":4.5,"imagePath":"https://shop.coles.com.au/wcsstore/Coles-CAS/images/7/1/5/7152448.jpg","categoryIds":["pantry"],"packageSize":"100g","cupPrice":"$2.25 per 100G","isAvailable":true,"locations":["vic","sa","qld","nsw"]},{"id":"french-fries-potato-chips-original-7117775p","store":"coles","brand":"French Fries","name":"Original Potato Chips","price":1.75,"orgPrice":3.5,"imagePath":"https://shop.coles.com.au/wcsstore/Coles-CAS/images/7/1/1/7117775.jpg","categoryIds":["pantry"],"packageSize":"175g","cupPrice":"$1.00 per 100G","isAvailable":true,"locations":["vic","sa","qld","nsw"]},{"id":"lindt-excellence-chocolate-orange","store":"coles","brand":"Lindt","name":"Excellence Orange Dark Chocolate Block","price":2.25,"orgPrice":4.5,"imagePath":"https://shop.coles.com.au/wcsstore/Coles-CAS/images/4/1/9/4194827.jpg","categoryIds":["pantry"],"packageSize":"100g","cupPrice":"$2.25 per 100G","isAvailable":true,"locations":["vic","sa","nsw"]},{"id":"nestle-chocolate-bar-medium-peppermint-crisp","store":"coles","brand":"Nestle","name":"Peppermint Crisp Chocolate Bar","price":1,"orgPrice":2,"imagePath":"https://shop.coles.com.au/wcsstore/Coles-CAS/images/1/4/2/142424.jpg","categoryIds":["pantry"],"packageSize":"35g","cupPrice":"$2.86 per 100G","isAvailable":true,"locations":["vic","sa","nsw"]},{"id":"nestle-smarties-chocolate-bar","store":"coles","brand":"Nestle","name":"Smarties","price":1,"orgPrice":2,"imagePath":"https://shop.coles.com.au/wcsstore/Coles-CAS/images/1/4/2/142413.jpg","categoryIds":["pantry"],"packageSize":"50g","cupPrice":"$2.00 per 100G","isAvailable":true,"locations":["vic","sa","nsw"]},{"id":"continental-cup-a-soup-lots-a-noodles-chicken","store":"coles","brand":"Continental","name":"Cup A Soup Chicken with Lots of Noodles 2 pack","price":1,"orgPrice":2,"imagePath":"https://shop.coles.com.au/wcsstore/Coles-CAS/images/3/5/6/356472.jpg","categoryIds":["pantry"],"packageSize":"60g","cupPrice":"$1.67 per 100G","isAvailable":true,"locations":["vic","sa","nsw"]},{"id":"aunt-bettys-pudding-chocolate-2-pack","store":"coles","brand":"Aunt Betty's","name":"Chocolate Steamy Puds 2 Pack","price":2,"orgPrice":4,"imagePath":"https://shop.coles.com.au/wcsstore/Coles-CAS/images/9/9/5/9958044.jpg","categoryIds":["pantry"],"packageSize":"190g","cupPrice":"$1.05 per 100G","isAvailable":true,"locations":["vic","sa","nsw"]},{"id":"aunty-bettys-cream-whipped-chocolate","store":"coles","brand":"Aunt Betty's","name":"Whipped Cream Chocolate","price":3,"orgPrice":4,"imagePath":"https://shop.coles.com.au/wcsstore/Coles-CAS/images/3/5/0/3509220.jpg","categoryIds":["pantry"],"packageSize":"250mL","cupPrice":"$1.20 per 100mL","isAvailable":true,"locations":["vic","sa"]},{"id":"aunt-bettys-pudding-sticky-date-2-x-95g","store":"coles","brand":"Aunt Betty's","name":"Sticky Date Steamy Pud 2 Pack","price":2,"orgPrice":4,"imagePath":"https://shop.coles.com.au/wcsstore/Coles-CAS/images/9/9/5/9958237.jpg","categoryIds":["pantry"],"packageSize":"190g","cupPrice":"$1.05 per 100G","isAvailable":true,"locations":["vic","sa","nsw"]},{"id":"continental-cup-a-soup-creamy-chicken-with-croutons","store":"coles","brand":"Continental","name":"Cup A Soup Creamy Chicken with Croutons 2 pack","price":1,"orgPrice":2,"imagePath":"https://shop.coles.com.au/wcsstore/Coles-CAS/images/9/1/5/9151344.jpg","categoryIds":["pantry"],"packageSize":"60g","cupPrice":"$1.67 per 100G","isAvailable":true,"locations":["vic","sa","nsw"]},{"id":"lindt-excellence-chocolate-dark-extra-fine-85%25-cocoa","store":"coles","brand":"Lindt","name":"Excellence 85% Cocoa Dark Chocolate Block","price":2.25,"orgPrice":4.5,"imagePath":"https://shop.coles.com.au/wcsstore/Coles-CAS/images/9/5/2/9524521.jpg","categoryIds":["pantry"],"packageSize":"100g","cupPrice":"$2.25 per 100G","isAvailable":true,"locations":["vic","sa","nsw"]},{"id":"continental-cup-a-soup-chicken-corn-with-croutons","store":"coles","brand":"Continental","name":"Cup A Soup Creamy Chicken & Corn with Croutons 2 pack","price":1,"orgPrice":2,"imagePath":"https://shop.coles.com.au/wcsstore/Coles-CAS/images/9/1/5/9151559.jpg","categoryIds":["pantry"],"packageSize":"60g","cupPrice":"$1.67 per 100G","isAvailable":true,"locations":["vic","sa","nsw"]},{"id":"lindt-90%25-cocoa-excellence-supreme-dark-chocolate","store":"coles","brand":"Lindt","name":"90% Cocoa Excellence Supreme Dark Chocolate","price":2.25,"orgPrice":4.5,"imagePath":"https://shop.coles.com.au/wcsstore/Coles-CAS/images/1/7/3/1735589.jpg","categoryIds":["pantry"],"packageSize":"100g","cupPrice":"$2.25 per 100G","isAvailable":true,"locations":["vic","sa","nsw"]},{"id":"freedom-foods-xo-crunch","store":"coles","brand":"Freedom Foods","name":"XO Crunch","price":2,"orgPrice":4,"imagePath":"https://shop.coles.com.au/wcsstore/Coles-CAS/images/1/9/9/1992606.jpg","categoryIds":["pantry","health-beauty"],"packageSize":"285g","cupPrice":"$0.70 per 100G","isAvailable":true,"locations":["vic","sa","qld","nsw"]},{"id":"mars-m-m-peanut-box","store":"coles","brand":"M&M's","name":"Peanut Chocolate Gift Box","price":6,"orgPrice":12,"imagePath":"https://shop.coles.com.au/wcsstore/Coles-CAS/images/3/6/0/3609246.jpg","categoryIds":["pantry"],"packageSize":"460g","cupPrice":"$1.30 per 100G","isAvailable":true,"locations":["vic","sa","nsw"]},{"id":"lindt-excellence--chocolate-roasted-almond","store":"coles","brand":"Lindt","name":"Excellence Roasted Almond Dark Chocolate Block","price":2.25,"orgPrice":4.5,"imagePath":"https://shop.coles.com.au/wcsstore/Coles-CAS/images/6/9/2/6922073.jpg","categoryIds":["pantry"],"packageSize":"100g","cupPrice":"$2.25 per 100G","isAvailable":true,"locations":["vic","sa","nsw"]},{"id":"nestle-peppermint-aero-chocolate-bar","store":"coles","brand":"Nestle","name":"Aero Peppermint Chocolate Bar","price":1,"orgPrice":2,"imagePath":"https://shop.coles.com.au/wcsstore/Coles-CAS/images/5/8/2/5823950.jpg","categoryIds":["pantry"],"packageSize":"40g","cupPrice":"$2.50 per 100G","isAvailable":true,"locations":["vic","sa","nsw"]},{"id":"uncle-tobys-muesli-bars-chewy-white-choc-chip","store":"coles","brand":"Uncle Tobys","name":"Chewy Muesli Bars White Choc Chip 6 Pack","price":2.15,"orgPrice":4.3,"imagePath":"https://shop.coles.com.au/wcsstore/Coles-CAS/images/4/9/7/4975217.jpg","categoryIds":["pantry"],"packageSize":"185g","cupPrice":"$1.16 per 100G","isAvailable":true,"locations":["vic","sa","nsw"]},{"id":"go-ahead-biscuits-crispy-slice-sultana-apple","store":"coles","brand":"Go Ahead","name":"Sultana & Apple Crispy Slice","price":1.97,"orgPrice":3.95,"imagePath":"https://shop.coles.com.au/wcsstore/Coles-CAS/images/1/4/0/1405948.jpg","categoryIds":["pantry"],"packageSize":"218g","cupPrice":"$0.90 per 100G","isAvailable":true,"locations":["vic","sa","nsw"]},{"id":"lindt-sea-salt-caramel-excellence-dark-chocolate-block","store":"coles","brand":"Lindt","name":"Excellence Sea Salt Caramel Dark Chocolate Block","price":2.25,"orgPrice":4.5,"imagePath":"https://shop.coles.com.au/wcsstore/Coles-CAS/images/2/0/2/2024495.jpg","categoryIds":["pantry"],"packageSize":"100g","cupPrice":"$2.25 per 100G","isAvailable":true,"locations":["vic","sa","nsw"]},{"id":"nestle-chocolate-kit-kat-chunky","store":"coles","brand":"Nestle","name":"KitKat Chunky Milk Chocolate","price":1,"orgPrice":2,"imagePath":"https://shop.coles.com.au/wcsstore/Coles-CAS/images/2/0/2/2026118.jpg","categoryIds":["pantry"],"packageSize":"50g","cupPrice":"$2.00 per 100G","isAvailable":true,"locations":["vic","sa","nsw"]},{"id":"cadbury-real-chocolate-white-chocolate-baking-chips","store":"coles","brand":"Cadbury","name":"White Chocolate Baking Chips","price":2.1,"orgPrice":4.2,"imagePath":"https://shop.coles.com.au/wcsstore/Coles-CAS/images/2/3/1/2313619.jpg","categoryIds":["pantry"],"packageSize":"200g","cupPrice":"$1.05 per 100G","isAvailable":true,"locations":["vic","sa","nsw"]},{"id":"cadbury-real-chocolate-milk-chocolate-melting-buttons","store":"coles","brand":"Cadbury","name":"Milk Chocolate Melting Buttons","price":2.1,"orgPrice":4.2,"imagePath":"https://shop.coles.com.au/wcsstore/Coles-CAS/images/2/3/1/2313652.jpg","categoryIds":["pantry"],"packageSize":"225g","cupPrice":"$0.93 per 100G","isAvailable":true,"locations":["vic","sa","nsw"]},{"id":"lindt--excellence-chocolate-78-cocoa","store":"coles","brand":"Lindt","name":"Excellence 78% Cocoa Dark Chocolate Bar","price":2.25,"orgPrice":4.5,"imagePath":"https://shop.coles.com.au/wcsstore/Coles-CAS/images/2/8/7/2876349.jpg","categoryIds":["pantry"],"packageSize":"100g","cupPrice":"$2.25 per 100G","isAvailable":true,"locations":["vic","sa","nsw"]},{"id":"nestle-milkybar-milk-cookies-bar","store":"coles","brand":"Nestle","name":"Chokito Bar","price":1,"orgPrice":2,"imagePath":"https://shop.coles.com.au/wcsstore/Coles-CAS/images/3/0/5/3050821.jpg","categoryIds":["pantry"],"packageSize":"55g","cupPrice":"$1.82 per 100G","isAvailable":true,"locations":["vic","sa","nsw"]},{"id":"cadbury-twirl-bites","store":"coles","brand":"Cadbury","name":"Twirl Bites Chocolate Pieces","price":6,"orgPrice":12,"imagePath":"https://shop.coles.com.au/wcsstore/Coles-CAS/images/3/2/8/3287514.jpg","categoryIds":["pantry"],"packageSize":"300g","cupPrice":"$2.00 per 100G","isAvailable":true,"locations":["vic","sa","nsw"]},{"id":"wild-tides-tuna-spicy-chilli","store":"coles","brand":"Wild Tides","name":"Spicy Chilli Fished Tuna","price":1,"orgPrice":2,"imagePath":"https://shop.coles.com.au/wcsstore/Coles-CAS/images/3/2/9/3294972.jpg","categoryIds":["pantry"],"packageSize":"95g","cupPrice":"$10.53 per 1Kg","isAvailable":true,"locations":["vic","sa","nsw"]},{"id":"mars-celebrations-box-3609235p","store":"coles","brand":"Mars","name":"Celebrations Chocolate Gift Box","price":6,"orgPrice":12,"imagePath":"https://shop.coles.com.au/wcsstore/Coles-CAS/images/3/6/0/3609235.jpg","categoryIds":["pantry"],"packageSize":"320g","cupPrice":"$1.88 per 100G","isAvailable":true,"locations":["vic","sa","nsw"]},{"id":"john-west-tempters-salmon-in-springwater","store":"coles","brand":"John West","name":"Springwater Salmon","price":1.35,"orgPrice":2.7,"imagePath":"https://shop.coles.com.au/wcsstore/Coles-CAS/images/5/5/5/5558780.jpg","categoryIds":["pantry"],"packageSize":"95g","cupPrice":"$14.21 per 1Kg","isAvailable":true,"locations":["vic","sa","nsw"]},{"id":"continental-cup-a-soup-hearty-italian-minestrone","store":"coles","brand":"Continental","name":"Cup A Soup Italian Minestrone 2 pack","price":1,"orgPrice":2,"imagePath":"https://shop.coles.com.au/wcsstore/Coles-CAS/images/5/3/4/5342920.jpg","categoryIds":["pantry"],"packageSize":"75g","cupPrice":"$1.33 per 100G","isAvailable":true,"locations":["vic","sa","nsw"]},{"id":"continental-pasta-sauce-chicken-curry","store":"coles","brand":"Continental","name":"Chicken Curry Pasta & Sauce Serves 3","price":1,"orgPrice":2.1,"imagePath":"https://shop.coles.com.au/wcsstore/Coles-CAS/images/4/7/2/4725763.jpg","categoryIds":["pantry"],"packageSize":"90g","cupPrice":"$1.11 per 100G","isAvailable":true,"locations":["vic","sa","nsw"]},{"id":"freedom-foods-cereal-rice-puffs--gluten-free","store":"coles","brand":"Freedom Foods","name":"Cereal Rice Puffs","price":2,"orgPrice":4,"imagePath":"https://shop.coles.com.au/wcsstore/Coles-CAS/images/4/6/0/4604703.jpg","categoryIds":["pantry","health-beauty"],"packageSize":"250g","cupPrice":"$0.80 per 100G","isAvailable":true,"locations":["vic","sa","qld","nsw"]},{"id":"aunt-bettys-pudding-golden-syrup-2-x-95g","store":"coles","brand":"Aunt Betty's","name":"Gooey Golden Syrup Steamy Puds 2 Pack","price":2,"orgPrice":4,"imagePath":"https://shop.coles.com.au/wcsstore/Coles-CAS/images/9/9/5/9958113.jpg","categoryIds":["pantry"],"packageSize":"190g","cupPrice":"$1.05 per 100G","isAvailable":true,"locations":["vic","sa","nsw"]},{"id":"lindt-excellence-dark-hazelnut-chocolate-block","store":"coles","brand":"Lindt","name":"Excellence Dark Hazelnut Chocolate Block","price":2.25,"orgPrice":4.5,"imagePath":"https://shop.coles.com.au/wcsstore/Coles-CAS/images/2/6/5/2652160.jpg","categoryIds":["pantry"],"packageSize":"100g","cupPrice":"$2.25 per 100G","isAvailable":true,"locations":["vic","sa","nsw"]},{"id":"lindt-excellence-70-dark-smooth-chocolate-block","store":"coles","brand":"Lindt","name":"Excellence 70% Dark Smooth Chocolate Block","price":2.25,"orgPrice":4.5,"imagePath":"https://shop.coles.com.au/wcsstore/Coles-CAS/images/2/6/5/2652159.jpg","categoryIds":["pantry"],"packageSize":"100g","cupPrice":"$2.25 per 100G","isAvailable":true,"locations":["vic","sa","nsw"]},{"id":"greens-brownie-mix-triple-choc","store":"coles","brand":"Green's","name":"Triple Choc Fudge Brownie","price":2,"orgPrice":4,"imagePath":"https://shop.coles.com.au/wcsstore/Coles-CAS/images/2/7/3/2734570.jpg","categoryIds":["pantry"],"packageSize":"500g","cupPrice":"$0.40 per 100G","isAvailable":true,"locations":["vic","sa","nsw"]},{"id":"sunbites-cheddar-chives-crackers-snack","store":"coles","brand":"Sunbites","name":"Cheddar & Chives Snack Crackers With Quinoa","price":1.5,"orgPrice":3,"imagePath":"https://shop.coles.com.au/wcsstore/Coles-CAS/images/2/9/7/2976831.jpg","categoryIds":["pantry"],"packageSize":"110g","cupPrice":"$1.36 per 100G","isAvailable":true,"locations":["vic","sa","nsw"]},{"id":"cadbury-dairy-milk-gift-box","store":"coles","brand":"Cadbury","name":"Dairy Milk Chocolate Gift Box","price":6,"orgPrice":12,"imagePath":"https://shop.coles.com.au/wcsstore/Coles-CAS/images/3/3/0/3308997.jpg","categoryIds":["pantry"],"packageSize":"220g","cupPrice":"$2.73 per 100G","isAvailable":true,"locations":["vic","sa","nsw"]},{"id":"wild-tides-tuna-lem-pepper","store":"coles","brand":"Wild Tides","name":"Lemon And Pepper Tuna","price":1,"orgPrice":2,"imagePath":"https://shop.coles.com.au/wcsstore/Coles-CAS/images/3/2/9/3294859.jpg","categoryIds":["pantry"],"packageSize":"95g","cupPrice":"$10.53 per 1Kg","isAvailable":true,"locations":["vic","sa","nsw"]},{"id":"the-natural-cracker-co-cracker-honey-soy-chicken","store":"coles","brand":"The Natural Cracker Co.","name":"Honey Soy Chicken Crispy Crackers","price":1.75,"orgPrice":3.5,"imagePath":"https://shop.coles.com.au/wcsstore/Coles-CAS/images/3/4/4/3449831.jpg","categoryIds":["pantry"],"packageSize":"160g","cupPrice":"$1.09 per 100G","isAvailable":true,"locations":["vic","sa","nsw"]},{"id":"nestle-milkybar-chocolate-bar","store":"coles","brand":"Nestle","name":"Milkybar White Chocolate Bar","price":1,"orgPrice":2,"imagePath":"https://shop.coles.com.au/wcsstore/Coles-CAS/images/7/7/6/7767668.jpg","categoryIds":["pantry"],"packageSize":"50g","cupPrice":"$2.00 per 100G","isAvailable":true,"locations":["vic","sa","nsw"]},{"id":"greens-cup-cake-mix-vanilla","store":"coles","brand":"Green's","name":"Vanilla Cupcake Mix","price":2,"orgPrice":4,"imagePath":"https://shop.coles.com.au/wcsstore/Coles-CAS/images/5/6/7/5675300.jpg","categoryIds":["pantry"],"packageSize":"490g","cupPrice":"$0.41 per 100G","isAvailable":true,"locations":["vic","sa","nsw"]},{"id":"twix-chocolate-bar","store":"coles","brand":"Twix","name":"Chocolate Bar","price":1,"orgPrice":2,"imagePath":"https://shop.coles.com.au/wcsstore/Coles-CAS/images/6/0/2/6029901.jpg","categoryIds":["pantry"],"packageSize":"50g","cupPrice":"$2.00 per 100G","isAvailable":true,"locations":["vic","sa","nsw"]},{"id":"goldn-canola-canola-oil","store":"coles","brand":"Gold'N Canola","name":"Canola Oil","price":9,"orgPrice":18,"imagePath":"https://shop.coles.com.au/wcsstore/Coles-CAS/images/5/2/2/5222305.jpg","categoryIds":["pantry"],"packageSize":"4L","cupPrice":"$0.23 per 100mL","isAvailable":true,"locations":["vic","sa","nsw"]},{"id":"nestle-violet-crumble-chocolate-bar","store":"coles","brand":"Violet Crumble","name":"Gluten Free Chocolate Bar","price":1,"orgPrice":2,"imagePath":"https://shop.coles.com.au/wcsstore/Coles-CAS/images/5/1/9/5192521.jpg","categoryIds":["pantry"],"packageSize":"50g","cupPrice":"$2.00 per 100G","isAvailable":true,"locations":["vic","sa","nsw"]},{"id":"continental-pasta-sauce-four-cheeses","store":"coles","brand":"Continental","name":"Four Cheeses Pasta & Sauce Serves 3","price":1,"orgPrice":2.1,"imagePath":"https://shop.coles.com.au/wcsstore/Coles-CAS/images/4/7/2/4725800.jpg","categoryIds":["pantry"],"packageSize":"100g","cupPrice":"$1.00 per 100G","isAvailable":true,"locations":["vic","sa","nsw"]},{"id":"mars-bounty-chocolate-bar","store":"coles","brand":"Mars","name":"Bounty Coconut Chocolate Bar","price":1,"orgPrice":2,"imagePath":"https://shop.coles.com.au/wcsstore/Coles-CAS/images/2/0/4/204168.jpg","categoryIds":["pantry"],"packageSize":"56g","cupPrice":"$1.79 per 100G","isAvailable":true,"locations":["vic","sa","nsw"]},{"id":"continental-cup-a-soup-hearty-roast-chicken","store":"coles","brand":"Continental","name":"Cup A Soup Roast Chicken 2 pack","price":1,"orgPrice":2,"imagePath":"https://shop.coles.com.au/wcsstore/Coles-CAS/images/2/9/0/290465.jpg","categoryIds":["pantry"],"packageSize":"75g","cupPrice":"$1.33 per 100G","isAvailable":true,"locations":["vic","sa","nsw"]},{"id":"freedom-foods-cereal-ultra-rice-maple-crunch-gluten-free","store":"coles","brand":"Freedom Foods","name":"Ultra Rice Maple Crunch Gluten Free","price":2.5,"orgPrice":5,"imagePath":"https://shop.coles.com.au/wcsstore/Coles-CAS/images/9/5/5/9552367.jpg","categoryIds":["pantry","health-beauty"],"packageSize":"300g","cupPrice":"$0.83 per 100G","isAvailable":true,"locations":["vic","sa","qld","nsw"]},{"id":"lindt-chocolate-excellence-a-touch-of-sea-salt","store":"coles","brand":"Lindt","name":"Excellence Sea Salt  Dark Chocolate Block","price":2.25,"orgPrice":4.5,"imagePath":"https://shop.coles.com.au/wcsstore/Coles-CAS/images/7/5/8/7581841.jpg","categoryIds":["pantry"],"packageSize":"100g","cupPrice":"$2.25 per 100G","isAvailable":true,"locations":["vic","sa","nsw"]},{"id":"uncle-tobys-yoghurt-topps-muesli-bars-honeycomb-6-pack","store":"coles","brand":"Uncle Tobys","name":"Yoghurt Muesli Bars Honeycomb 6 Pack","price":2.15,"orgPrice":4.3,"imagePath":"https://shop.coles.com.au/wcsstore/Coles-CAS/images/4/9/7/4974950.jpg","categoryIds":["pantry"],"packageSize":"185g","cupPrice":"$1.16 per 100G","isAvailable":true,"locations":["vic","sa","nsw"]},{"id":"freedom-foods-active-balance-multigrain-cranberry","store":"coles","brand":"Freedom Foods","name":"Active Balance Multigrain & Cranberry","price":3,"orgPrice":6,"imagePath":"https://shop.coles.com.au/wcsstore/Coles-CAS/images/1/8/3/1838537.jpg","categoryIds":["pantry","health-beauty"],"packageSize":"350g","cupPrice":"$0.86 per 100G","isAvailable":true,"locations":["vic","sa","qld","nsw"]},{"id":"lindt-excellence-chocolate-raspberry-intense","store":"coles","brand":"Lindt","name":"Excellence Chocolate Raspberry Intense","price":2.25,"orgPrice":4.5,"imagePath":"https://shop.coles.com.au/wcsstore/Coles-CAS/images/2/2/2/2221383.jpg","categoryIds":["pantry"],"packageSize":"100g","cupPrice":"$2.25 per 100G","isAvailable":true,"locations":["vic","sa","nsw"]},{"id":"jordans-simply-crunchy-oat-granola","store":"coles","brand":"Jordans","name":"Simply Crunchy Oat Granola","price":3.5,"orgPrice":7,"imagePath":"https://shop.coles.com.au/wcsstore/Coles-CAS/images/2/4/9/2499255.jpg","categoryIds":["pantry"],"packageSize":"750g","cupPrice":"$0.47 per 100G","isAvailable":true,"locations":["vic","sa","nsw"]},{"id":"lindt-lindor-milk-cornet","store":"coles","brand":"Lindt","name":"Lindor Milk Cornet","price":10,"orgPrice":20,"imagePath":"https://shop.coles.com.au/wcsstore/Coles-CAS/images/3/1/9/3191437.jpg","categoryIds":["pantry"],"packageSize":"375g","cupPrice":"$2.67 per 100G","isAvailable":true,"locations":["vic","sa","nsw"]},{"id":"sanitarium-up-go-liquid-breakfast-strawberry-3-pack","store":"coles","brand":"Sanitarium","name":"UP&GO Liquid Breakfast Strawberry 250mL","price":2.4,"orgPrice":4.8,"imagePath":"https://shop.coles.com.au/wcsstore/Coles-CAS/images/8/0/3/8037809.jpg","categoryIds":["pantry"],"packageSize":"3 pack","cupPrice":"$0.32 per 100mL","isAvailable":true,"locations":["vic","sa","nsw"]},{"id":"john-west-tempters-salmon-smoked","store":"coles","brand":"John West","name":"Naturally Smoked Tempters Salmon","price":1.35,"orgPrice":2.7,"imagePath":"https://shop.coles.com.au/wcsstore/Coles-CAS/images/7/0/8/7086558.jpg","categoryIds":["pantry"],"packageSize":"95g","cupPrice":"$14.21 per 1Kg","isAvailable":true,"locations":["vic","sa","nsw"]},{"id":"continental-cup-a-soup-soup-hearty-dutch-curry","store":"coles","brand":"Continental","name":"Cup A Soup Dutch Curry with Rice 2 pack","price":1,"orgPrice":2,"imagePath":"https://shop.coles.com.au/wcsstore/Coles-CAS/images/5/7/0/5706050.jpg","categoryIds":["pantry"],"packageSize":"55g","cupPrice":"$1.82 per 100G","isAvailable":true,"locations":["vic","sa","nsw"]},{"id":"continental-pasta-sauce-sour-cream-chives","store":"coles","brand":"Continental","name":"Sour Cream & Chives Pasta & Sauce Serves 3","price":1,"orgPrice":2.1,"imagePath":"https://shop.coles.com.au/wcsstore/Coles-CAS/images/4/7/2/4725719.jpg","categoryIds":["pantry"],"packageSize":"85g","cupPrice":"$1.18 per 100G","isAvailable":true,"locations":["vic","sa","nsw"]},{"id":"mars-chocolate-m-ms-minis","store":"coles","brand":"Mars","name":"M&M's Minis Chocolate","price":1,"orgPrice":2,"imagePath":"https://shop.coles.com.au/wcsstore/Coles-CAS/images/4/5/0/4503874.jpg","categoryIds":["pantry"],"packageSize":"35g","cupPrice":"$2.86 per 100G","isAvailable":true,"locations":["vic","sa","nsw"]},{"id":"john-west-tempters-salmon-olive-oil-blend","store":"coles","brand":"John West","name":"Olive Oil Blend Salmon","price":1.35,"orgPrice":2.7,"imagePath":"https://shop.coles.com.au/wcsstore/Coles-CAS/images/9/6/2/9629348.jpg","categoryIds":["pantry"],"packageSize":"95g","cupPrice":"$14.21 per 1Kg","isAvailable":true,"locations":["vic","sa","nsw"]},{"id":"cadbury-real-chocolate-real-chocolate-milk-chocolate-block","store":"coles","brand":"Cadbury","name":"Milk Chocolate Baking Block","price":2.02,"orgPrice":4.05,"imagePath":"https://shop.coles.com.au/wcsstore/Coles-CAS/images/2/3/1/2313700.jpg","categoryIds":["pantry"],"packageSize":"180g","cupPrice":"$1.12 per 100G","isAvailable":true,"locations":["vic","sa","nsw"]},{"id":"cadbury-real-chocolate-dark-chocolate-melting-buttons","store":"coles","brand":"Cadbury","name":"Baking Dark Chocolate Melts","price":2.1,"orgPrice":4.2,"imagePath":"https://shop.coles.com.au/wcsstore/Coles-CAS/images/2/3/1/2313641.jpg","categoryIds":["pantry"],"packageSize":"225g","cupPrice":"$0.93 per 100G","isAvailable":true,"locations":["vic","sa","nsw"]},{"id":"jordans-crispy-oat-clusters-maple-pecan","store":"coles","brand":"Jordans","name":"Crispy Oat Clusters Maple & Pecan Cereal","price":3.5,"orgPrice":7,"imagePath":"https://shop.coles.com.au/wcsstore/Coles-CAS/images/2/8/7/2876101.jpg","categoryIds":["pantry"],"packageSize":"500g","cupPrice":"$0.70 per 100G","isAvailable":true,"locations":["vic","sa","nsw"]},{"id":"wild-tides-tuna-onion-savoury-sauce","store":"coles","brand":"Wild Tides","name":"Tuna Onion And Tomato Savoury Sauce","price":1,"orgPrice":2,"imagePath":"https://shop.coles.com.au/wcsstore/Coles-CAS/images/3/2/9/3294906.jpg","categoryIds":["pantry"],"packageSize":"95g","cupPrice":"$10.53 per 1Kg","isAvailable":true,"locations":["vic","sa","nsw"]},{"id":"wild-tides-tuna-sweet-chilli","store":"coles","brand":"Wild Tides","name":"Sweet Chilli Fished Tuna","price":1,"orgPrice":2,"imagePath":"https://shop.coles.com.au/wcsstore/Coles-CAS/images/3/2/9/3295024.jpg","categoryIds":["pantry"],"packageSize":"95g","cupPrice":"$1.05 per 100G","isAvailable":true,"locations":["vic","sa","nsw"]},{"id":"the-natural-cracker-co-crackers-seasalt-vinegar","store":"coles","brand":"The Natural Cracker Co","name":"Sea salt & Vinegar Crispy Crackers","price":1.75,"orgPrice":3.5,"imagePath":"https://shop.coles.com.au/wcsstore/Coles-CAS/images/3/4/4/3449842.jpg","categoryIds":["pantry"],"packageSize":"160g","cupPrice":"$1.09 per 100G","isAvailable":true,"locations":["vic","sa","nsw"]},{"id":"greens-cake-caramel-mud","store":"coles","brand":"Green's","name":"Caramel Mud Cake Mix","price":2,"orgPrice":4,"imagePath":"https://shop.coles.com.au/wcsstore/Coles-CAS/images/1/0/3/1037844.jpg","categoryIds":["pantry"],"packageSize":"600g","cupPrice":"$0.33 per 100G","isAvailable":true,"locations":["vic","sa","nsw"]},{"id":"john-west-tempters-salmon-lemon-cracked-pepper","store":"coles","brand":"John West","name":"Lemon & Cracked Pepper Salmon","price":1.35,"orgPrice":2.7,"imagePath":"https://shop.coles.com.au/wcsstore/Coles-CAS/images/7/0/8/7086580.jpg","categoryIds":["pantry"],"packageSize":"95g","cupPrice":"$14.21 per 1Kg","isAvailable":true,"locations":["vic","sa","nsw"]},{"id":"uncle-tobys-muesli-bars-chewy--apricot","store":"coles","brand":"Uncle Tobys","name":"Chewy Apricot Wholegrain Oats Bars 6 Pack","price":2.15,"orgPrice":4.3,"imagePath":"https://shop.coles.com.au/wcsstore/Coles-CAS/images/4/9/7/4975181.jpg","categoryIds":["pantry"],"packageSize":"185g","cupPrice":"$1.16 per 100G","isAvailable":true,"locations":["vic","sa","nsw"]},{"id":"sanitarium-up-go-liquid-breakfast-vanilla-ice-3-pack-9526425p","store":"coles","brand":"Sanitarium","name":"UP&GO Liquid Breakfast Vanilla Ice 250mL","price":2.4,"orgPrice":4.8,"imagePath":"https://shop.coles.com.au/wcsstore/Coles-CAS/images/9/5/2/9526425.jpg","categoryIds":["pantry"],"packageSize":"3 pack","cupPrice":"$0.32 per 100mL","isAvailable":true,"locations":["vic","sa","nsw"]},{"id":"continental-cup-a-soup-creamy-potato-bacon-with-croutons","store":"coles","brand":"Continental","name":"Cup A Soup Creamy Potato & Bacon With Croutons 2 Pack","price":1,"orgPrice":2,"imagePath":"https://shop.coles.com.au/wcsstore/Coles-CAS/images/9/1/5/9151606.jpg","categoryIds":["pantry"],"packageSize":"50g","cupPrice":"$2.00 per 100G","isAvailable":true,"locations":["vic","sa","nsw"]},{"id":"lindt-excellence-coconut","store":"coles","brand":"Lindt","name":"Coconut Excellence Dark Chocolate Block","price":2.25,"orgPrice":4.5,"imagePath":"https://shop.coles.com.au/wcsstore/Coles-CAS/images/9/1/8/9183599.jpg","categoryIds":["pantry"],"packageSize":"100g","cupPrice":"$2.25 per 100G","isAvailable":true,"locations":["vic","sa","nsw"]},{"id":"jordans-crispy-oat-clusters-nuts","store":"coles","brand":"Jordans","name":"Crispy Oat Clusters Chunky Nut","price":3.5,"orgPrice":7,"imagePath":"https://shop.coles.com.au/wcsstore/Coles-CAS/images/1/3/1/1315346.jpg","categoryIds":["pantry"],"packageSize":"500g","cupPrice":"$0.70 per 100G","isAvailable":true,"locations":["vic","sa","nsw"]},{"id":"continental-convenience-meal-pasta-sauce-alfredo-garlic-herb","store":"coles","brand":"Continental","name":"Alfredo Garlic & Herb Pasta & Sauce Serves 3","price":1,"orgPrice":2.1,"imagePath":"https://shop.coles.com.au/wcsstore/Coles-CAS/images/1/4/1/1414042.jpg","categoryIds":["pantry"],"packageSize":"85g","cupPrice":"$1.18 per 100G","isAvailable":true,"locations":["vic","sa","nsw"]},{"id":"freedom-foods-active-balance-buckwheat-quinoa-cereal","store":"coles","brand":"Freedom Foods","name":"Active Balance Buckwheat & Quinoa Cereal","price":3,"orgPrice":6,"imagePath":"https://shop.coles.com.au/wcsstore/Coles-CAS/images/1/8/3/1838548.jpg","categoryIds":["pantry","health-beauty"],"packageSize":"350g","cupPrice":"$0.86 per 100G","isAvailable":true,"locations":["vic","sa","qld","nsw"]},{"id":"greens-gluten-free-golden-butter-cake-mix","store":"coles","brand":"Green's","name":"Gluten Free Golden Butter Cake Mix","price":2,"orgPrice":4,"imagePath":"https://shop.coles.com.au/wcsstore/Coles-CAS/images/2/5/1/2515216.jpg","categoryIds":["pantry","health-beauty"],"packageSize":"470g","cupPrice":"$0.43 per 100G","isAvailable":true,"locations":["vic","sa","qld","nsw"]},{"id":"continental-homestyle-pumpkin-cup-a-soup-2-pack","store":"coles","brand":"Continental","name":"Cup A Soup Homestyle Pumpkin 2 Pack","price":1,"orgPrice":2,"imagePath":"https://shop.coles.com.au/wcsstore/Coles-CAS/images/2/6/6/2667655.jpg","categoryIds":["pantry"],"packageSize":"61g","cupPrice":"$1.64 per 100G","isAvailable":true,"locations":["vic","sa","nsw"]},{"id":"continental-homestyle-chicken-noodle-cup-a-soup-2-pack","store":"coles","brand":"Continental","name":"Cup A Soup Homestyle Chicken Noodle 2 pack","price":1,"orgPrice":2,"imagePath":"https://shop.coles.com.au/wcsstore/Coles-CAS/images/2/6/6/2667633.jpg","categoryIds":["pantry"],"packageSize":"40g","cupPrice":"$2.50 per 100G","isAvailable":true,"locations":["vic","sa","nsw"]},{"id":"fibre-one-5-salted-caramel-brownie","store":"coles","brand":"Fibre One","name":"Salted Caramel Squares 5 pack","price":2.75,"orgPrice":5.5,"imagePath":"https://shop.coles.com.au/wcsstore/Coles-CAS/images/3/0/2/3021991.jpg","categoryIds":["pantry"],"packageSize":"120g","cupPrice":"$2.29 per 100G","isAvailable":true,"locations":["vic","sa","nsw"]},{"id":"sunbites-crackers-onion-balsamic-snack","store":"coles","brand":"Sunbites","name":"Caramelised Onion & Balsamic Snack Crackers With Quinoa","price":1.5,"orgPrice":3,"imagePath":"https://shop.coles.com.au/wcsstore/Coles-CAS/images/2/9/7/2976842.jpg","categoryIds":["pantry"],"packageSize":"110g","cupPrice":"$1.36 per 100G","isAvailable":true,"locations":["vic","sa","nsw"]},{"id":"wild-tides-tuna-tomato-basil","store":"coles","brand":"Wild Tides","name":"Tomato & Basil Fished Tuna","price":1,"orgPrice":2,"imagePath":"https://shop.coles.com.au/wcsstore/Coles-CAS/images/3/2/9/3295080.jpg","categoryIds":["pantry"],"packageSize":"95g","cupPrice":"$1.05 per 100G","isAvailable":true,"locations":["vic","sa","nsw"]},{"id":"wild-tides-tuna-smokey","store":"coles","brand":"Wild Tides","name":"Smoke Flavour Tuna","price":1,"orgPrice":2,"imagePath":"https://shop.coles.com.au/wcsstore/Coles-CAS/images/3/2/9/3295090.jpg","categoryIds":["pantry"],"packageSize":"95g","cupPrice":"$1.05 per 100G","isAvailable":true,"locations":["vic","sa","nsw"]},{"id":"fibre-one-popcorn-bar-chocolate","store":"coles","brand":"Fibre One","name":"Milk Chocolate Popcorn Bars","price":2.75,"orgPrice":5.5,"imagePath":"https://shop.coles.com.au/wcsstore/Coles-CAS/images/3/3/8/3384565.jpg","categoryIds":["pantry"],"packageSize":"105g","cupPrice":"$2.62 per 100G","isAvailable":true,"locations":["vic","sa","nsw"]},{"id":"cadbury-crunchie-bites-tub","store":"coles","brand":"Cadbury","name":"Crunchie Bites Tub","price":6,"orgPrice":12,"imagePath":"https://shop.coles.com.au/wcsstore/Coles-CAS/images/3/4/9/3497889.jpg","categoryIds":["pantry"],"packageSize":"340g","cupPrice":"$1.76 per 100G","isAvailable":true,"locations":["vic","sa","nsw"]},{"id":"sanitarium-up-go-liquid-breakfast-banana-3-pack","store":"coles","brand":"Sanitarium","name":"UP&GO Liquid Breakfast Banana 250mL","price":2.4,"orgPrice":4.8,"imagePath":"https://shop.coles.com.au/wcsstore/Coles-CAS/images/7/1/4/7144530.jpg","categoryIds":["pantry"],"packageSize":"3 pack","cupPrice":"$0.32 per 100mL","isAvailable":true,"locations":["vic","sa","nsw"]},{"id":"continental-cup-a-soup-lots-a-noodles-chicken-corn","store":"coles","brand":"Continental","name":"Cup A Soup Chinese Chicken & Corn with Lots of Noodles 2 pack","price":1,"orgPrice":2,"imagePath":"https://shop.coles.com.au/wcsstore/Coles-CAS/images/7/9/7/7978200.jpg","categoryIds":["pantry"],"packageSize":"66g","cupPrice":"$1.52 per 100G","isAvailable":true,"locations":["vic","sa","nsw"]},{"id":"freedom-foods-cereal-muesli-gluten-free","store":"coles","brand":"Freedom Foods","name":"Gluten Free Muesli","price":3.25,"orgPrice":6.5,"imagePath":"https://shop.coles.com.au/wcsstore/Coles-CAS/images/5/7/4/5748152.jpg","categoryIds":["pantry","health-beauty"],"packageSize":"500g","cupPrice":"$0.65 per 100G","isAvailable":true,"locations":["vic","sa","qld","nsw"]},{"id":"lindt-lindor-gift-box-chocolate-balls-assorted","store":"coles","brand":"Lindt","name":"Lindor Assorted Chocolate Balls Gift Box","price":7,"orgPrice":14,"imagePath":"https://shop.coles.com.au/wcsstore/Coles-CAS/images/5/6/8/5687987.jpg","categoryIds":["pantry"],"packageSize":"150g","cupPrice":"$4.67 per 100G","isAvailable":true,"locations":["vic","sa","nsw"]},{"id":"john-west-tempters-salmon-onion-tomato","store":"coles","brand":"John West","name":"Tempters Tomato & Onion Salmon","price":1.35,"orgPrice":2.7,"imagePath":"https://shop.coles.com.au/wcsstore/Coles-CAS/images/9/6/5/9658776.jpg","categoryIds":["pantry"],"packageSize":"95g","cupPrice":"$14.21 per 1Kg","isAvailable":true,"locations":["vic","sa","nsw"]},{"id":"continental-cup-a-soup-asian-red-thai-curry","store":"coles","brand":"Continental","name":"Cup A Soup Thai Red Curry 2 pack","price":1,"orgPrice":2,"imagePath":"https://shop.coles.com.au/wcsstore/Coles-CAS/images/9/1/9/9194846.jpg","categoryIds":["pantry"],"packageSize":"60g","cupPrice":"$1.67 per 100G","isAvailable":true,"locations":["vic","sa","nsw"]},{"id":"greens-chocolate-mud-cake","store":"coles","brand":"Green's","name":"Chocolate Mud Cake Mix","price":2,"orgPrice":4,"imagePath":"https://shop.coles.com.au/wcsstore/Coles-CAS/images/8/6/2/8622503.jpg","categoryIds":["pantry"],"packageSize":"530g","cupPrice":"$0.38 per 100G","isAvailable":true,"locations":["vic","sa","nsw"]},{"id":"continental-cup-a-soup-creamy-pumpkin-with-croutons","store":"coles","brand":"Continental","name":"Cup A Soup Creamy Pumpkin with Croutons 2 pack","price":1,"orgPrice":2,"imagePath":"https://shop.coles.com.au/wcsstore/Coles-CAS/images/9/1/5/9151537.jpg","categoryIds":["pantry"],"packageSize":"55g","cupPrice":"$1.82 per 100G","isAvailable":true,"locations":["vic","sa","nsw"]},{"id":"jordans-oat-granola-with-berries","store":"coles","brand":"Jordans","name":"Crunchy Oat Granola With Berries Cereal","price":3.5,"orgPrice":7,"imagePath":"https://shop.coles.com.au/wcsstore/Coles-CAS/images/1/7/5/1750254.jpg","categoryIds":["pantry"],"packageSize":"500g","cupPrice":"$0.70 per 100G","isAvailable":true,"locations":["vic","sa","nsw"]},{"id":"cadbury-real-chocolate-real-chocolate-dark-chocolate-block","store":"coles","brand":"Cadbury","name":"Baking Dark Chocolate Block","price":2.02,"orgPrice":4.05,"imagePath":"https://shop.coles.com.au/wcsstore/Coles-CAS/images/2/3/1/2313696.jpg","categoryIds":["pantry"],"packageSize":"180g","cupPrice":"$1.12 per 100G","isAvailable":true,"locations":["vic","sa","nsw"]},{"id":"aunt-bettys-gooey-caramel-pudding-2-pack","store":"coles","brand":"Aunt Betty's","name":"Gooey Caramel Steamy Puds 2 Pack","price":2,"orgPrice":4,"imagePath":"https://shop.coles.com.au/wcsstore/Coles-CAS/images/9/9/5/9958146.jpg","categoryIds":["pantry"],"packageSize":"190g","cupPrice":"$1.05 per 100G","isAvailable":true,"locations":["vic","sa","nsw"]},{"id":"lindt-excellence-choc-honeycomb","store":"coles","brand":"Lindt","name":"Excellence Honeycomb Dark Chocolate Block","price":2.25,"orgPrice":4.5,"imagePath":"https://shop.coles.com.au/wcsstore/Coles-CAS/images/3/6/1/3614585.jpg","categoryIds":["pantry"],"packageSize":"100g","cupPrice":"$2.25 per 100G","isAvailable":true,"locations":["vic","sa","nsw"]},{"id":"nestle-kit-kat-gold","store":"coles","brand":"Nestle","name":"KitKat Gold White Chocolate With Caramelised Break","price":1,"orgPrice":2,"imagePath":"https://shop.coles.com.au/wcsstore/Coles-CAS/images/3/5/6/3569888.jpg","categoryIds":["pantry"],"packageSize":"45g","cupPrice":"$2.22 per 100G","isAvailable":true,"locations":["vic","sa","nsw"]},{"id":"sanitarium-up-go-energize-liquid-breakfast-chocolate-ice-3-pack","store":"coles","brand":"Sanitarium","name":"UP&GO Protein Energize Choc 250mL","price":2.3,"orgPrice":4.6,"imagePath":"https://shop.coles.com.au/wcsstore/Coles-CAS/images/7/8/1/7813233.jpg","categoryIds":["pantry"],"packageSize":"3 pack","cupPrice":"$0.31 per 100mL","isAvailable":true,"locations":["vic","sa","nsw"]},{"id":"whittakers-chocolate-slab-peanut","store":"coles","brand":"Whittakers","name":"Peanut Chocolate Slab","price":1,"orgPrice":2,"imagePath":"https://shop.coles.com.au/wcsstore/Coles-CAS/images/4/1/5/415935.jpg","categoryIds":["pantry"],"packageSize":"50g","cupPrice":"$2.00 per 100G","isAvailable":true,"locations":["vic","sa","nsw"]},{"id":"uncle-tobys-muesli-bars-chewy-forest-fruits","store":"coles","brand":"Uncle Tobys","name":"Chewy Muesli Bars Forest Fruits 6 Pack","price":2.15,"orgPrice":4.3,"imagePath":"https://shop.coles.com.au/wcsstore/Coles-CAS/images/4/9/7/4975206.jpg","categoryIds":["pantry"],"packageSize":"185g","cupPrice":"$1.16 per 100G","isAvailable":true,"locations":["vic","sa","nsw"]},{"id":"lindt-chocolate-block-excellence-white-extra-veloute","store":"coles","brand":"Lindt","name":"Excellence Extra Silky White Chocolate Block","price":2.25,"orgPrice":4.5,"imagePath":"https://shop.coles.com.au/wcsstore/Coles-CAS/images/1/2/7/1276186.jpg","categoryIds":["pantry"],"packageSize":"100g","cupPrice":"$2.25 per 100G","isAvailable":true,"locations":["vic","sa","nsw"]},{"id":"freedom-foods-cereal-fructose-free-ancient-grain-muesli","store":"coles","brand":"Freedom Foods","name":"Fructose Free Ancient Grain Muesli","price":3.25,"orgPrice":6.5,"imagePath":"https://shop.coles.com.au/wcsstore/Coles-CAS/images/1/2/6/1263694.jpg","categoryIds":["pantry","health-beauty"],"packageSize":"300g","cupPrice":"$1.08 per 100G","isAvailable":true,"locations":["vic","sa","qld","nsw"]},{"id":"cadbury-real-chocolate-white-chocolate-melting-buttons","store":"coles","brand":"Cadbury","name":"White Milk Chocolate Melting Buttons","price":2.1,"orgPrice":4.2,"imagePath":"https://shop.coles.com.au/wcsstore/Coles-CAS/images/2/3/1/2313663.jpg","categoryIds":["pantry"],"packageSize":"225g","cupPrice":"$0.93 per 100G","isAvailable":true,"locations":["vic","sa","nsw"]},{"id":"freedom-foods-corn-flakes","store":"coles","brand":"Freedom Foods","name":"Corn Flakes","price":2,"orgPrice":4,"imagePath":"https://shop.coles.com.au/wcsstore/Coles-CAS/images/2/4/7/2471391.jpg","categoryIds":["pantry","health-beauty"],"packageSize":"260g","cupPrice":"$0.77 per 100G","isAvailable":true,"locations":["vic","sa","qld","nsw"]},{"id":"jordans-low-sugar-granola-almond-hazelnut","store":"coles","brand":"Jordans","name":"Low Sugar Granola Almond  And Hazelnut","price":3.5,"orgPrice":7,"imagePath":"https://shop.coles.com.au/wcsstore/Coles-CAS/images/3/2/1/3215105.jpg","categoryIds":["pantry"],"packageSize":"500g","cupPrice":"$0.70 per 100G","isAvailable":true,"locations":["vic","sa","nsw"]},{"id":"wild-tides-tuna-mayo-w-sw-corn","store":"coles","brand":"Wild Tides","name":"Sweetcorn And Mayonnaise Responsibly Fished Tuna","price":1,"orgPrice":2,"imagePath":"https://shop.coles.com.au/wcsstore/Coles-CAS/images/3/2/9/3295104.jpg","categoryIds":["pantry"],"packageSize":"95g","cupPrice":"$10.53 per 1Kg","isAvailable":true,"locations":["vic","sa","nsw"]},{"id":"sanitarium-up-go-energize-liquid-breakfast-vanilla-3-pack","store":"coles","brand":"Sanitarium","name":"UP&GO Protein Energize Vanilla 250mL","price":2.3,"orgPrice":4.6,"imagePath":"https://shop.coles.com.au/wcsstore/Coles-CAS/images/7/8/1/7817642.jpg","categoryIds":["pantry"],"packageSize":"3 pack","cupPrice":"$0.31 per 100mL","isAvailable":true,"locations":["vic","sa","nsw"]},{"id":"jordans-crispy-oat-clusters-strawberry","store":"coles","brand":"Jordans","name":"Crispy Oat Clusters Strawberry","price":3.5,"orgPrice":7,"imagePath":"https://shop.coles.com.au/wcsstore/Coles-CAS/images/1/3/1/1315368.jpg","categoryIds":["pantry"],"packageSize":"500g","cupPrice":"$0.70 per 100G","isAvailable":true,"locations":["vic","sa","nsw"]},{"id":"greens-baking-mix-cupcake-velvety-chocolate","store":"coles","brand":"Green's","name":"Velvety Chocolate Cupcake Baking Mix","price":2,"orgPrice":4,"imagePath":"https://shop.coles.com.au/wcsstore/Coles-CAS/images/1/3/1/1311141.jpg","categoryIds":["pantry"],"packageSize":"450g","cupPrice":"$0.44 per 100G","isAvailable":true,"locations":["vic","sa","nsw"]},{"id":"greens-red-velvet-cupcake-mix","store":"coles","brand":"Green's","name":"Red Velvet Cupcakes","price":2,"orgPrice":4,"imagePath":"https://shop.coles.com.au/wcsstore/Coles-CAS/images/2/2/8/2281239.jpg","categoryIds":["pantry"],"packageSize":"410g","cupPrice":"$0.49 per 100G","isAvailable":true,"locations":["vic","sa","nsw"]},{"id":"aunt-betty-plum-pudding-2-pack","store":"coles","brand":"Aunt Betty's","name":"Plum Pudding Caramel Steamy Puds 2 Pack","price":2,"orgPrice":4,"imagePath":"https://shop.coles.com.au/wcsstore/Coles-CAS/images/2/4/2/2424212.jpg","categoryIds":["pantry"],"packageSize":"220g","cupPrice":"$0.91 per 100G","isAvailable":true,"locations":["vic","sa","nsw"]},{"id":"jordans-crispy-oat-clusters-wild-about-berries","store":"coles","brand":"Jordans","name":"Crispy Oat Clusters Wild About Berries Cereal","price":3.5,"orgPrice":7,"imagePath":"https://shop.coles.com.au/wcsstore/Coles-CAS/images/2/4/9/2499084.jpg","categoryIds":["pantry"],"packageSize":"500g","cupPrice":"$0.70 per 100G","isAvailable":true,"locations":["vic","sa","nsw"]},{"id":"twinings-infuse-wtrmln-strwbry-mint-infsn","store":"coles","brand":"Twinings","name":"Watermelon, Strawberry & Mint Cold Water Infusion 12 pack","price":2.75,"orgPrice":5.5,"imagePath":"https://shop.coles.com.au/wcsstore/Coles-CAS/images/3/2/4/3247123.jpg","categoryIds":["pantry","drinks"],"packageSize":"30g","cupPrice":"$0.23 per 1Ea","isAvailable":true,"locations":["vic","sa","qld","nsw"]},{"id":"nature-valley-crunchy-canadian-maple-syrup-3585057p","store":"coles","brand":"Nature Valley","name":"Crunchy Canadian Maple Syrup 6 Twin Bars","price":2.75,"orgPrice":5.5,"imagePath":"https://shop.coles.com.au/wcsstore/Coles-CAS/images/3/5/8/3585057.jpg","categoryIds":["pantry"],"packageSize":"252g","cupPrice":"$1.09 per 100G","isAvailable":true,"locations":["vic","sa","nsw"]},{"id":"lindt-lindor--chocolate-milk","store":"coles","brand":"Lindt","name":"Lindor Milk Chocolate Block","price":2.25,"orgPrice":4.5,"imagePath":"https://shop.coles.com.au/wcsstore/Coles-CAS/images/5/3/7/5379952.jpg","categoryIds":["pantry"],"packageSize":"100g","cupPrice":"$2.25 per 100G","isAvailable":true,"locations":["vic","sa","nsw"]},{"id":"jordans-extremely-nutty-granola","store":"coles","brand":"Jordans","name":"Crunchy Oat Granola Extremely Nutty","price":3.5,"orgPrice":7,"imagePath":"https://shop.coles.com.au/wcsstore/Coles-CAS/images/2/0/1/2010719.jpg","categoryIds":["pantry"],"packageSize":"500g","cupPrice":"$0.70 per 100G","isAvailable":true,"locations":["vic","sa","nsw"]},{"id":"continental-pepper-steak-mushroom-cup-a-soup-2-pack","store":"coles","brand":"Continental","name":"Cup A Soup Pepper Steak & Mushroom with Croutons 2 pack","price":1,"orgPrice":2,"imagePath":"https://shop.coles.com.au/wcsstore/Coles-CAS/images/2/2/8/2286516.jpg","categoryIds":["pantry"],"packageSize":"52g","cupPrice":"$1.92 per 100G","isAvailable":true,"locations":["vic","sa","nsw"]},{"id":"mars-maltesers-teasers","store":"coles","brand":"Maltesers","name":"Teasers Milk Chocolate Bar","price":1,"orgPrice":2,"imagePath":"https://shop.coles.com.au/wcsstore/Coles-CAS/images/2/4/5/2458509.jpg","categoryIds":["pantry"],"packageSize":"35g","cupPrice":"$2.86 per 100G","isAvailable":true,"locations":["vic","sa","nsw"]},{"id":"lindt-excellence-choc-milk-sea-salt-caramel","store":"coles","brand":"Lindt","name":"Excellence Milk Sea Salt Caramel Milk Chocolate Block","price":2.25,"orgPrice":4.5,"imagePath":"https://shop.coles.com.au/wcsstore/Coles-CAS/images/2/8/7/2876327.jpg","categoryIds":["pantry"],"packageSize":"100g","cupPrice":"$2.25 per 100G","isAvailable":true,"locations":["vic","sa","nsw"]},{"id":"greens-vanilla-mudcake","store":"coles","brand":"Green's","name":"Vanilla Mudcake","price":2,"orgPrice":4,"imagePath":"https://shop.coles.com.au/wcsstore/Coles-CAS/images/2/8/6/2869944.jpg","categoryIds":["pantry"],"packageSize":"600g","cupPrice":"$0.33 per 100G","isAvailable":true,"locations":["vic","sa","nsw"]},{"id":"lindt-excellence-chocolate-chilli","store":"coles","brand":"Lindt","name":"Excellence Chilli Chocolate Block","price":2.25,"orgPrice":4.5,"imagePath":"https://shop.coles.com.au/wcsstore/Coles-CAS/images/6/0/3/6032564.jpg","categoryIds":["pantry"],"packageSize":"100g","cupPrice":"$2.25 per 100G","isAvailable":true,"locations":["vic","sa","nsw"]},{"id":"lindt-lindor--chocolate-dark-60%25-cocoa","store":"coles","brand":"Lindt","name":"Lindor 60% Cocoa Chocolate Block","price":2.25,"orgPrice":4.5,"imagePath":"https://shop.coles.com.au/wcsstore/Coles-CAS/images/5/2/2/5228390.jpg","categoryIds":["pantry"],"packageSize":"100g","cupPrice":"$2.25 per 100G","isAvailable":true,"locations":["vic","sa","nsw"]},{"id":"cadbury-giant-freddo-dairy-milk","store":"coles","brand":"Cadbury","name":"Dairy Milk Chocolate  Freddo","price":0.5,"orgPrice":1,"imagePath":"https://shop.coles.com.au/wcsstore/Coles-CAS/images/5/2/4/5248149.jpg","categoryIds":["pantry"],"packageSize":"35g","cupPrice":"$1.43 per 100G","isAvailable":true,"locations":["vic","sa","nsw"]},{"id":"cadbury-caramello-koala-2395362p","store":"coles","brand":"Cadbury","name":"Caramello Koala Chocolate","price":0.5,"orgPrice":1,"imagePath":"https://shop.coles.com.au/wcsstore/Coles-CAS/images/2/3/9/2395362.jpg","categoryIds":["pantry"],"packageSize":"35g","cupPrice":"$1.43 per 100G","isAvailable":true,"locations":["vic","sa","nsw"]},{"id":"mars-chocolate-milky-way","store":"coles","brand":"Milky Way","name":"Chocolate Bar","price":1,"orgPrice":2,"imagePath":"https://shop.coles.com.au/wcsstore/Coles-CAS/images/3/2/9/3293663.jpg","categoryIds":["pantry"],"packageSize":"53g","cupPrice":"$1.89 per 100G","isAvailable":true,"locations":["vic","sa","nsw"]},{"id":"fibre-one-squares-cinnamon","store":"coles","brand":"Fibre One","name":"Cinnamon Drizzle Squares 5 pack","price":2.75,"orgPrice":5.5,"imagePath":"https://shop.coles.com.au/wcsstore/Coles-CAS/images/3/3/8/3387360.jpg","categoryIds":["pantry"],"packageSize":"120g","cupPrice":"$2.29 per 100G","isAvailable":true,"locations":["vic","sa","nsw"]},{"id":"nestle-chunky-kit-kat-cookie-dough","store":"coles","brand":"Nestle","name":"KitKat Chunky Cookie Dough","price":1,"orgPrice":2,"imagePath":"https://shop.coles.com.au/wcsstore/Coles-CAS/images/3/5/0/3501986.jpg","categoryIds":["pantry"],"packageSize":"52g","cupPrice":"$1.92 per 100G","isAvailable":true,"locations":["vic"]},{"id":"aunt-betty-s-gluten-fre-chocolate-pudding-2-pieces","store":"coles","brand":"Aunt Betty's","name":"Gluten Free Chocolate Pudding 2 Pieces","price":2,"orgPrice":4,"imagePath":"https://shop.coles.com.au/wcsstore/Coles-CAS/images/3/1/8/3187746.jpg","categoryIds":["pantry"],"packageSize":"190g","cupPrice":"$1.05 per 100G","isAvailable":true,"locations":["vic","sa","nsw"]},{"id":"sanitarium-u-g-choc-ice-nas","store":"coles","brand":"Sanitarium","name":"UP&GO Choc Ice Cereal No Added Sugar 3x250mL","price":2.4,"orgPrice":4.8,"imagePath":"https://shop.coles.com.au/wcsstore/Coles-CAS/images/3/7/2/3723456.jpg","categoryIds":["pantry"],"packageSize":"750mL","cupPrice":"$3.20 per 1L","isAvailable":true,"locations":["vic","sa","nsw"]},{"id":"the-natural-cracker-co-cracker-swt-chilli-sr-crm","store":"coles","brand":"The Natural Cracker Co.","name":"Cracker Sweet Chilli Sour Cream","price":1.75,"orgPrice":3.5,"imagePath":"https://shop.coles.com.au/wcsstore/Coles-CAS/images/3/4/4/3449820.jpg","categoryIds":["pantry"],"packageSize":"160g","cupPrice":"$1.09 per 100G","isAvailable":true,"locations":["vic","sa","nsw"]},{"id":"greens-orange-poppyseed-cake","store":"coles","brand":"Green's","name":"Orange Poppyseed Cake Mix","price":2,"orgPrice":4,"imagePath":"https://shop.coles.com.au/wcsstore/Coles-CAS/images/8/6/6/8666939.jpg","categoryIds":["pantry"],"packageSize":"580g","cupPrice":"$0.34 per 100G","isAvailable":true,"locations":["vic","sa","nsw"]},{"id":"sanitarium-up-go-caramel-liquid-breakfast","store":"coles","brand":"Sanitarium","name":"UP&GO Liquid Breakfast Caramel 250mL","price":2.4,"orgPrice":4.8,"imagePath":"https://shop.coles.com.au/wcsstore/Coles-CAS/images/2/0/0/2002233.jpg","categoryIds":["pantry"],"packageSize":"3 pack","cupPrice":"$0.32 per 100mL","isAvailable":true,"locations":["vic","sa","nsw"]},{"id":"cadbury-baking-dark-chocolate-70%25-cocoa","store":"coles","brand":"Cadbury","name":"Baking 70% Cocoa Dark Chocolate Block","price":2.02,"orgPrice":4.05,"imagePath":"https://shop.coles.com.au/wcsstore/Coles-CAS/images/2/5/1/2516605.jpg","categoryIds":["pantry"],"packageSize":"180g","cupPrice":"$1.12 per 100G","isAvailable":true,"locations":["vic","sa","nsw"]},{"id":"twinings-infuse-blbry-blkcrnt-apl-infsn-3247101p","store":"coles","brand":"Twinings","name":"Blueberry, Apple & Blackcurrant Cold Water Infusion 12 pack","price":2.75,"orgPrice":5.5,"imagePath":"https://shop.coles.com.au/wcsstore/Coles-CAS/images/3/2/4/3247101.jpg","categoryIds":["pantry","drinks"],"packageSize":"30g","cupPrice":"$0.23 per 1Ea","isAvailable":true,"locations":["vic","sa","qld","nsw"]},{"id":"fibre-one-popcorn-bar-peanut-butter","store":"coles","brand":"Fibre One","name":"Peanut Butter Popcorn Bars 5 pack","price":2.75,"orgPrice":5.5,"imagePath":"https://shop.coles.com.au/wcsstore/Coles-CAS/images/3/3/8/3384554.jpg","categoryIds":["pantry"],"packageSize":"105g","cupPrice":"$2.62 per 100G","isAvailable":true,"locations":["vic","sa","nsw"]},{"id":"mars-m-ms-milk-chocolate","store":"coles","brand":"M&M's","name":"Milk Chocolate Small Bag","price":1,"orgPrice":2,"imagePath":"https://shop.coles.com.au/wcsstore/Coles-CAS/images/7/2/5/7251224.jpg","categoryIds":["pantry"],"packageSize":"49g","cupPrice":"$2.04 per 100G","isAvailable":true,"locations":["vic","sa","nsw"]},{"id":"greens-cupcakes-cookies-cream","store":"coles","brand":"Green's","name":"Cookies & Cream Cupcakes","price":2,"orgPrice":4,"imagePath":"https://shop.coles.com.au/wcsstore/Coles-CAS/images/2/2/8/2281272.jpg","categoryIds":["pantry"],"packageSize":"380g","cupPrice":"$0.53 per 100G","isAvailable":true,"locations":["vic","sa","nsw"]},{"id":"jordans-low-sugar-granola-cherry-almond","store":"coles","brand":"Jordans","name":"Low Sugar Granola Cherry And Almond","price":3.5,"orgPrice":7,"imagePath":"https://shop.coles.com.au/wcsstore/Coles-CAS/images/3/2/1/3215070.jpg","categoryIds":["pantry"],"packageSize":"500g","cupPrice":"$0.70 per 100G","isAvailable":true,"locations":["vic","sa","nsw"]},{"id":"twinings-infuse-psnfrt-mng-bld-orng","store":"coles","brand":"Twinings","name":"Passionfruit Mango & Blood Orange Cold Water Infusion 12 pack","price":2.75,"orgPrice":5.5,"imagePath":"https://shop.coles.com.au/wcsstore/Coles-CAS/images/3/2/4/3247134.jpg","categoryIds":["pantry","drinks"],"packageSize":"30g","cupPrice":"$0.23 per 1Ea","isAvailable":true,"locations":["vic","sa","qld","nsw"]},{"id":"fredom-fods-vanilla-maple-almond-cereal","store":"coles","brand":"Freedom Foods","name":"Vanilla Maple Almond Clusters","price":3,"orgPrice":6,"imagePath":"https://shop.coles.com.au/wcsstore/Coles-CAS/images/3/7/7/3773590.jpg","categoryIds":["pantry","health-beauty"],"packageSize":"360g","cupPrice":"$0.83 per 100G","isAvailable":true,"locations":["vic","sa","qld","nsw"]},{"id":"lindt-lindor-chocolate-white-single-block","store":"coles","brand":"Lindt","name":"Lindo White Chocolate Block","price":2.25,"orgPrice":4.5,"imagePath":"https://shop.coles.com.au/wcsstore/Coles-CAS/images/5/6/0/5604130.jpg","categoryIds":["pantry"],"packageSize":"100g","cupPrice":"$2.25 per 100G","isAvailable":true,"locations":["vic","sa","nsw"]},{"id":"cadbury-real-chocolate-real-chocolate-white-chocolate-block","store":"coles","brand":"Cadbury","name":"Baking White Chocolate Block","price":2.02,"orgPrice":4.05,"imagePath":"https://shop.coles.com.au/wcsstore/Coles-CAS/images/2/3/1/2313685.jpg","categoryIds":["pantry"],"packageSize":"180g","cupPrice":"$1.12 per 100G","isAvailable":true,"locations":["vic","sa","nsw"]},{"id":"nestle-chunky-caramel-chocolate-kit-kat","store":"coles","brand":"Nestle","name":"KitKat Chunky Caramel","price":1,"orgPrice":2,"imagePath":"https://shop.coles.com.au/wcsstore/Coles-CAS/images/2/0/2/2026140.jpg","categoryIds":["pantry"],"packageSize":"55g","cupPrice":"$1.82 per 100G","isAvailable":true,"locations":["vic","sa","nsw"]},{"id":"continental-homestyle-chicken-cup-a-soup-2-pack","store":"coles","brand":"Continental","name":"Cup A Soup Homestyle Chicken 2 pack","price":1,"orgPrice":2,"imagePath":"https://shop.coles.com.au/wcsstore/Coles-CAS/images/2/6/6/2667622.jpg","categoryIds":["pantry"],"packageSize":"46g","cupPrice":"$2.17 per 100G","isAvailable":true,"locations":["vic","sa","nsw"]},{"id":"john-west-tempters-salmon-cor-chilli-lime","store":"coles","brand":"John West","name":"Salmon Cor Chilli Lime","price":1.35,"orgPrice":2.7,"imagePath":"https://shop.coles.com.au/wcsstore/Coles-CAS/images/3/1/1/3114550.jpg","categoryIds":["pantry"],"packageSize":"95g","cupPrice":"$14.21 per 1Kg","isAvailable":true,"locations":["vic","sa","nsw"]},{"id":"twinings-infuse-rose-lemonade-infsn","store":"coles","brand":"Twinings","name":"Rose Lemonade Cold Water Infusion 12 pack","price":2.75,"orgPrice":5.5,"imagePath":"https://shop.coles.com.au/wcsstore/Coles-CAS/images/3/2/4/3247145.jpg","categoryIds":["pantry","drinks"],"packageSize":"30g","cupPrice":"$0.23 per 1Ea","isAvailable":true,"locations":["vic","sa","qld","nsw"]},{"id":"twinings-infuse-peach-passionfruit-3618189p","store":"coles","brand":"Twinings","name":"Infuse Peach & Passionfruit Cold Water Infusion 12 Pack","price":2.75,"orgPrice":5.5,"imagePath":"https://shop.coles.com.au/wcsstore/Coles-CAS/images/3/6/1/3618189.jpg","categoryIds":["pantry","drinks"],"packageSize":"30g","cupPrice":"$9.17 per 100G","isAvailable":true,"locations":["vic","sa","qld","nsw"]},{"id":"whittakers-slab-coconut","store":"coles","brand":"Whittaker's","name":"Toasted Coconut Slab Milk Chocolate Bar","price":1,"orgPrice":2,"imagePath":"https://shop.coles.com.au/wcsstore/Coles-CAS/images/4/9/4/4949400.jpg","categoryIds":["pantry"],"packageSize":"50g","cupPrice":"$2.00 per 100G","isAvailable":true,"locations":["vic","sa","nsw"]},{"id":"nestle-kit-kat-double-cokies-cream","store":"coles","brand":"Nestle","name":"Kit Kat Double Cookies & Cream","price":1,"orgPrice":2,"imagePath":"https://shop.coles.com.au/wcsstore/Coles-CAS/images/3/7/1/3710192.jpg","categoryIds":["pantry"],"packageSize":"45g","cupPrice":"$2.22 per 100G","isAvailable":true,"locations":["vic","sa","nsw"]},{"id":"fredom-fods-berry-coconut-clusters","store":"coles","brand":"Freedom Foods","name":"Berry Coconut Clusters","price":3,"orgPrice":6,"imagePath":"https://shop.coles.com.au/wcsstore/Coles-CAS/images/3/7/7/3773603.jpg","categoryIds":["pantry","health-beauty"],"packageSize":"360g","cupPrice":"$0.83 per 100G","isAvailable":true,"locations":["vic","sa","qld","nsw"]},{"id":"lindt-excellence-choc-dark-95-cocoa","store":"coles","brand":"Lindt","name":"Excellence 95% Cocoa Ultimate Dark Chocolate Block","price":2.25,"orgPrice":4.5,"imagePath":"https://shop.coles.com.au/wcsstore/Coles-CAS/images/3/5/0/3501374.jpg","categoryIds":["pantry"],"packageSize":"80g","cupPrice":"$2.81 per 100G","isAvailable":true,"locations":["vic","sa","nsw"]},{"id":"starburst-fruit-chews-original","store":"coles","brand":"Starburst","name":"Original Fruit Chews Lollies Stick","price":1,"orgPrice":2,"imagePath":"https://shop.coles.com.au/wcsstore/Coles-CAS/images/3/5/0/3502016.jpg","categoryIds":["pantry"],"packageSize":"45g","cupPrice":"$2.22 per 100G","isAvailable":true,"locations":["vic","sa","nsw"]},{"id":"twinings-infuse-pink-grapefruit-orange-3618203p","store":"coles","brand":"Twinings","name":"Infuse Pink Grapefruit & Orange Cold Water Infusion 12 Pack","price":2.75,"orgPrice":5.5,"imagePath":"https://shop.coles.com.au/wcsstore/Coles-CAS/images/3/6/1/3618203.jpg","categoryIds":["pantry","drinks"],"packageSize":"30g","cupPrice":"$9.17 per 100G","isAvailable":true,"locations":["vic","sa","qld","nsw"]},{"id":"wild-tides-tuna-teriyaki","store":"coles","brand":"Wild Tides","name":"Responsibly Fished Tuna Teriyaki","price":1,"orgPrice":2,"imagePath":"https://shop.coles.com.au/wcsstore/Coles-CAS/images/3/6/0/3608913.jpg","categoryIds":["pantry"],"packageSize":"95g","cupPrice":"$10.53 per 1Kg","isAvailable":true,"locations":["vic","sa","nsw"]},{"id":"freedom-foods-xo-crunch-berry-flavour","store":"coles","brand":"Freedom Foods","name":"Xo Crunch Berry Flavour","price":2,"orgPrice":4,"imagePath":"https://shop.coles.com.au/wcsstore/Coles-CAS/images/3/6/2/3624636.jpg","categoryIds":["pantry","health-beauty"],"packageSize":"245g","cupPrice":"$0.82 per 100G","isAvailable":true,"locations":["vic","sa","qld","nsw"]},{"id":"bulls-eye-original-bbq-sauce","store":"coles","brand":"Bull's-Eye","name":"Original BBQ Sauce","price":2,"orgPrice":4,"imagePath":"https://shop.coles.com.au/wcsstore/Coles-CAS/images/3/4/9/3499192.jpg","categoryIds":["pantry"],"packageSize":"300mL","cupPrice":"$0.67 per 100mL","isAvailable":true,"locations":["vic","sa","nsw"]},{"id":"greens-choc-filled-donut-balls","store":"coles","brand":"Green's","name":"Baked Choc Donut Balls","price":2,"orgPrice":4,"imagePath":"https://shop.coles.com.au/wcsstore/Coles-CAS/images/3/5/7/3577332.jpg","categoryIds":["pantry"],"packageSize":"480g","cupPrice":"$0.42 per 100G","isAvailable":true,"locations":["vic","sa","nsw"]},{"id":"sanitarium-u-g-(edlp)-vanilla-ice-nas","store":"coles","brand":"Sanitarium","name":"UP&GO Vanilla Ice Cereal No Added Sugar 3x250mL","price":2.4,"orgPrice":4.8,"imagePath":"https://shop.coles.com.au/wcsstore/Coles-CAS/images/3/7/2/3723467.jpg","categoryIds":["pantry"],"packageSize":"750mL","cupPrice":"$3.20 per 1L","isAvailable":true,"locations":["vic","sa","nsw"]},{"id":"nestle-kit-kat-goey-caramel","store":"coles","brand":"Nestle","name":"Kit Kat Gooey Caramel","price":1,"orgPrice":2,"imagePath":"https://shop.coles.com.au/wcsstore/Coles-CAS/images/3/7/6/3761240.jpg","categoryIds":["pantry"],"packageSize":"45g","cupPrice":"$2.22 per 100G","isAvailable":true,"locations":["vic","sa","nsw"]},{"id":"twinings-infuse-lemon-orng-ginger-infsns","store":"coles","brand":"Twinings","name":"Lemon Orange & Ginger Cold Water Infusion 12 pack","price":2.75,"orgPrice":5.5,"imagePath":"https://shop.coles.com.au/wcsstore/Coles-CAS/images/3/2/4/3247112.jpg","categoryIds":["pantry","drinks"],"packageSize":"30g","cupPrice":"$0.23 per 1Ea","isAvailable":true,"locations":["vic","sa","qld","nsw"]},{"id":"gren-s-learn-to-bake-frozen-2-cokies","store":"coles","brand":"Green's","name":"Learn To Bake Frozen 2 Cookie Mix","price":2,"orgPrice":4,"imagePath":"https://shop.coles.com.au/wcsstore/Coles-CAS/images/3/6/5/3655550.jpg","categoryIds":["pantry"],"packageSize":"230g","cupPrice":"$0.87 per 100G","isAvailable":true,"locations":["vic","sa","nsw"]},{"id":"jelly-belly-pouch-assorted-flavours","store":"coles","brand":"Jelly Belly","name":"Assorted Flavours Jelly Beans Pouch","price":0.75,"orgPrice":1.5,"imagePath":"https://shop.coles.com.au/wcsstore/Coles-CAS/images/3/5/0/3502060.jpg","categoryIds":["pantry"],"packageSize":"28g","cupPrice":"$2.68 per 100G","isAvailable":true,"locations":["vic","sa","nsw"]},{"id":"wild-tides-tuna-green-curry","store":"coles","brand":"Wild Tides","name":"Responsibly Fished Tuna Thai Green Curry Mild","price":1,"orgPrice":2,"imagePath":"https://shop.coles.com.au/wcsstore/Coles-CAS/images/3/6/0/3608924.jpg","categoryIds":["pantry"],"packageSize":"95g","cupPrice":"$10.53 per 1Kg","isAvailable":true,"locations":["vic","sa","nsw"]},{"id":"the-natural-cracker-co-cracker-farmhouse-cheddar","store":"coles","brand":"The Natural Cracker Co.","name":"Farmhouse Cheddar Crispy Crackers","price":1.75,"orgPrice":3.5,"imagePath":"https://shop.coles.com.au/wcsstore/Coles-CAS/images/3/4/4/3449853.jpg","categoryIds":["pantry"],"packageSize":"160g","cupPrice":"$1.09 per 100G","isAvailable":true,"locations":["vic","sa","nsw"]},{"id":"nestle-kit-kat-mint-cokie-fudge","store":"coles","brand":"Nestle","name":"Kit Kat Mint Cookie Fudge","price":1,"orgPrice":2,"imagePath":"https://shop.coles.com.au/wcsstore/Coles-CAS/images/3/7/6/3761229.jpg","categoryIds":["pantry"],"packageSize":"45g","cupPrice":"$2.22 per 100G","isAvailable":true,"locations":["vic","sa","nsw"]},{"id":"wild-tides-tuna-triple-chilli","store":"coles","brand":"Wild Tides","name":"Responsibly Fished Tuna Triple Chilli Medium","price":1,"orgPrice":2,"imagePath":"https://shop.coles.com.au/wcsstore/Coles-CAS/images/3/6/0/3608946.jpg","categoryIds":["pantry"],"packageSize":"95g","cupPrice":"$10.53 per 1Kg","isAvailable":true,"locations":["vic","sa","nsw"]},{"id":"bulls-eye-sweek-whiskey-glaze","store":"coles","brand":"Bull's-Eye","name":"Sweet Whiskey Glaze","price":2,"orgPrice":4,"imagePath":"https://shop.coles.com.au/wcsstore/Coles-CAS/images/3/4/9/3499261.jpg","categoryIds":["pantry"],"packageSize":"300mL","cupPrice":"$0.67 per 100mL","isAvailable":true,"locations":["vic","sa","nsw"]},{"id":"grens-learn-to-bake-troll-s-cupcake-mix","store":"coles","brand":"Greens","name":"Learn To Bake Troll's Cupcake Mix","price":2,"orgPrice":4,"imagePath":"https://shop.coles.com.au/wcsstore/Coles-CAS/images/3/7/6/3765605.jpg","categoryIds":["pantry"],"packageSize":"280g","cupPrice":"$0.71 per 100G","isAvailable":true,"locations":["vic","sa","nsw"]},{"id":"steggles-chicken-breast-crumbed-tenders","store":"coles","brand":"Steggles","name":"Frozen Crumbed Chicken Breast Tenders","price":4.5,"orgPrice":9,"imagePath":"https://shop.coles.com.au/wcsstore/Coles-CAS/images/8/4/3/8434627.jpg","categoryIds":["freezer"],"packageSize":"400g","cupPrice":"$11.25 per 1Kg","isAvailable":true,"locations":["vic","sa","qld","nsw"]},{"id":"steggles-chicken-tenders-sweet-chilli","store":"coles","brand":"Steggles","name":"Frozen Sweet Chilli Chicken Breast Tenders","price":4.5,"orgPrice":9,"imagePath":"https://shop.coles.com.au/wcsstore/Coles-CAS/images/2/7/1/2719952.jpg","categoryIds":["freezer"],"packageSize":"400g","cupPrice":"$11.25 per 1Kg","isAvailable":true,"locations":["vic","sa","qld","nsw"]},{"id":"steggles-chicken-tenders-southern-style","store":"coles","brand":"Steggles","name":"Frozen Southern Style Chicken Breast Tenders","price":4.5,"orgPrice":9,"imagePath":"https://shop.coles.com.au/wcsstore/Coles-CAS/images/2/7/1/2719963.jpg","categoryIds":["freezer"],"packageSize":"400g","cupPrice":"$11.25 per 1Kg","isAvailable":true,"locations":["vic","sa","qld","nsw"]},{"id":"steggles-honey-soy-tenders","store":"coles","brand":"Steggles","name":"Frozen Honey Soy Frozen Chicken Breast Tenders","price":4.5,"orgPrice":9,"imagePath":"https://shop.coles.com.au/wcsstore/Coles-CAS/images/3/2/3/3230754.jpg","categoryIds":["freezer"],"packageSize":"400g","cupPrice":"$11.25 per 1Kg","isAvailable":true,"locations":["vic","sa","qld","nsw"]},{"id":"steggles-hot-spicy-chicken-tenders","store":"coles","brand":"Steggles","name":"Frozen Hot & Spicy Chicken Breast Tenders","price":4.5,"orgPrice":9,"imagePath":"https://shop.coles.com.au/wcsstore/Coles-CAS/images/2/7/1/2719974.jpg","categoryIds":["freezer"],"packageSize":"400g","cupPrice":"$11.25 per 1Kg","isAvailable":true,"locations":["vic","sa","qld","nsw"]},{"id":"almond-breeze-milk-long-life-almond-unsweetened","store":"coles","brand":"Blue Diamond","name":"Almond Breeze Unsweetened Almond Milk","price":1.25,"orgPrice":1.25,"imagePath":"https://shop.coles.com.au/wcsstore/Coles-CAS/images/9/1/1/9117200.jpg","categoryIds":["drinks"],"packageSize":"1L","cupPrice":"$1.25 per 1L","isAvailable":true,"locations":["vic","sa","qld","nsw"]},{"id":"raw-c-pure-natural-coconut-water-1l","store":"coles","brand":"Raw C","name":"Pure Natural Coconut Water","price":2.5,"orgPrice":5,"imagePath":"https://shop.coles.com.au/wcsstore/Coles-CAS/images/3/5/1/3517705.jpg","categoryIds":["drinks"],"packageSize":"1L","cupPrice":"$2.50 per 1L","isAvailable":true,"locations":["vic","sa","qld","nsw"]},{"id":"blue-diamond-milk-vanilla-almond-unsweetened-uht","store":"coles","brand":"Blue Diamond","name":"Almond Breeze Vanilla Flavoured Unsweetened Almond Milk","price":1.35,"orgPrice":1.35,"imagePath":"https://shop.coles.com.au/wcsstore/Coles-CAS/images/1/2/7/1274828.jpg","categoryIds":["drinks","health-beauty"],"packageSize":"1L","cupPrice":"$1.35 per 1L","isAvailable":true,"locations":["vic","sa","qld","nsw"]},{"id":"monster-green-500ml-energy-drink","store":"coles","brand":"Monster","name":"Green Energy Drink Cans 500mL","price":5.85,"orgPrice":11.7,"imagePath":"https://shop.coles.com.au/wcsstore/Coles-CAS/images/2/7/8/2785094.jpg","categoryIds":["drinks"],"packageSize":"4 pack","cupPrice":"$2.93 per 1L","isAvailable":true,"locations":["vic","sa","qld","nsw"]},{"id":"almond-breeze-almond-milk-chocolate","store":"coles","brand":"Blue Diamond","name":"Almond Breeze Chocolate Flavoured Almond Milk","price":1.35,"orgPrice":2.7,"imagePath":"https://shop.coles.com.au/wcsstore/Coles-CAS/images/3/1/7/3179646.jpg","categoryIds":["drinks"],"packageSize":"1L","cupPrice":"$1.35 per 1L","isAvailable":true,"locations":["vic","sa","qld","nsw"]},{"id":"monster-ultra-500ml-energry-drink","store":"coles","brand":"Monster","name":"Zero Ultra Energy Drink Cans 4 Pack","price":5.85,"orgPrice":11.7,"imagePath":"https://shop.coles.com.au/wcsstore/Coles-CAS/images/2/7/8/2785108.jpg","categoryIds":["drinks"],"packageSize":"500ml","cupPrice":"$2.93 per 1L","isAvailable":true,"locations":["vic","sa","qld","nsw"]},{"id":"pure-harvest-hazelnut-unsweetened-milk","store":"coles","brand":"Pure Harvest","name":"Organic Hazel Quench Hazelnut Coconut Milk","price":1.8,"orgPrice":3.6,"imagePath":"https://shop.coles.com.au/wcsstore/Coles-CAS/images/1/9/4/1949094.jpg","categoryIds":["drinks","health-beauty"],"packageSize":"1L","cupPrice":"$1.80 per 1L","isAvailable":true,"locations":["vic","sa","qld","nsw"]},{"id":"natures-way-kids-vitamins-multi-smart-vita-gummys-pastilles","store":"coles","brand":"Nature's Way","name":"Kids Smart Vita Gummies Multivitamin Pastilles","price":13,"orgPrice":26,"imagePath":"https://shop.coles.com.au/wcsstore/Coles-CAS/images/8/0/9/8097221.jpg","categoryIds":["health-beauty"],"packageSize":"120 pack","cupPrice":"$10.83 per 100Ea","isAvailable":true,"locations":["vic","sa","qld","nsw"]},{"id":"natures-way-vitagummies-vitamin-c","store":"coles","brand":"Nature's Way","name":"Vita Gummies Vitamin C","price":10,"orgPrice":20,"imagePath":"https://shop.coles.com.au/wcsstore/Coles-CAS/images/9/1/1/9114268.jpg","categoryIds":["health-beauty"],"packageSize":"120 pack","cupPrice":"$8.33 per 100Ea","isAvailable":true,"locations":["vic","sa","qld","nsw"]},{"id":"blackmores-bio-magnesium-tablets","store":"coles","brand":"Blackmores","name":"Bio Magnesium Tablets","price":12.5,"orgPrice":25,"imagePath":"https://shop.coles.com.au/wcsstore/Coles-CAS/images/8/2/9/8299135.jpg","categoryIds":["health-beauty"],"packageSize":"100 pack","cupPrice":"$12.50 per 100Ea","isAvailable":true,"locations":["vic","sa","qld","nsw"]},{"id":"natures-way-magnesium-tablets","store":"coles","brand":"Nature's Way","name":"Magnesium Tablets","price":8,"orgPrice":16,"imagePath":"https://shop.coles.com.au/wcsstore/Coles-CAS/images/6/8/4/6848800.jpg","categoryIds":["health-beauty"],"packageSize":"150 pack","cupPrice":"$5.33 per 100Ea","isAvailable":true,"locations":["vic","sa","qld","nsw"]},{"id":"blackmores-executive-b-tablets-value-pack","store":"coles","brand":"Blackmores","name":"Executive B Stress Tablets","price":16.9,"orgPrice":33.8,"imagePath":"https://shop.coles.com.au/wcsstore/Coles-CAS/images/9/5/0/9506814.jpg","categoryIds":["health-beauty"],"packageSize":"125 pack","cupPrice":"$13.52 per 100Ea","isAvailable":true,"locations":["vic","sa","qld","nsw"]},{"id":"natures-way-vitagummies-family-multi-vitamin","store":"coles","brand":"Nature's Way","name":"Vita Gummies 120 Multivitamins Pastilles","price":10,"orgPrice":20,"imagePath":"https://shop.coles.com.au/wcsstore/Coles-CAS/images/9/1/1/9114075.jpg","categoryIds":["health-beauty"],"packageSize":"1 pack","cupPrice":"$10.00 per 1Ea","isAvailable":true,"locations":["vic","sa","qld"]},{"id":"natures-way-womens-multivitamins-vita-gummies","store":"coles","brand":"Nature's Way","name":"Women's Vita Gummies Multivitamins","price":10,"orgPrice":20,"imagePath":"https://shop.coles.com.au/wcsstore/Coles-CAS/images/2/2/6/2265775.jpg","categoryIds":["health-beauty"],"packageSize":"100 pack","cupPrice":"$10.00 per 100Ea","isAvailable":true,"locations":["vic","sa","qld","nsw"]},{"id":"natures-way-vita-gummies-hair-skin-nails","store":"coles","brand":"Nature's Way","name":"Vita Gummies Hair- Skin & Nails","price":10,"orgPrice":20,"imagePath":"https://shop.coles.com.au/wcsstore/Coles-CAS/images/2/5/6/2564415.jpg","categoryIds":["health-beauty"],"packageSize":"60 pack","cupPrice":"$16.67 per 100Ea","isAvailable":true,"locations":["vic","sa","qld","nsw"]},{"id":"natures-way-beauty-collagen","store":"coles","brand":"Nature's Way","name":"Beauty Collagen Booster Tablets","price":15,"orgPrice":30,"imagePath":"https://shop.coles.com.au/wcsstore/Coles-CAS/images/2/5/6/2564357.jpg","categoryIds":["health-beauty"],"packageSize":"60 pack","cupPrice":"$25.00 per 100Ea","isAvailable":true,"locations":["vic","sa","qld","nsw"]},{"id":"blackmores-b12-rapi-melts-tablets","store":"coles","brand":"Blackmores","name":"B12 Rapi-melts Tablets","price":5.75,"orgPrice":11.5,"imagePath":"https://shop.coles.com.au/wcsstore/Coles-CAS/images/2/8/3/2837970.jpg","categoryIds":["health-beauty"],"packageSize":"30 pack","cupPrice":"$19.17 per 100Ea","isAvailable":true,"locations":["vic","sa","qld","nsw"]},{"id":"blackmores-fish-oil-1000-capsules-4941770p","store":"coles","brand":"Blackmores","name":"Fish Oil 1000mg Capsules","price":15,"orgPrice":30,"imagePath":"https://shop.coles.com.au/wcsstore/Coles-CAS/images/4/9/4/4941770.jpg","categoryIds":["health-beauty"],"packageSize":"400 pack","cupPrice":"$3.75 per 100Ea","isAvailable":true,"locations":["vic","sa","qld","nsw"]},{"id":"natures-way-adult-vita-gummies-magnesium","store":"coles","brand":"Nature's Way","name":"Adults Vita Gummies Magnesium","price":10,"orgPrice":20,"imagePath":"https://shop.coles.com.au/wcsstore/Coles-CAS/images/2/8/9/2897327.jpg","categoryIds":["health-beauty"],"packageSize":"80 pack","cupPrice":"$12.50 per 100Ea","isAvailable":true,"locations":["vic","sa","qld","nsw"]},{"id":"blackmores-valerian-forte-2000mg-tablets","store":"coles","brand":"Blackmores","name":"Valerian Forte Tablets","price":8,"orgPrice":16,"imagePath":"https://shop.coles.com.au/wcsstore/Coles-CAS/images/8/2/9/8297694.jpg","categoryIds":["health-beauty"],"packageSize":"30 pack","cupPrice":"$26.67 per 100Ea","isAvailable":true,"locations":["vic","sa","qld","nsw"]},{"id":"blackmores-fish-oil-1000-capsules","store":"coles","brand":"Blackmores","name":"Fish Oil 1000mg Capsules","price":9,"orgPrice":18,"imagePath":"https://shop.coles.com.au/wcsstore/Coles-CAS/images/4/9/4/4941780.jpg","categoryIds":["health-beauty"],"packageSize":"200 pack","cupPrice":"$4.50 per 100Ea","isAvailable":true,"locations":["vic","sa","qld","nsw"]},{"id":"natures-way-vitamins-vita-gummies-daily-fibre","store":"coles","brand":"Nature's Way","name":"Vita Gummies Daily Fibre Vitamins","price":10,"orgPrice":20,"imagePath":"https://shop.coles.com.au/wcsstore/Coles-CAS/images/1/2/1/1216253.jpg","categoryIds":["health-beauty"],"packageSize":"110 pack","cupPrice":"$9.09 per 100Ea","isAvailable":true,"locations":["vic","sa","qld","nsw"]},{"id":"swisse-vitamins-ultivite-tablets-formula-1-multi-men","store":"coles","brand":"Swisse","name":"Men's Ultivite Multi Vitamin Tablets","price":14.5,"orgPrice":29,"imagePath":"https://shop.coles.com.au/wcsstore/Coles-CAS/images/6/2/8/6280464.jpg","categoryIds":["health-beauty"],"packageSize":"60 pack","cupPrice":"$24.17 per 100Ea","isAvailable":true,"locations":["vic","sa","qld","nsw"]},{"id":"natures-way-adlt-vitagummie-immune-sf","store":"coles","brand":"Nature's Way","name":"Vita Gummies Immune Support Sugar Free Tablets","price":10,"orgPrice":20,"imagePath":"https://shop.coles.com.au/wcsstore/Coles-CAS/images/3/4/5/3453260.jpg","categoryIds":["health-beauty"],"packageSize":"65 pack","cupPrice":"$15.38 per 100Ea","isAvailable":true,"locations":["vic","sa","qld","nsw"]},{"id":"natures-way-restore-pro-biotic-choc-balls","store":"coles","brand":"Nature's Way","name":"Restore Probiotic Choc Balls","price":10,"orgPrice":20,"imagePath":"https://shop.coles.com.au/wcsstore/Coles-CAS/images/9/9/3/9936573.jpg","categoryIds":["health-beauty"],"packageSize":"60 pack","cupPrice":"$16.67 per 100Ea","isAvailable":true,"locations":["vic","sa","qld","nsw"]},{"id":"natures-way-vita-gummies--vitamin-d3-1000iu","store":"coles","brand":"Nature's Way","name":"Vita Gummies Vitamin D3 1000iu","price":10.5,"orgPrice":21,"imagePath":"https://shop.coles.com.au/wcsstore/Coles-CAS/images/9/9/2/9925861.jpg","categoryIds":["health-beauty"],"packageSize":"120 pack","cupPrice":"$8.75 per 100Ea","isAvailable":true,"locations":["vic","sa","qld","nsw"]},{"id":"natures-way-mens-multi-vitamin-vita-gummies","store":"coles","brand":"Nature's Way","name":"Men's Vita Gummies Multivitamins","price":10,"orgPrice":20,"imagePath":"https://shop.coles.com.au/wcsstore/Coles-CAS/images/2/2/6/2265764.jpg","categoryIds":["health-beauty"],"packageSize":"100 pack","cupPrice":"$10.00 per 100Ea","isAvailable":true,"locations":["vic","sa","qld","nsw"]},{"id":"blackmores-glucosamine-1500mg-3465929p","store":"coles","brand":"Blackmores","name":"Glucosamine 150 Tablets","price":22.05,"orgPrice":44.1,"imagePath":"https://shop.coles.com.au/wcsstore/Coles-CAS/images/3/4/6/3465929.jpg","categoryIds":["health-beauty"],"packageSize":"1 pack","cupPrice":"$22.05 per 1Ea","isAvailable":true,"locations":["vic","sa","qld","nsw"]},{"id":"blackmores-evening-primrose-oil","store":"coles","brand":"Blackmores","name":"Evening Primrose Oil Tablets","price":10,"orgPrice":20,"imagePath":"https://shop.coles.com.au/wcsstore/Coles-CAS/images/1/8/4/1847141.jpg","categoryIds":["health-beauty"],"packageSize":"125 pack","cupPrice":"$8.00 per 100Ea","isAvailable":true,"locations":["vic","sa","qld","nsw"]},{"id":"blackmores-vitamin-c-500mg-tablets","store":"coles","brand":"Blackmores","name":"Vitamin C 500mg Tablets","price":6.25,"orgPrice":12.5,"imagePath":"https://shop.coles.com.au/wcsstore/Coles-CAS/images/2/8/3/2837959.jpg","categoryIds":["health-beauty"],"packageSize":"120 pack","cupPrice":"$5.21 per 100Ea","isAvailable":true,"locations":["vic","sa","qld","nsw"]},{"id":"natures-way-vita-gummies-sugar-free-multi-trio","store":"coles","brand":"Nature's Way","name":"Kids Smart Vita Gummies Multi-Vitamin","price":10,"orgPrice":20,"imagePath":"https://shop.coles.com.au/wcsstore/Coles-CAS/images/3/2/7/3279505.jpg","categoryIds":["health-beauty"],"packageSize":"75 pack","cupPrice":"$13.33 per 100Ea","isAvailable":true,"locations":["vic","sa","qld","nsw"]},{"id":"blackmores-multivitamin-for-women-50-pack","store":"coles","brand":"Blackmores","name":"Multivitamin For Women","price":10,"orgPrice":20,"imagePath":"https://shop.coles.com.au/wcsstore/Coles-CAS/images/3/7/0/3709477.jpg","categoryIds":["health-beauty"],"packageSize":"50 pack","cupPrice":"$0.20 per 1Ea","isAvailable":true,"locations":["vic","sa","qld","nsw"]},{"id":"swisse-vitamins-ultivite-tablets-formula-1-multi-women","store":"coles","brand":"Swisse","name":"Ultivite Women's Formula 1 Multi Vitamins","price":14.5,"orgPrice":29,"imagePath":"https://shop.coles.com.au/wcsstore/Coles-CAS/images/6/2/8/6280475.jpg","categoryIds":["health-beauty"],"packageSize":"60 pack","cupPrice":"$24.17 per 100Ea","isAvailable":true,"locations":["vic","sa","qld","nsw"]},{"id":"natures-way-vita-gummies-omega-3-fish-oil","store":"coles","brand":"Nature's Way","name":"Vita Gummies Omega 3","price":10,"orgPrice":20,"imagePath":"https://shop.coles.com.au/wcsstore/Coles-CAS/images/9/1/1/9114086.jpg","categoryIds":["health-beauty"],"packageSize":"110 pack","cupPrice":"$9.09 per 100Ea","isAvailable":true,"locations":["vic","sa","qld","nsw"]},{"id":"blackmores-bio-c-1000mg-tablets","store":"coles","brand":"Blackmores","name":"Bio C 1000mg Tablets","price":8.8,"orgPrice":17.6,"imagePath":"https://shop.coles.com.au/wcsstore/Coles-CAS/images/8/2/9/8297402.jpg","categoryIds":["health-beauty"],"packageSize":"62 pack","cupPrice":"$14.19 per 100Ea","isAvailable":true,"locations":["vic","sa","qld","nsw"]},{"id":"natures-way-fish-oil-capsules","store":"coles","brand":"Nature's Way","name":"Odourless Fish Oil Capsules 1000mg","price":7.5,"orgPrice":15,"imagePath":"https://shop.coles.com.au/wcsstore/Coles-CAS/images/9/3/1/9314948.jpg","categoryIds":["health-beauty"],"packageSize":"200 pack","cupPrice":"$3.75 per 100Ea","isAvailable":true,"locations":["vic","sa","qld","nsw"]},{"id":"ecovinal-organic-raw-raspberry-vinegar","store":"coles","brand":"Ecovinal","name":"Organic Unfiltered Raspberry Vinegar","price":3.8,"orgPrice":7.6,"imagePath":"https://shop.coles.com.au/wcsstore/Coles-CAS/images/3/4/1/3412401.jpg","categoryIds":["health-beauty"],"packageSize":"500mL","cupPrice":"$0.76 per 100mL","isAvailable":true,"locations":["vic","sa","qld","nsw"]},{"id":"natures-way-adlt-vitagummies-calcm-sf","store":"coles","brand":"Nature's Way","name":"Adult Vita Gummies Calcium + Vitamin D Tablets","price":10,"orgPrice":20,"imagePath":"https://shop.coles.com.au/wcsstore/Coles-CAS/images/3/4/5/3453250.jpg","categoryIds":["health-beauty"],"packageSize":"65 pack","cupPrice":"$0.15 per 1Ea","isAvailable":true,"locations":["vic","sa","qld","nsw"]},{"id":"blackmores-multivitamin-for-men-50-pack","store":"coles","brand":"Blackmores","name":"Multivitamin For Men","price":10,"orgPrice":20,"imagePath":"https://shop.coles.com.au/wcsstore/Coles-CAS/images/3/7/0/3709580.jpg","categoryIds":["health-beauty"],"packageSize":"50 pack","cupPrice":"$0.20 per 1Ea","isAvailable":true,"locations":["vic","sa","qld","nsw"]},{"id":"blackmores-probiotics--immune-defence-capsules","store":"coles","brand":"Blackmores","name":"Immune Defence Capsules","price":14,"orgPrice":28,"imagePath":"https://shop.coles.com.au/wcsstore/Coles-CAS/images/2/9/0/2900670.jpg","categoryIds":["health-beauty"],"packageSize":"30 pack","cupPrice":"$46.67 per 100Ea","isAvailable":true,"locations":["vic","sa","qld","nsw"]},{"id":"blackmores-vitamin-d3-1000iu","store":"coles","brand":"Blackmores","name":"Vitamin D3 1000iu Capsules","price":15,"orgPrice":30,"imagePath":"https://shop.coles.com.au/wcsstore/Coles-CAS/images/9/0/0/9001782.jpg","categoryIds":["health-beauty"],"packageSize":"200 pack","cupPrice":"$7.50 per 100Ea","isAvailable":true,"locations":["vic","sa","qld","nsw"]},{"id":"blackmores-tablets-bio-c-chewable-500mg-value-pack","store":"coles","brand":"Blackmores","name":"Bio C 500mg Chewable Tablets","price":7.25,"orgPrice":14.5,"imagePath":"https://shop.coles.com.au/wcsstore/Coles-CAS/images/9/6/8/9688926.jpg","categoryIds":["health-beauty"],"packageSize":"125 pack","cupPrice":"$5.80 per 100Ea","isAvailable":true,"locations":["vic","sa","qld","nsw"]},{"id":"natures-way-restore-30-billion-high-strength-probiotic","store":"coles","brand":"Nature's Way","name":"Restore 30 Billion Daily Probiotic","price":14,"orgPrice":28,"imagePath":"https://shop.coles.com.au/wcsstore/Coles-CAS/images/1/7/5/1758755.jpg","categoryIds":["health-beauty"],"packageSize":"30 pack","cupPrice":"$46.67 per 100Ea","isAvailable":true,"locations":["vic","sa","qld","nsw"]},{"id":"blackmores-super-magnesium-plus-100-pack","store":"coles","brand":"Blackmores","name":"Super Magnesium Plus","price":15.25,"orgPrice":30.5,"imagePath":"https://shop.coles.com.au/wcsstore/Coles-CAS/images/3/0/6/3068088.jpg","categoryIds":["health-beauty"],"packageSize":"100 pack","cupPrice":"$15.25 per 100Ea","isAvailable":true,"locations":["vic","sa","qld","nsw"]},{"id":"natures-way-tabs-glucosamine-1500mg","store":"coles","brand":"Nature's Way","name":"Glucosamine 1500mg Tablets","price":20,"orgPrice":40,"imagePath":"https://shop.coles.com.au/wcsstore/Coles-CAS/images/6/5/4/6542083.jpg","categoryIds":["health-beauty"],"packageSize":"180 pack","cupPrice":"$11.11 per 100Ea","isAvailable":true,"locations":["vic","sa","qld","nsw"]},{"id":"blackmores-nails-hair-skin-tablets","store":"coles","brand":"Blackmores","name":"Nails Hair & Skin Tablets","price":7.75,"orgPrice":15.5,"imagePath":"https://shop.coles.com.au/wcsstore/Coles-CAS/images/4/6/4/4643487.jpg","categoryIds":["health-beauty"],"packageSize":"60 pack","cupPrice":"$12.92 per 100Ea","isAvailable":true,"locations":["vic","sa","qld","nsw"]},{"id":"blackmores-lyp-sine-tablets","store":"coles","brand":"Blackmores","name":"Lyp-Sine Tablets","price":5,"orgPrice":10,"imagePath":"https://shop.coles.com.au/wcsstore/Coles-CAS/images/8/2/9/8297650.jpg","categoryIds":["health-beauty"],"packageSize":"30 pack","cupPrice":"$16.67 per 100Ea","isAvailable":true,"locations":["vic","sa","qld","nsw"]},{"id":"blackmores-fish-oil-odourless","store":"coles","brand":"Blackmores","name":"Odourless Fish Oil Capsules","price":19.5,"orgPrice":39,"imagePath":"https://shop.coles.com.au/wcsstore/Coles-CAS/images/7/1/0/7109880.jpg","categoryIds":["health-beauty"],"packageSize":"400 pack","cupPrice":"$4.88 per 100Ea","isAvailable":true,"locations":["vic","sa","qld","nsw"]},{"id":"blackmores-tablets-multi-vitamin-mineral-value-pack","store":"coles","brand":"Blackmores","name":"Multi Vitamin Sustained Release Multi + Antioxidants Tablets","price":20,"orgPrice":40,"imagePath":"https://shop.coles.com.au/wcsstore/Coles-CAS/images/9/5/0/9506880.jpg","categoryIds":["health-beauty"],"packageSize":"125 pack","cupPrice":"$16.00 per 100Ea","isAvailable":true,"locations":["vic","sa","qld","nsw"]},{"id":"vanish-napisan-gold-pro-oxiaction","store":"coles","brand":"Vanish","name":"Napisan Gold Pro Oxi Action Powder Fabric Stain Remover","price":11,"orgPrice":22,"imagePath":"https://shop.coles.com.au/wcsstore/Coles-CAS/images/3/3/1/3315948.jpg","categoryIds":["household"],"packageSize":"1.8kg","cupPrice":"$6.11 per 1Kg","isAvailable":true,"locations":["vic","sa","qld","nsw"]},{"id":"fairy-platinum-plus-dishwashing-tablets","store":"coles","brand":"Fairy","name":"Platinum Plus Lemon Dishwashing Tablets","price":17.5,"orgPrice":35,"imagePath":"https://shop.coles.com.au/wcsstore/Coles-CAS/images/3/5/1/3514740.jpg","categoryIds":["household"],"packageSize":"45 pack","cupPrice":"$0.39 per 1Ea","isAvailable":true,"locations":["vic","sa","qld","nsw"]},{"id":"cold-power-laundry-powder-advanced-clean","store":"coles","brand":"Cold Power","name":"Advanced Clean Laundry Powder","price":8.75,"orgPrice":17.5,"imagePath":"https://shop.coles.com.au/wcsstore/Coles-CAS/images/3/7/7/3774923.jpg","categoryIds":["household"],"packageSize":"2kg","cupPrice":"$4.38 per 1Kg","isAvailable":true,"locations":["vic","sa","qld","nsw"]},{"id":"cold-power-advanced-clean-laundry-liquid","store":"coles","brand":"Cold Power","name":"Advanced Clean Laundry Liquid","price":8.75,"orgPrice":17.5,"imagePath":"https://shop.coles.com.au/wcsstore/Coles-CAS/images/3/7/7/3774581.jpg","categoryIds":["household"],"packageSize":"2L","cupPrice":"$4.38 per 1L","isAvailable":true,"locations":["vic","sa","qld","nsw"]},{"id":"palmolive-dishwashing-liquid-ultra-dry-skin","store":"coles","brand":"Palmolive","name":"Ultra Dry Skin Dishwashing Liquid","price":2.75,"orgPrice":5.5,"imagePath":"https://shop.coles.com.au/wcsstore/Coles-CAS/images/8/1/0/8106694.jpg","categoryIds":["household"],"packageSize":"750mL","cupPrice":"$0.37 per 100mL","isAvailable":true,"locations":["vic","sa","qld","nsw"]},{"id":"palmolive-dishwashing-liquid-ultra-antibacterial","store":"coles","brand":"Palmolive","name":"Ultra Antibacterial Dishwashing Liquid","price":2.75,"orgPrice":5.5,"imagePath":"https://shop.coles.com.au/wcsstore/Coles-CAS/images/8/1/0/8106672.jpg","categoryIds":["household"],"packageSize":"750mL","cupPrice":"$0.37 per 100mL","isAvailable":true,"locations":["vic","sa","qld","nsw"]},{"id":"biozet-attack-plus-softener","store":"coles","brand":"Biozet","name":"Attack Plus Softener","price":11,"orgPrice":22,"imagePath":"https://shop.coles.com.au/wcsstore/Coles-CAS/images/3/1/9/3196430.jpg","categoryIds":["household"],"packageSize":"2L","cupPrice":"$5.50 per 1L","isAvailable":true,"locations":["vic","sa","qld","nsw"]},{"id":"fairy-platinum-plus-dishwashing-tablets-3514729p","store":"coles","brand":"Fairy","name":"Platinum Plus Lemon Dishwasher Tablets","price":8,"orgPrice":16,"imagePath":"https://shop.coles.com.au/wcsstore/Coles-CAS/images/3/5/1/3514729.jpg","categoryIds":["household"],"packageSize":"15 pack","cupPrice":"$0.53 per 1Ea","isAvailable":true,"locations":["vic","sa","qld","nsw"]},{"id":"cold-power-laundry-liquid-sensitive-pure-clean","store":"coles","brand":"Cold Power","name":"Advanced Clean Sensitive Pure Clean Laundry Liquid","price":8.75,"orgPrice":17.5,"imagePath":"https://shop.coles.com.au/wcsstore/Coles-CAS/images/3/7/7/3774606.jpg","categoryIds":["household"],"packageSize":"2L","cupPrice":"$4.38 per 1L","isAvailable":true,"locations":["vic","sa","qld","nsw"]},{"id":"cold-power-laundry-powder-sensitive-pure-clean","store":"coles","brand":"Cold Power","name":"Sensitive Pure Clean Laundry Powder","price":8.75,"orgPrice":17.5,"imagePath":"https://shop.coles.com.au/wcsstore/Coles-CAS/images/3/7/7/3774934.jpg","categoryIds":["household"],"packageSize":"2kg","cupPrice":"$4.38 per 1Kg","isAvailable":true,"locations":["vic","sa","qld","nsw"]},{"id":"palmolive-dishwashing-liquid-ultra-original","store":"coles","brand":"Palmolive","name":"Ultra Original Dishwashing Liquid","price":2.75,"orgPrice":5.5,"imagePath":"https://shop.coles.com.au/wcsstore/Coles-CAS/images/8/1/0/8106719.jpg","categoryIds":["household"],"packageSize":"750mL","cupPrice":"$0.37 per 100mL","isAvailable":true,"locations":["vic","sa","qld","nsw"]},{"id":"cold-power-laundry-liquid-lemon","store":"coles","brand":"Cold Power","name":"Lemon Advanced Laundry Liquid","price":8.75,"orgPrice":17.5,"imagePath":"https://shop.coles.com.au/wcsstore/Coles-CAS/images/3/7/7/3774592.jpg","categoryIds":["household"],"packageSize":"2L","cupPrice":"$4.38 per 1L","isAvailable":true,"locations":["vic","sa","qld","nsw"]},{"id":"bref-power-active-fresh-flowers","store":"coles","brand":"Bref","name":"Power Active Toilet Cleaner Fresh Flowers","price":2.5,"orgPrice":5,"imagePath":"https://shop.coles.com.au/wcsstore/Coles-CAS/images/2/7/3/2731492.jpg","categoryIds":["household"],"packageSize":"50g","cupPrice":"$5.00 per 100G","isAvailable":true,"locations":["vic","sa","qld","nsw"]},{"id":"cold-power-laundry-liquid-clean-fresh","store":"coles","brand":"Cold Power","name":"Clean & Fresh Advanced Laundry Liquid","price":8.75,"orgPrice":17.5,"imagePath":"https://shop.coles.com.au/wcsstore/Coles-CAS/images/3/7/7/3774526.jpg","categoryIds":["household"],"packageSize":"1.8L","cupPrice":"$4.86 per 1L","isAvailable":true,"locations":["vic","sa","qld","nsw"]},{"id":"palmolive-ultra-divine-blends-dishwashing-liquid","store":"coles","brand":"Palmolive","name":"Ultra Concentrate Divine Blends Dishwashing Liquid","price":2.75,"orgPrice":5.5,"imagePath":"https://shop.coles.com.au/wcsstore/Coles-CAS/images/1/8/3/1837669.jpg","categoryIds":["household"],"packageSize":"700mL","cupPrice":"$0.39 per 100mL","isAvailable":true,"locations":["vic","sa","qld","nsw"]},{"id":"bref-power-active-lemon-toilet-cleaner","store":"coles","brand":"Bref","name":"Power Active Toilet Cleaner Lemon","price":2.5,"orgPrice":5,"imagePath":"https://shop.coles.com.au/wcsstore/Coles-CAS/images/2/7/3/2731481.jpg","categoryIds":["household"],"packageSize":"50g","cupPrice":"$5.00 per 100G","isAvailable":true,"locations":["vic","sa","qld","nsw"]},{"id":"vanish-napisan-gold-pro-oxiaction-crystal-white-3315959p","store":"coles","brand":"Vanish","name":"Napisan Gold Pro Oxi Action Crystal White Powder Fabric Stain Remover","price":11,"orgPrice":22,"imagePath":"https://shop.coles.com.au/wcsstore/Coles-CAS/images/3/3/1/3315959.jpg","categoryIds":["household"],"packageSize":"1.8kg","cupPrice":"$6.11 per 1Kg","isAvailable":true,"locations":["vic","sa","qld","nsw"]},{"id":"bref-duo-cubes-2-in-1-formula-cistern-block-toilet-cleaner-2-pack","store":"coles","brand":"Bref","name":"Duo Cubes 2 in 1 Formula Cistern Block Toilet Cleaner 2 pack","price":2.5,"orgPrice":5,"imagePath":"https://shop.coles.com.au/wcsstore/Coles-CAS/images/2/7/3/2731630.jpg","categoryIds":["household"],"packageSize":"100g","cupPrice":"$2.50 per 100G","isAvailable":true,"locations":["vic","sa","qld","nsw"]},{"id":"radiant-laundry-liquid-black-wash-3196667p","store":"coles","brand":"Radiant","name":"Black Wash Laundry Liquid 1L","price":5,"orgPrice":10,"imagePath":"https://shop.coles.com.au/wcsstore/Coles-CAS/images/3/1/9/3196667.jpg","categoryIds":["household"],"packageSize":"1L","cupPrice":"$5.00 per 1L","isAvailable":true,"locations":["vic","sa","qld","nsw"]},{"id":"bref-fresh-boost-toilet-cleaner-flower-blossom","store":"coles","brand":"Bref","name":"Fresh Boost Flower Blossom Toilet Cleaner","price":2.5,"orgPrice":5,"imagePath":"https://shop.coles.com.au/wcsstore/Coles-CAS/images/3/4/7/3475922.jpg","categoryIds":["household"],"packageSize":"450mL","cupPrice":"$0.56 per 100mL","isAvailable":true,"locations":["vic","sa","qld","nsw"]},{"id":"sistema-klip-it-containers","store":"coles","brand":"Sistema","name":"Klip It Container 1L","price":6.25,"orgPrice":12.5,"imagePath":"https://shop.coles.com.au/wcsstore/Coles-CAS/images/8/1/4/8145368.jpg","categoryIds":["household"],"packageSize":"3 pack","cupPrice":"$2.08 per 1Ea","isAvailable":true,"locations":["vic","sa","qld","nsw"]},{"id":"bref-liquid-toilet-cleaner-ultra-white","store":"coles","brand":"Bref","name":"Ultra White Liquid Toilet Cleaner","price":2.5,"orgPrice":5,"imagePath":"https://shop.coles.com.au/wcsstore/Coles-CAS/images/3/2/2/3223555.jpg","categoryIds":["household"],"packageSize":"450mL","cupPrice":"$0.56 per 100mL","isAvailable":true,"locations":["vic","sa","qld","nsw"]},{"id":"sistema-klip-it-container-cereal","store":"coles","brand":"Sistema","name":"Klip It Cereal Container 4.2L","price":6.5,"orgPrice":13,"imagePath":"https://shop.coles.com.au/wcsstore/Coles-CAS/images/4/8/6/4868895.jpg","categoryIds":["household"],"packageSize":"1 pack","cupPrice":"$6.50 per 1Ea","isAvailable":true,"locations":["vic","sa","qld","nsw"]},{"id":"bref-active-power-toilet-cleaner-lavender","store":"coles","brand":"Bref","name":"Active Power Toilet Cleaner Lavender","price":2.5,"orgPrice":5,"imagePath":"https://shop.coles.com.au/wcsstore/Coles-CAS/images/3/0/3/3033185.jpg","categoryIds":["household"],"packageSize":"50g","cupPrice":"$5.00 per 100G","isAvailable":true,"locations":["vic","sa","qld","nsw"]},{"id":"bref-liquid-toilet-cleaner-colour-change-ind","store":"coles","brand":"Bref","name":"Lavender Toilet Gel Colour Change Indicator","price":2.5,"orgPrice":5,"imagePath":"https://shop.coles.com.au/wcsstore/Coles-CAS/images/3/2/2/3223533.jpg","categoryIds":["household"],"packageSize":"450mL","cupPrice":"$0.56 per 100mL","isAvailable":true,"locations":["vic","sa","qld","nsw"]},{"id":"cold-power-laundry-liquid-clean-smoth","store":"coles","brand":"Cold Power","name":"Advanced Clean & Smooth Laundry Liquid","price":8.75,"orgPrice":17.5,"imagePath":"https://shop.coles.com.au/wcsstore/Coles-CAS/images/3/7/7/3774537.jpg","categoryIds":["household"],"packageSize":"1.8L","cupPrice":"$4.86 per 1L","isAvailable":true,"locations":["vic","sa","qld","nsw"]},{"id":"sistema-klip-it-container-rectangular","store":"coles","brand":"Sistema","name":"Klip It Rectangular Container 7L","price":6.25,"orgPrice":12.5,"imagePath":"https://shop.coles.com.au/wcsstore/Coles-CAS/images/4/8/6/4868830.jpg","categoryIds":["household"],"packageSize":"1 pack","cupPrice":"$6.25 per 1Ea","isAvailable":true,"locations":["vic","sa","qld","nsw"]},{"id":"bonds-mens-trunks-guy-front-large","store":"coles","brand":"Bonds","name":"Mens Guyfront Trunks Large","price":11,"orgPrice":22,"imagePath":"https://shop.coles.com.au/wcsstore/Coles-CAS/images/5/2/1/5215343.jpg","categoryIds":["household"],"packageSize":"1 pack","cupPrice":"","isAvailable":true,"locations":["vic","sa","qld","nsw"]},{"id":"bref-fresh-boost-toilet-cleaner-juicy-lemon","store":"coles","brand":"Bref","name":"Fresh Boost Juicy Lemon Toilet Cleaner","price":2.5,"orgPrice":5,"imagePath":"https://shop.coles.com.au/wcsstore/Coles-CAS/images/3/4/7/3475911.jpg","categoryIds":["household"],"packageSize":"450mL","cupPrice":"$0.56 per 100mL","isAvailable":true,"locations":["vic","sa","qld","nsw"]},{"id":"bonds-1089s-ladies-bikini-briefs-3629797p","store":"coles","brand":"Bonds","name":"1089s Ladies Bikini Briefs Size 12","price":9,"orgPrice":18,"imagePath":"https://shop.coles.com.au/wcsstore/Coles-CAS/images/3/6/2/3629797.jpg","categoryIds":["household"],"packageSize":"2 pack","cupPrice":"$4.50 per 1Ea","isAvailable":true,"locations":["vic","sa","qld","nsw"]},{"id":"sistema-ultra-container-13-litre","store":"coles","brand":"Sistema","name":"Ultra Clear Tritan Container 1.3L","price":6,"orgPrice":12,"imagePath":"https://shop.coles.com.au/wcsstore/Coles-CAS/images/3/6/3/3633160.jpg","categoryIds":["household"],"packageSize":"","cupPrice":"$6.00 per 1Ea","isAvailable":true,"locations":["vic","sa","qld","nsw"]},{"id":"sard-power-fizz-stain-remover","store":"coles","brand":"Sard","name":"Power Fizz Stain Remover","price":5,"orgPrice":10,"imagePath":"https://shop.coles.com.au/wcsstore/Coles-CAS/images/3/6/3/3639393.jpg","categoryIds":["household"],"packageSize":"195g","cupPrice":"$25.64 per 1Kg","isAvailable":true,"locations":["vic","sa","qld","nsw"]},{"id":"sistema-klip-it-container-rectangular-4535746p","store":"coles","brand":"Sistema","name":"Klip It Rectangular Container 3L","price":4,"orgPrice":8,"imagePath":"https://shop.coles.com.au/wcsstore/Coles-CAS/images/4/5/3/4535746.jpg","categoryIds":["household"],"packageSize":"1 pack","cupPrice":"$4.00 per 1Ea","isAvailable":true,"locations":["vic","sa","qld","nsw"]},{"id":"sistema-klip-it-container-rectangular-9432886p","store":"coles","brand":"Sistema","name":"Klip It Rectangular Container 2L","price":3.1,"orgPrice":6.2,"imagePath":"https://shop.coles.com.au/wcsstore/Coles-CAS/images/9/4/3/9432886.jpg","categoryIds":["household"],"packageSize":"1 pack","cupPrice":"$3.10 per 1Ea","isAvailable":true,"locations":["vic","sa","qld","nsw"]},{"id":"decor-match-ups-container-oblong-purple-500ml","store":"coles","brand":"Decor","name":"Match Ups Oblong Container 500ml","price":2,"orgPrice":4,"imagePath":"https://shop.coles.com.au/wcsstore/Coles-CAS/images/1/8/9/1898732.jpg","categoryIds":["household"],"packageSize":"","cupPrice":"$2.00 per 1Ea","isAvailable":true,"locations":["vic","sa","qld","nsw"]},{"id":"bref-power-active-tropical-hawaii-escapes","store":"coles","brand":"Bref","name":"Hawaii Sensation Escapes","price":2.5,"orgPrice":5,"imagePath":"https://shop.coles.com.au/wcsstore/Coles-CAS/images/3/2/2/3223792.jpg","categoryIds":["household"],"packageSize":"50g","cupPrice":"$5.00 per 100G","isAvailable":true,"locations":["vic","sa","qld","nsw"]},{"id":"bonds-1089s-ladies-bikini-briefs-3629786p","store":"coles","brand":"Bonds","name":"1089s Ladies Bikini Briefs Size 10","price":9,"orgPrice":18,"imagePath":"https://shop.coles.com.au/wcsstore/Coles-CAS/images/3/6/2/3629786.jpg","categoryIds":["household"],"packageSize":"2 pack","cupPrice":"$4.50 per 1Ea","isAvailable":true,"locations":["vic","sa","qld","nsw"]},{"id":"bref-fresh-boost-toilet-cleaner-ocean-breeze","store":"coles","brand":"Bref","name":"Fresh Boost Ocean Breeze Toilet Cleaner","price":2.5,"orgPrice":5,"imagePath":"https://shop.coles.com.au/wcsstore/Coles-CAS/images/3/4/7/3475933.jpg","categoryIds":["household"],"packageSize":"450mL","cupPrice":"$0.56 per 100mL","isAvailable":true,"locations":["vic","sa","qld","nsw"]},{"id":"decor-match-ups-container-oblong-green-800ml","store":"coles","brand":"Decor","name":"Match Ups Basics Container Oblong Green 800ml","price":2.75,"orgPrice":5.5,"imagePath":"https://shop.coles.com.au/wcsstore/Coles-CAS/images/1/8/9/1898801.jpg","categoryIds":["household"],"packageSize":"","cupPrice":"$2.75 per 1ea","isAvailable":true,"locations":["vic","sa","qld","nsw"]},{"id":"decor-match-ups-container-oblong-red-1-litre","store":"coles","brand":"Decor","name":"Match Ups Basics Container Oblong Red 1L","price":2.75,"orgPrice":5.5,"imagePath":"https://shop.coles.com.au/wcsstore/Coles-CAS/images/1/8/9/1898743.jpg","categoryIds":["household"],"packageSize":"","cupPrice":"$2.75 per 1ea","isAvailable":true,"locations":["vic","sa","qld","nsw"]},{"id":"sistema-ultra-container-920ml","store":"coles","brand":"Sistema","name":"Ultra Clear Tritan Container 920mL","price":5,"orgPrice":10,"imagePath":"https://shop.coles.com.au/wcsstore/Coles-CAS/images/3/6/3/3633149.jpg","categoryIds":["household"],"packageSize":"","cupPrice":"$5.00 per 1Ea","isAvailable":true,"locations":["vic","sa","qld","nsw"]},{"id":"decor-match-ups-container-oblong-blue-2l","store":"coles","brand":"Decor","name":"Match Ups Basics Container Oblong Blue 2L","price":3.75,"orgPrice":7.5,"imagePath":"https://shop.coles.com.au/wcsstore/Coles-CAS/images/1/8/9/1898776.jpg","categoryIds":["household"],"packageSize":"","cupPrice":"$3.75 per 1Ea","isAvailable":true,"locations":["vic","sa","qld","nsw"]},{"id":"decor-tellfresh-cupcake-storer-4l","store":"coles","brand":"Decor","name":"Tellfresh Cupcake Storer 4L","price":5,"orgPrice":10,"imagePath":"https://shop.coles.com.au/wcsstore/Coles-CAS/images/2/7/9/2791847.jpg","categoryIds":["household"],"packageSize":"","cupPrice":"$5.00 per 1Ea","isAvailable":true,"locations":["vic","sa","qld","nsw"]},{"id":"decor-match-ups-container-oblong-red-600ml","store":"coles","brand":"Decor","name":"Match Ups Basics Container Oblong Red 600ml","price":2.25,"orgPrice":4.5,"imagePath":"https://shop.coles.com.au/wcsstore/Coles-CAS/images/1/8/9/1898754.jpg","categoryIds":["household"],"packageSize":"","cupPrice":"","isAvailable":true,"locations":["vic","sa","qld","nsw"]},{"id":"decor-match-ups-container-oblong-orange-200ml","store":"coles","brand":"Decor","name":"Match Ups Basics Container Oblong Orange 200ml","price":1.25,"orgPrice":2.5,"imagePath":"https://shop.coles.com.au/wcsstore/Coles-CAS/images/1/8/9/1898812.jpg","categoryIds":["household"],"packageSize":"","cupPrice":"$1.25 per 1ea","isAvailable":true,"locations":["vic","sa","qld","nsw"]},{"id":"decor-match-ups-container-oblong-green-15l","store":"coles","brand":"Decor","name":"Match Ups Basics Container Oblong Green 1.5L","price":3.25,"orgPrice":6.5,"imagePath":"https://shop.coles.com.au/wcsstore/Coles-CAS/images/1/8/9/1898798.jpg","categoryIds":["household"],"packageSize":"","cupPrice":"","isAvailable":true,"locations":["vic","sa","qld","nsw"]},{"id":"sistema-klip-it-container-rectangular-9432831p","store":"coles","brand":"Sistema","name":"Klip It Rectangular Container 1L","price":2.6,"orgPrice":5.2,"imagePath":"https://shop.coles.com.au/wcsstore/Coles-CAS/images/9/4/3/9432831.jpg","categoryIds":["household"],"packageSize":"1 pack","cupPrice":"$2.60 per 1Ea","isAvailable":true,"locations":["vic","sa","qld","nsw"]},{"id":"sistema-klip-it--container--rectangular","store":"coles","brand":"Sistema","name":"Klip It Rectangular Container 400mL","price":1.5,"orgPrice":3,"imagePath":"https://shop.coles.com.au/wcsstore/Coles-CAS/images/9/4/3/9432784.jpg","categoryIds":["household"],"packageSize":"1 pack","cupPrice":"$1.50 per 1Ea","isAvailable":true,"locations":["vic","sa","qld","nsw"]},{"id":"decor-match-ups-container-oblong-blue-3-litre","store":"coles","brand":"Decor","name":"Match Ups Basics Container Oblong Blue 3 Litre","price":4.25,"orgPrice":8.5,"imagePath":"https://shop.coles.com.au/wcsstore/Coles-CAS/images/1/8/9/1898787.jpg","categoryIds":["household"],"packageSize":"","cupPrice":"$4.25 per 1ea","isAvailable":true,"locations":["vic","sa","qld","nsw"]},{"id":"bref-active-duo-toilet-cleaner-lemon","store":"coles","brand":"Bref","name":"Active Duo Mediterranean Lemon Toilet Cleaner","price":2.5,"orgPrice":5,"imagePath":"https://shop.coles.com.au/wcsstore/Coles-CAS/images/3/4/7/3476073.jpg","categoryIds":["household"],"packageSize":"50mL","cupPrice":"$5.00 per 100mL","isAvailable":true,"locations":["vic","sa","qld","nsw"]},{"id":"sistema-klip-it-container-lunch-plus","store":"coles","brand":"Sistema","name":"Klip It Lunch Plus 1.2L","price":4.5,"orgPrice":9,"imagePath":"https://shop.coles.com.au/wcsstore/Coles-CAS/images/8/3/7/8370397.jpg","categoryIds":["household"],"packageSize":"2 pack","cupPrice":"$2.25 per 1Ea","isAvailable":true,"locations":["vic","sa","qld","nsw"]},{"id":"sukin-signature-cleansing-hand-wash-refill","store":"coles","brand":"Sukin","name":"Signature Cleansing Hand Wash","price":8.97,"orgPrice":17.950000000000003,"imagePath":"https://shop.coles.com.au/wcsstore/Coles-CAS/images/3/5/1/3516848.jpg","categoryIds":["health-beauty"],"packageSize":"1L","cupPrice":"$8.97 per 1L","isAvailable":true,"locations":["vic","sa","qld","nsw"]},{"id":"sukin-signature-cleansing-hand-wash-pump","store":"coles","brand":"Sukin","name":"Signature Cleansing Hand Wash","price":4.95,"orgPrice":9.95,"imagePath":"https://shop.coles.com.au/wcsstore/Coles-CAS/images/3/5/1/3516724.jpg","categoryIds":["health-beauty"],"packageSize":"500mL","cupPrice":"$0.99 per 100mL","isAvailable":true,"locations":["vic","sa","qld","nsw"]},{"id":"sukin-hand-wash-lime-coconut","store":"coles","brand":"Sukin","name":"Lime & Coconut Cleansing Hand Wash","price":4.95,"orgPrice":9.95,"imagePath":"https://shop.coles.com.au/wcsstore/Coles-CAS/images/3/5/5/3552149.jpg","categoryIds":["health-beauty"],"packageSize":"500mL","cupPrice":"$0.99 per 100mL","isAvailable":true,"locations":["vic","sa","qld","nsw"]},{"id":"oral-b--gum-care-enamel-restore-toothpaste","store":"coles","brand":"Oral-B","name":"Gum Care & Enamel Restore Toothpaste","price":5,"orgPrice":10,"imagePath":"https://shop.coles.com.au/wcsstore/Coles-CAS/images/2/8/6/2868679.jpg","categoryIds":["health-beauty"],"packageSize":"110g","cupPrice":"$4.55 per 100G","isAvailable":true,"locations":["vic","sa","qld","nsw"]},{"id":"sukin-botanical-body-wash-pump","store":"coles","brand":"Sukin","name":"Signature Botanical Body Wash","price":8.97,"orgPrice":17.950000000000003,"imagePath":"https://shop.coles.com.au/wcsstore/Coles-CAS/images/2/9/9/2994050.jpg","categoryIds":["health-beauty"],"packageSize":"1L","cupPrice":"$8.97 per 1L","isAvailable":true,"locations":["vic","sa","qld","nsw"]},{"id":"gilllette-venus-disposable-razor-sensitive","store":"coles","brand":"Gillette","name":"Venus Sensitive Disposable Razors","price":5,"orgPrice":10,"imagePath":"https://shop.coles.com.au/wcsstore/Coles-CAS/images/6/5/1/6519922.jpg","categoryIds":["health-beauty"],"packageSize":"3 pack","cupPrice":"$1.67 per 1Ea","isAvailable":true,"locations":["vic","sa","qld","nsw"]},{"id":"dove-hair-therapy-daily-moisture-shampoo","store":"coles","brand":"Dove","name":"Nutritive Solutions Daily Moisture Shampoo","price":5.95,"orgPrice":11.9,"imagePath":"https://shop.coles.com.au/wcsstore/Coles-CAS/images/2/1/0/2103514.jpg","categoryIds":["health-beauty"],"packageSize":"640mL","cupPrice":"$0.93 per 100mL","isAvailable":true,"locations":["vic","sa","qld","nsw"]},{"id":"pantene-daily-moisture-reniew-conditioner","store":"coles","brand":"Pantene","name":"Daily Moisture Renewal Conditioner","price":8.5,"orgPrice":17,"imagePath":"https://shop.coles.com.au/wcsstore/Coles-CAS/images/2/2/9/2290579.jpg","categoryIds":["health-beauty"],"packageSize":"900mL","cupPrice":"$0.94 per 100mL","isAvailable":true,"locations":["vic","sa","qld","nsw"]},{"id":"pantene-daily-moisture-reniew-shampoo","store":"coles","brand":"Pantene","name":"Pro-V Daily Moisture Renewal Shampoo","price":8.5,"orgPrice":17,"imagePath":"https://shop.coles.com.au/wcsstore/Coles-CAS/images/2/2/9/2290557.jpg","categoryIds":["health-beauty"],"packageSize":"900mL","cupPrice":"$0.94 per 100mL","isAvailable":true,"locations":["vic","sa","qld","nsw"]},{"id":"oral-b--gum-care-sensitivity-repair-toothpaste","store":"coles","brand":"Oral-B","name":"Gum Care & Sensitivity Repair Toothpaste","price":5,"orgPrice":10,"imagePath":"https://shop.coles.com.au/wcsstore/Coles-CAS/images/2/8/6/2868690.jpg","categoryIds":["health-beauty"],"packageSize":"110g","cupPrice":"$4.55 per 100G","isAvailable":true,"locations":["vic","sa","qld","nsw"]},{"id":"dove-hair-therapy-daily-moisture-conditioner","store":"coles","brand":"Dove","name":"Hair Therapy Daily Moisture Conditioner","price":5.95,"orgPrice":11.9,"imagePath":"https://shop.coles.com.au/wcsstore/Coles-CAS/images/2/1/0/2103423.jpg","categoryIds":["health-beauty"],"packageSize":"640mL","cupPrice":"$0.93 per 100mL","isAvailable":true,"locations":["vic","sa","qld","nsw"]},{"id":"oral-b-fresh-clean-fours","store":"coles","brand":"Oral-B","name":"Fresh Clean Value Pack Soft Toothbrush","price":5.25,"orgPrice":10.5,"imagePath":"https://shop.coles.com.au/wcsstore/Coles-CAS/images/2/6/2/2621177.jpg","categoryIds":["health-beauty"],"packageSize":"5 pack","cupPrice":"$1.05 per 1Ea","isAvailable":true,"locations":["vic","sa","qld","nsw"]},{"id":"sukin-foaming-facial-cleanser-pump","store":"coles","brand":"Sukin","name":"Foaming Facial Cleanser Pump","price":6.5,"orgPrice":13,"imagePath":"https://shop.coles.com.au/wcsstore/Coles-CAS/images/2/9/9/2994287.jpg","categoryIds":["health-beauty"],"packageSize":"125mL","cupPrice":"$5.20 per 100mL","isAvailable":true,"locations":["vic","sa","qld","nsw"]},{"id":"herbal-essences-bio-renew-morocco-argan-oil-shampoo","store":"coles","brand":"Herbal Essences","name":"Bio Renew Morocco Argan Oil Shampoo","price":5.5,"orgPrice":11,"imagePath":"https://shop.coles.com.au/wcsstore/Coles-CAS/images/3/0/0/3004879.jpg","categoryIds":["health-beauty"],"packageSize":"400mL","cupPrice":"$1.38 per 100mL","isAvailable":true,"locations":["vic","sa","qld","nsw"]},{"id":"herbal-essences-argan-oil-of-marocco-bio-renew-conditioner","store":"coles","brand":"Herbal Essences","name":"Bio Renew Conditioner Morocco Argan Oil","price":5.5,"orgPrice":11,"imagePath":"https://shop.coles.com.au/wcsstore/Coles-CAS/images/3/0/0/3004937.jpg","categoryIds":["health-beauty"],"packageSize":"400mL","cupPrice":"$1.38 per 100mL","isAvailable":true,"locations":["vic","sa","qld","nsw"]},{"id":"sukin-conditioner-hydrating","store":"coles","brand":"Sukin","name":"Hydrating Conditioner","price":14,"orgPrice":28,"imagePath":"https://shop.coles.com.au/wcsstore/Coles-CAS/images/3/1/5/3154984.jpg","categoryIds":["health-beauty"],"packageSize":"1L","cupPrice":"$1.40 per 100mL","isAvailable":true,"locations":["vic","sa","qld","nsw"]},{"id":"sukin-shampoo-hydrating","store":"coles","brand":"Sukin","name":"Hydrating Shampoo","price":14,"orgPrice":28,"imagePath":"https://shop.coles.com.au/wcsstore/Coles-CAS/images/3/1/5/3154940.jpg","categoryIds":["health-beauty"],"packageSize":"1L","cupPrice":"$1.40 per 100mL","isAvailable":true,"locations":["vic","sa","qld","nsw"]},{"id":"gillette-venus-spa-breeze-razor-cartridges","store":"coles","brand":"Gillette","name":"Venus ComfortGlide Razor Blades Refill White Tea","price":10,"orgPrice":20,"imagePath":"https://shop.coles.com.au/wcsstore/Coles-CAS/images/7/1/2/7124690.jpg","categoryIds":["health-beauty"],"packageSize":"4 pack","cupPrice":"$2.50 per 1Ea","isAvailable":true,"locations":["vic","sa","qld","nsw"]},{"id":"herbal-essences-shampoo-hello-hydration","store":"coles","brand":"Herbal Essences","name":"Hello Hydration Shampoo","price":2.75,"orgPrice":5.5,"imagePath":"https://shop.coles.com.au/wcsstore/Coles-CAS/images/5/8/9/5891892.jpg","categoryIds":["health-beauty"],"packageSize":"300mL","cupPrice":"$0.92 per 100mL","isAvailable":true,"locations":["vic","sa","qld","nsw"]},{"id":"herbal-essences-hello-hydration-conditioner","store":"coles","brand":"Herbal Essences","name":"Hello Hydration Conditioner","price":2.75,"orgPrice":5.5,"imagePath":"https://shop.coles.com.au/wcsstore/Coles-CAS/images/5/8/9/5891757.jpg","categoryIds":["health-beauty"],"packageSize":"300mL","cupPrice":"$0.92 per 100mL","isAvailable":true,"locations":["vic","sa","qld","nsw"]},{"id":"oral-b-pro-health-advanced-deep-clean-toothpaste","store":"coles","brand":"Oral-B","name":"Pro Health Advanced Deep Clean Mint Fluoride Toothpaste","price":2.5,"orgPrice":5,"imagePath":"https://shop.coles.com.au/wcsstore/Coles-CAS/images/2/6/2/2621075.jpg","categoryIds":["health-beauty"],"packageSize":"110g","cupPrice":"$2.27 per 100G","isAvailable":true,"locations":["vic","sa","qld","nsw"]},{"id":"sukin-purely-ageless-restorative-night-cream","store":"coles","brand":"Sukin","name":"Purely Ageless Restorative Night Cream","price":13,"orgPrice":26,"imagePath":"https://shop.coles.com.au/wcsstore/Coles-CAS/images/3/4/7/3477000.jpg","categoryIds":["health-beauty"],"packageSize":"120mL","cupPrice":"$10.83 per 100mL","isAvailable":true,"locations":["vic","sa","qld","nsw"]},{"id":"gillette-blue-ii-plus-sensitive-pivot-head-disposable-razors-8766128p","store":"coles","brand":"Gillette","name":"Blue II UltraGrip Pivot Disposable Shaving Razor","price":6.75,"orgPrice":13.5,"imagePath":"https://shop.coles.com.au/wcsstore/Coles-CAS/images/8/7/6/8766128.jpg","categoryIds":["health-beauty"],"packageSize":"16 pack","cupPrice":"$0.42 per 1Ea","isAvailable":true,"locations":["vic","sa","qld","nsw"]},{"id":"oral-b-clinicial-7-benefits-rinse","store":"coles","brand":"Oral-B","name":"Clinical Alcohol Free Flouride Rinse Clean Mint Mouthwash","price":4.5,"orgPrice":9,"imagePath":"https://shop.coles.com.au/wcsstore/Coles-CAS/images/2/2/2/2222331.jpg","categoryIds":["health-beauty"],"packageSize":"500mL","cupPrice":"$0.90 per 100mL","isAvailable":true,"locations":["vic","sa","qld","nsw"]},{"id":"sukin-hydrating-shampoo","store":"coles","brand":"Sukin","name":"Hydrating Shampoo","price":9,"orgPrice":18,"imagePath":"https://shop.coles.com.au/wcsstore/Coles-CAS/images/2/9/9/2994119.jpg","categoryIds":["health-beauty"],"packageSize":"500mL","cupPrice":"$1.80 per 100mL","isAvailable":true,"locations":["vic","sa","qld","nsw"]},{"id":"sukin-hydrating-conditioner","store":"coles","brand":"Sukin","name":"Hydrating Conditioner","price":9,"orgPrice":18,"imagePath":"https://shop.coles.com.au/wcsstore/Coles-CAS/images/2/9/9/2994152.jpg","categoryIds":["health-beauty"],"packageSize":"500mL","cupPrice":"$1.80 per 100mL","isAvailable":true,"locations":["vic","sa","qld","nsw"]},{"id":"oral-b-3d-white-luxe-perfection","store":"coles","brand":"Oral-B","name":"3D White Luxe Perfection Toothpaste","price":4.5,"orgPrice":9,"imagePath":"https://shop.coles.com.au/wcsstore/Coles-CAS/images/3/1/3/3130567.jpg","categoryIds":["health-beauty"],"packageSize":"95g","cupPrice":"$4.74 per 100G","isAvailable":true,"locations":["vic","sa","qld","nsw"]},{"id":"brut-anti-perspirant-deodorant-aerosol-ultra-dry","store":"coles","brand":"Brut","name":"Antiperspirant Ultra Dry Deodorant For Men","price":3.15,"orgPrice":6.3,"imagePath":"https://shop.coles.com.au/wcsstore/Coles-CAS/images/5/2/3/5232058.jpg","categoryIds":["health-beauty"],"packageSize":"245mL","cupPrice":"$1.29 per 100mL","isAvailable":true,"locations":["vic","sa","qld","nsw"]},{"id":"dove-hair-therapy-intensive-repair-shampoo","store":"coles","brand":"Dove","name":"Hair Therapy Intensive Repair Shampoo","price":5.95,"orgPrice":11.9,"imagePath":"https://shop.coles.com.au/wcsstore/Coles-CAS/images/2/1/0/2103525.jpg","categoryIds":["health-beauty"],"packageSize":"640mL","cupPrice":"$0.93 per 100mL","isAvailable":true,"locations":["vic","sa","qld","nsw"]},{"id":"dove-hair-therapy-intensive-repair-conditioner","store":"coles","brand":"Dove","name":"Hair Therapy Intensive Repair Conditioner","price":5.95,"orgPrice":11.9,"imagePath":"https://shop.coles.com.au/wcsstore/Coles-CAS/images/2/1/0/2103434.jpg","categoryIds":["health-beauty"],"packageSize":"640mL","cupPrice":"$0.93 per 100mL","isAvailable":true,"locations":["vic","sa","qld","nsw"]},{"id":"oral-b--pro-health-advance-whitening","store":"coles","brand":"Oral-B","name":"Pro Health Advanced Whitening Toothpaste","price":2.5,"orgPrice":5,"imagePath":"https://shop.coles.com.au/wcsstore/Coles-CAS/images/2/6/2/2621097.jpg","categoryIds":["health-beauty"],"packageSize":"110g","cupPrice":"$2.27 per 100G","isAvailable":true,"locations":["vic","sa","qld","nsw"]},{"id":"brut-original-deodorant-aerosol-body-spray-for-men","store":"coles","brand":"Brut","name":"Long Lasting Original Deodorant Body Spray","price":3.15,"orgPrice":6.3,"imagePath":"https://shop.coles.com.au/wcsstore/Coles-CAS/images/5/2/3/5232047.jpg","categoryIds":["health-beauty"],"packageSize":"150g","cupPrice":"$1.29 per 100mL","isAvailable":true,"locations":["vic","sa","qld","nsw"]},{"id":"gillette-venus-spa-breeze-disposable-razor","store":"coles","brand":"Gillette","name":"Venus Spa Breeze 2 in 1 Disposable Shaving Razor & Gel Bars","price":4.5,"orgPrice":9,"imagePath":"https://shop.coles.com.au/wcsstore/Coles-CAS/images/7/1/2/7124646.jpg","categoryIds":["health-beauty"],"packageSize":"2 pack","cupPrice":"$2.25 per 1Ea","isAvailable":true,"locations":["vic","sa","qld","nsw"]},{"id":"sukin-facial-moisturiser-pump","store":"coles","brand":"Sukin","name":"Facial Moisturiser Pump","price":6.5,"orgPrice":13,"imagePath":"https://shop.coles.com.au/wcsstore/Coles-CAS/images/2/9/9/2994458.jpg","categoryIds":["health-beauty"],"packageSize":"125mL","cupPrice":"$5.20 per 100mL","isAvailable":true,"locations":["vic","sa","nsw"]},{"id":"oral-b-3d-white-luxe-glamorous-white","store":"coles","brand":"Oral-B","name":"3D White Luxe Glamorous White Toothpaste","price":4.5,"orgPrice":9,"imagePath":"https://shop.coles.com.au/wcsstore/Coles-CAS/images/3/1/3/3130487.jpg","categoryIds":["health-beauty"],"packageSize":"95g","cupPrice":"$4.74 per 100G","isAvailable":true,"locations":["vic","sa","nsw"]},{"id":"sukin-shampoo-natural-balance","store":"coles","brand":"Sukin","name":"Natural Balance Shampoo","price":14,"orgPrice":28,"imagePath":"https://shop.coles.com.au/wcsstore/Coles-CAS/images/3/1/5/3154930.jpg","categoryIds":["health-beauty"],"packageSize":"1L","cupPrice":"$1.40 per 100mL","isAvailable":true,"locations":["vic","sa","nsw"]},{"id":"gillette-sensor-3-razors-comfortgel-disposable","store":"coles","brand":"Gillette","name":"Sensor 3 Comfort Disposable Razors","price":5.75,"orgPrice":11.5,"imagePath":"https://shop.coles.com.au/wcsstore/Coles-CAS/images/3/5/8/3584134.jpg","categoryIds":["health-beauty"],"packageSize":"8 pack","cupPrice":"$0.72 per 1Ea","isAvailable":true,"locations":["vic","sa","nsw"]},{"id":"herbal-essences-colour-me-happy-shampoo","store":"coles","brand":"Herbal Essences","name":"Colour Me Happy Shampoo","price":2.75,"orgPrice":5.5,"imagePath":"https://shop.coles.com.au/wcsstore/Coles-CAS/images/5/8/9/5891860.jpg","categoryIds":["health-beauty"],"packageSize":"300mL","cupPrice":"$0.92 per 100mL","isAvailable":true,"locations":["vic","sa","nsw"]},{"id":"pantene-always-smooth-shampoo","store":"coles","brand":"Pantene","name":"Pro-V Always Smooth & Sleek Shampoo","price":8.5,"orgPrice":17,"imagePath":"https://shop.coles.com.au/wcsstore/Coles-CAS/images/2/2/9/2290444.jpg","categoryIds":["health-beauty"],"packageSize":"900mL","cupPrice":"$0.94 per 100mL","isAvailable":true,"locations":["vic","sa","nsw"]},{"id":"oral-b-pro100-cross-action-powerbrush","store":"coles","brand":"Oral-B","name":"Pro 100 CrossAction Electric Toothbrush","price":35,"orgPrice":70,"imagePath":"https://shop.coles.com.au/wcsstore/Coles-CAS/images/3/4/0/3401813.jpg","categoryIds":["health-beauty"],"packageSize":"1 pack","cupPrice":"$35.00 per 1Ea","isAvailable":true,"locations":["vic","sa","nsw"]},{"id":"pantene-treatment-intensive-masque-moisture-renewal","store":"coles","brand":"Pantene","name":"Pro-V Intensive Hair Masque Daily Moisture Renewal Treatment","price":5,"orgPrice":10,"imagePath":"https://shop.coles.com.au/wcsstore/Coles-CAS/images/7/5/4/7549769.jpg","categoryIds":["health-beauty"],"packageSize":"300mL","cupPrice":"$1.67 per 100mL","isAvailable":true,"locations":["vic","sa","nsw"]},{"id":"herbal-essences-colour-me-happy-conditioner","store":"coles","brand":"Herbal Essences","name":"Colour Me Happy Conditioner","price":2.75,"orgPrice":5.5,"imagePath":"https://shop.coles.com.au/wcsstore/Coles-CAS/images/5/8/9/5891495.jpg","categoryIds":["health-beauty"],"packageSize":"300mL","cupPrice":"$0.92 per 100mL","isAvailable":true,"locations":["vic","sa","nsw"]},{"id":"pantene-ultimate-10-shampoo-2290400p","store":"coles","brand":"Pantene","name":"Pro-V Ultimate 10 Repair & Protect Shampoo","price":8.5,"orgPrice":17,"imagePath":"https://shop.coles.com.au/wcsstore/Coles-CAS/images/2/2/9/2290400.jpg","categoryIds":["health-beauty"],"packageSize":"900mL","cupPrice":"$0.94 per 100mL","isAvailable":true,"locations":["vic","sa","nsw"]},{"id":"dove-daily-care-shampoo-2939019p","store":"coles","brand":"Dove","name":"Daily Care Shampoo","price":5.95,"orgPrice":11.9,"imagePath":"https://shop.coles.com.au/wcsstore/Coles-CAS/images/2/9/3/2939019.jpg","categoryIds":["health-beauty"],"packageSize":"640mL","cupPrice":"$0.93 per 100mL","isAvailable":true,"locations":["vic","sa","nsw"]},{"id":"sukin-botanical-body-wash-2994618p","store":"coles","brand":"Sukin","name":"Signature Botanical Body Wash","price":4.97,"orgPrice":9.95,"imagePath":"https://shop.coles.com.au/wcsstore/Coles-CAS/images/2/9/9/2994618.jpg","categoryIds":["health-beauty"],"packageSize":"500mL","cupPrice":"$0.99 per 100mL","isAvailable":true,"locations":["vic","sa","nsw"]},{"id":"sukin-purely-ageless-rejuvenating-day-cream","store":"coles","brand":"Sukin","name":"Purely Ageless Rejuvenating Day Cream","price":13,"orgPrice":26,"imagePath":"https://shop.coles.com.au/wcsstore/Coles-CAS/images/3/4/7/3476947.jpg","categoryIds":["health-beauty"],"packageSize":"120mL","cupPrice":"$10.83 per 100mL","isAvailable":true,"locations":["vic","sa","nsw"]},{"id":"gillette-satin-care-shave-gel-sensitive-skin-aloe-viatmin-e","store":"coles","brand":"Gillette","name":"Venus Satin Care Sensitive Skin Shaving Gel","price":3.6,"orgPrice":7.2,"imagePath":"https://shop.coles.com.au/wcsstore/Coles-CAS/images/6/1/2/6124618.jpg","categoryIds":["health-beauty"],"packageSize":"195g","cupPrice":"$1.85 per 100G","isAvailable":true,"locations":["vic","sa","nsw"]},{"id":"herbal-essences-moroccan-my-shine-conditioner-2290604p","store":"coles","brand":"Herbal Essences","name":"Moroccan My Shine Conditioner","price":2.75,"orgPrice":5.5,"imagePath":"https://shop.coles.com.au/wcsstore/Coles-CAS/images/2/2/9/2290604.jpg","categoryIds":["health-beauty"],"packageSize":"300mL","cupPrice":"$0.92 per 100mL","isAvailable":true,"locations":["vic","sa","nsw"]},{"id":"pantene-always-smooth-conditioner","store":"coles","brand":"Pantene","name":"Pro-V Always Smooth & Sleek Conditioner","price":8.5,"orgPrice":17,"imagePath":"https://shop.coles.com.au/wcsstore/Coles-CAS/images/2/2/9/2290455.jpg","categoryIds":["health-beauty"],"packageSize":"900mL","cupPrice":"$0.94 per 100mL","isAvailable":true,"locations":["vic","sa","nsw"]},{"id":"oral-b-all-rounder-fresh-clean-medium-toothbrushes","store":"coles","brand":"Oral-B","name":"All Rounder Fresh Clean Toothbrush Medium 4 Pack + Clinical Gum Protection","price":5.25,"orgPrice":10.5,"imagePath":"https://shop.coles.com.au/wcsstore/Coles-CAS/images/2/6/2/2621213.jpg","categoryIds":["health-beauty"],"packageSize":"100g","cupPrice":"$5.25 per 1Ea","isAvailable":true,"locations":["vic","sa","nsw"]},{"id":"herbal-essences-bio-renew-conditioner-coconut-milk","store":"coles","brand":"Herbal Essences","name":"Bio Renew Coconut Milk Conditioner","price":5.5,"orgPrice":11,"imagePath":"https://shop.coles.com.au/wcsstore/Coles-CAS/images/3/0/0/3004915.jpg","categoryIds":["health-beauty"],"packageSize":"400mL","cupPrice":"$1.38 per 100mL","isAvailable":true,"locations":["vic","sa","nsw"]},{"id":"gillette-blue-3-razor-disposable","store":"coles","brand":"Gillette","name":"Blue 3 Disposable Shaving Razor","price":4.25,"orgPrice":8.5,"imagePath":"https://shop.coles.com.au/wcsstore/Coles-CAS/images/7/4/3/7434949.jpg","categoryIds":["health-beauty"],"packageSize":"8 pack","cupPrice":"$0.53 per 1Ea","isAvailable":true,"locations":["vic","sa","nsw"]},{"id":"gillette-series-shave-gel-sensitive-skin-with-soothing-aloe","store":"coles","brand":"Gillette","name":"Series Shaving Gel Sensitive Skin","price":3.15,"orgPrice":6.3,"imagePath":"https://shop.coles.com.au/wcsstore/Coles-CAS/images/5/5/8/5588216.jpg","categoryIds":["health-beauty"],"packageSize":"195g","cupPrice":"$1.62 per 100G","isAvailable":true,"locations":["vic","sa","nsw"]},{"id":"norsca-anti-perspirant-deodorant-roll-on-forest-fresh","store":"coles","brand":"Norsca","name":"Forest Fresh Antiperspirant Roll On Deodorant","price":2,"orgPrice":4,"imagePath":"https://shop.coles.com.au/wcsstore/Coles-CAS/images/5/1/7/5171044.jpg","categoryIds":["health-beauty"],"packageSize":"50mL","cupPrice":"$4.00 per 100mL","isAvailable":true,"locations":["vic","sa","nsw"]},{"id":"gillette-venus-razor-cartridges","store":"coles","brand":"Gillette","name":"Venus Shaving Blade Refill","price":7.75,"orgPrice":15.5,"imagePath":"https://shop.coles.com.au/wcsstore/Coles-CAS/images/9/0/4/9049530.jpg","categoryIds":["health-beauty"],"packageSize":"4 pack","cupPrice":"$1.94 per 1Ea","isAvailable":true,"locations":["vic","sa","nsw"]},{"id":"herbal-essences-moroccan-my-shine-shampoo-2290386p","store":"coles","brand":"Herbal Essences","name":"Moroccan My Shine Shampoo","price":2.75,"orgPrice":5.5,"imagePath":"https://shop.coles.com.au/wcsstore/Coles-CAS/images/2/2/9/2290386.jpg","categoryIds":["health-beauty"],"packageSize":"300mL","cupPrice":"$0.92 per 100mL","isAvailable":true,"locations":["vic","sa","nsw"]},{"id":"dove-daily-care-conditioner","store":"coles","brand":"Dove","name":"Daily Care Conditioner","price":5.95,"orgPrice":11.9,"imagePath":"https://shop.coles.com.au/wcsstore/Coles-CAS/images/2/9/3/2939052.jpg","categoryIds":["health-beauty"],"packageSize":"640mL","cupPrice":"$0.93 per 100mL","isAvailable":true,"locations":["vic","sa","nsw"]},{"id":"sukin-antioxidant-eye-serum","store":"coles","brand":"Sukin","name":"Antioxidant Eye Serum","price":10,"orgPrice":20,"imagePath":"https://shop.coles.com.au/wcsstore/Coles-CAS/images/2/9/9/2994549.jpg","categoryIds":["health-beauty"],"packageSize":"30mL","cupPrice":"$33.33 per 100mL","isAvailable":true,"locations":["vic","sa","nsw"]},{"id":"herbal-essences-hydrate-coconut-milk-shampoo","store":"coles","brand":"Herbal Essences","name":"Bio Renew Hydrate Coconut Milk Shampoo","price":5.5,"orgPrice":11,"imagePath":"https://shop.coles.com.au/wcsstore/Coles-CAS/images/3/0/0/3004857.jpg","categoryIds":["health-beauty"],"packageSize":"400mL","cupPrice":"$1.38 per 100mL","isAvailable":true,"locations":["vic","sa","nsw"]},{"id":"sukin-conditioner-natural-balance","store":"coles","brand":"Sukin","name":"Natural Balance Conditioner","price":14,"orgPrice":28,"imagePath":"https://shop.coles.com.au/wcsstore/Coles-CAS/images/3/1/5/3154973.jpg","categoryIds":["health-beauty"],"packageSize":"1L","cupPrice":"$1.40 per 100mL","isAvailable":true,"locations":["vic","sa","nsw"]},{"id":"gillette-venus-spa-breeze-razor","store":"coles","brand":"Gillette","name":"Venus Comfortglide White Tea Razor","price":7.7,"orgPrice":15.4,"imagePath":"https://shop.coles.com.au/wcsstore/Coles-CAS/images/7/1/2/7124679.jpg","categoryIds":["health-beauty"],"packageSize":"1 pack","cupPrice":"$7.70 per 1Ea","isAvailable":true,"locations":["vic","sa","nsw"]},{"id":"sukin-natural-balance-shampoo","store":"coles","brand":"Sukin","name":"Natural Balance Shampoo","price":9,"orgPrice":18,"imagePath":"https://shop.coles.com.au/wcsstore/Coles-CAS/images/2/9/9/2994108.jpg","categoryIds":["health-beauty"],"packageSize":"500mL","cupPrice":"$1.80 per 100mL","isAvailable":true,"locations":["vic","sa","nsw"]},{"id":"norsca-anti-perspirant-deodorant-aerosol-forest-fresh","store":"coles","brand":"Norsca","name":"Ultra Protection Antiperspirant Forest Fresh Deodorant","price":3,"orgPrice":6,"imagePath":"https://shop.coles.com.au/wcsstore/Coles-CAS/images/5/1/7/5171066.jpg","categoryIds":["health-beauty"],"packageSize":"245mL","cupPrice":"$1.22 per 100mL","isAvailable":true,"locations":["vic","sa","nsw"]},{"id":"gillette-razor-disposable-daisy-classic-for-women","store":"coles","brand":"Gillette","name":"Daisy Classic Shaving Razors","price":2.25,"orgPrice":4.5,"imagePath":"https://shop.coles.com.au/wcsstore/Coles-CAS/images/8/7/3/8735930.jpg","categoryIds":["health-beauty"],"packageSize":"5 pack","cupPrice":"$0.45 per 1Ea","isAvailable":true,"locations":["vic","sa","nsw"]},{"id":"pantene-colour-therapy-conditioner","store":"coles","brand":"Pantene","name":"Pro-V Colour Therapy Conditioner","price":8.5,"orgPrice":17,"imagePath":"https://shop.coles.com.au/wcsstore/Coles-CAS/images/2/2/9/2290397.jpg","categoryIds":["health-beauty"],"packageSize":"900mL","cupPrice":"$0.94 per 100mL","isAvailable":true,"locations":["vic","sa","nsw"]},{"id":"sukin-botanical-body-wash-pineapple-coconut","store":"coles","brand":"Sukin","name":"Botanical Body Wash Pineapple & Coconut","price":4.97,"orgPrice":9.95,"imagePath":"https://shop.coles.com.au/wcsstore/Coles-CAS/images/3/7/1/3714331.jpg","categoryIds":["health-beauty"],"packageSize":"500mL","cupPrice":"$0.99 per 100mL","isAvailable":true,"locations":["vic","sa","nsw"]},{"id":"norsca-clear-anti-perspirant-deodorant-white-passion-flower-aerosol","store":"coles","brand":"Norsca","name":"Clear Passion Flower Antiperspirant Deodorant","price":3,"orgPrice":6,"imagePath":"https://shop.coles.com.au/wcsstore/Coles-CAS/images/6/6/6/6661140.jpg","categoryIds":["health-beauty"],"packageSize":"150g","cupPrice":"$1.22 per 100mL","isAvailable":true,"locations":["vic","sa","nsw"]},{"id":"brut-anti-perspirant-deodorant-aerosol-endurance","store":"coles","brand":"Brut","name":"Antiperspirant Endurance Ultra Dry Deodorant For Men","price":3.15,"orgPrice":6.3,"imagePath":"https://shop.coles.com.au/wcsstore/Coles-CAS/images/5/1/6/5169950.jpg","categoryIds":["health-beauty"],"packageSize":"245mL","cupPrice":"$1.29 per 100mL","isAvailable":true,"locations":["vic","sa","nsw"]},{"id":"brut-original-deodorant-roll-on","store":"coles","brand":"Brut","name":"Original Roll On Deodorant","price":2,"orgPrice":4,"imagePath":"https://shop.coles.com.au/wcsstore/Coles-CAS/images/2/2/7/2277253.jpg","categoryIds":["health-beauty"],"packageSize":"","cupPrice":"$4.00 per 100mL","isAvailable":true,"locations":["vic","sa","nsw"]},{"id":"pantene-colour-therapy-shampoo","store":"coles","brand":"Pantene","name":"Pro-V Colour Therapy Shampoo","price":8.5,"orgPrice":17,"imagePath":"https://shop.coles.com.au/wcsstore/Coles-CAS/images/2/2/9/2290580.jpg","categoryIds":["health-beauty"],"packageSize":"900mL","cupPrice":"$0.94 per 100mL","isAvailable":true,"locations":["vic","sa","nsw"]},{"id":"beckham-intimately-deodorant-body-spray","store":"coles","brand":"Beckham","name":"Intimately Deodorant Body Spray","price":4,"orgPrice":8,"imagePath":"https://shop.coles.com.au/wcsstore/Coles-CAS/images/2/6/4/2649278.jpg","categoryIds":["health-beauty"],"packageSize":"150mL","cupPrice":"$2.67 per 100mL","isAvailable":true,"locations":["vic","sa","nsw"]},{"id":"sukin-hydrating-mist-toner","store":"coles","brand":"Sukin","name":"Hydrating Mist Toner","price":6.5,"orgPrice":13,"imagePath":"https://shop.coles.com.au/wcsstore/Coles-CAS/images/2/9/9/2994243.jpg","categoryIds":["health-beauty"],"packageSize":"125mL","cupPrice":"$5.20 per 100mL","isAvailable":true,"locations":["vic","sa","nsw"]},{"id":"oral-b-complete-clean-5-way-toothbrush","store":"coles","brand":"Oral-B","name":"Complete Clean 5 Way Toothbrush","price":5,"orgPrice":10,"imagePath":"https://shop.coles.com.au/wcsstore/Coles-CAS/images/3/1/3/3130658.jpg","categoryIds":["health-beauty"],"packageSize":"3 pack","cupPrice":"$1.67 per 1Ea","isAvailable":true,"locations":["vic","sa","nsw"]},{"id":"pantene-ultimate-10-conditioner-2290411p","store":"coles","brand":"Pantene","name":"Pro-V Ultimate 10 Conditioner","price":8.5,"orgPrice":17,"imagePath":"https://shop.coles.com.au/wcsstore/Coles-CAS/images/2/2/9/2290411.jpg","categoryIds":["health-beauty"],"packageSize":"900mL","cupPrice":"$0.94 per 100mL","isAvailable":true,"locations":["vic","sa","nsw"]},{"id":"oral-b-starwars-power-vitality-kids-toothbrush","store":"coles","brand":"Oral-B","name":"Stages Power Electric Toothbrush Star Wars","price":22.5,"orgPrice":45,"imagePath":"https://shop.coles.com.au/wcsstore/Coles-CAS/images/2/8/6/2868974.jpg","categoryIds":["health-beauty"],"packageSize":"1 pack","cupPrice":"$22.50 per 1Ea","isAvailable":true,"locations":["vic","sa","nsw"]},{"id":"sukin-natural-balance-conditioner","store":"coles","brand":"Sukin","name":"Natural Balance Conditioner","price":9,"orgPrice":18,"imagePath":"https://shop.coles.com.au/wcsstore/Coles-CAS/images/2/9/9/2994130.jpg","categoryIds":["health-beauty"],"packageSize":"500mL","cupPrice":"$1.80 per 100mL","isAvailable":true,"locations":["vic","sa","nsw"]},{"id":"oral-b-pro-health-clean-mint-toothpaste","store":"coles","brand":"Oral-B","name":"Pro-Health Clean Mint Toothpaste","price":3.5,"orgPrice":7,"imagePath":"https://shop.coles.com.au/wcsstore/Coles-CAS/images/3/1/3/3131129.jpg","categoryIds":["health-beauty"],"packageSize":"190g","cupPrice":"$1.84 per 100G","isAvailable":true,"locations":["vic","sa","nsw"]},{"id":"oral-b-pro-health-fresh-mint-toothpaste","store":"coles","brand":"Oral-B","name":"Pro-Health Fresh Mint Toothpaste","price":3.5,"orgPrice":7,"imagePath":"https://shop.coles.com.au/wcsstore/Coles-CAS/images/3/1/3/3131082.jpg","categoryIds":["health-beauty"],"packageSize":"190g","cupPrice":"$1.84 per 100G","isAvailable":true,"locations":["vic","sa","nsw"]},{"id":"oral-b-pro100-gum-care-power-brush","store":"coles","brand":"Oral-B","name":"Pro 100 Gum Care Electric Toothbrush","price":35,"orgPrice":70,"imagePath":"https://shop.coles.com.au/wcsstore/Coles-CAS/images/3/4/1/3411078.jpg","categoryIds":["health-beauty"],"packageSize":"1 pack","cupPrice":"$35.00 per 1Ea","isAvailable":true,"locations":["vic","sa","nsw"]},{"id":"herbal-essences-bio-renew-coconut-milk-conditioner","store":"coles","brand":"Herbal Essences","name":"Bio Renew Hydrate Coconut Milk Conditioner","price":8.5,"orgPrice":17,"imagePath":"https://shop.coles.com.au/wcsstore/Coles-CAS/images/3/4/1/3417835.jpg","categoryIds":["health-beauty"],"packageSize":"600mL","cupPrice":"$1.42 per 100mL","isAvailable":true,"locations":["vic","sa","nsw"]},{"id":"herbal-essences-bio-renew-argan-oil-shampoo","store":"coles","brand":"Herbal Essences","name":"Bio Renew Argan Oil Of Morocco Repair Shampoo","price":8.5,"orgPrice":17,"imagePath":"https://shop.coles.com.au/wcsstore/Coles-CAS/images/3/4/1/3417788.jpg","categoryIds":["health-beauty"],"packageSize":"600mL","cupPrice":"$1.42 per 100mL","isAvailable":true,"locations":["vic","sa","nsw"]},{"id":"gillette-blue-ii-plus-sensitive-pivot-head-disposable-razors-8737040p","store":"coles","brand":"Gillette","name":"Blue II UltraGrip Pivot Disposable Shaving Razor","price":2.75,"orgPrice":5.5,"imagePath":"https://shop.coles.com.au/wcsstore/Coles-CAS/images/8/7/3/8737040.jpg","categoryIds":["health-beauty"],"packageSize":"5 pack","cupPrice":"$0.55 per 1Ea","isAvailable":true,"locations":["vic","sa","nsw"]},{"id":"oral-b-all-rounder-toothbrush-adult-fresh-clean-40-soft-6988399p","store":"coles","brand":"Oral-B","name":"All Rounder Fresh Clean Soft Manual Toothbrush","price":1.5,"orgPrice":3,"imagePath":"https://shop.coles.com.au/wcsstore/Coles-CAS/images/6/9/8/6988399.jpg","categoryIds":["health-beauty"],"packageSize":"1 pack","cupPrice":"$1.50 per 1Ea","isAvailable":true,"locations":["vic","sa","nsw"]},{"id":"gillette-venus-embrace-cartridges","store":"coles","brand":"Gillette","name":"Venus Embrace Shaving Blade Refill","price":9.75,"orgPrice":19.5,"imagePath":"https://shop.coles.com.au/wcsstore/Coles-CAS/images/6/5/1/6515218.jpg","categoryIds":["health-beauty"],"packageSize":"4 pack","cupPrice":"$2.44 per 1Ea","isAvailable":true,"locations":["vic","sa","nsw"]},{"id":"norsca-anti-perspirant-deodorant-pump-forest-fresh","store":"coles","brand":"Norsca","name":"Forest Fresh Deodorant Pump","price":3,"orgPrice":6,"imagePath":"https://shop.coles.com.au/wcsstore/Coles-CAS/images/5/1/7/5171022.jpg","categoryIds":["health-beauty"],"packageSize":"150mL","cupPrice":"$2.00 per 100mL","isAvailable":true,"locations":["vic","sa","nsw"]},{"id":"oral-b-compact-gum-care-brush","store":"coles","brand":"Oral-B","name":"Compact Gum Care Ultrathin Toothbrush Extra Soft","price":2,"orgPrice":4,"imagePath":"https://shop.coles.com.au/wcsstore/Coles-CAS/images/2/8/6/2868759.jpg","categoryIds":["health-beauty"],"packageSize":"1 pack","cupPrice":"$2.00 per 1Ea","isAvailable":true,"locations":["vic","sa","nsw"]},{"id":"sukin-for-men-facial-cleanser","store":"coles","brand":"Sukin","name":"Facial Cleanser For Men","price":8,"orgPrice":16,"imagePath":"https://shop.coles.com.au/wcsstore/Coles-CAS/images/3/1/2/3128510.jpg","categoryIds":["health-beauty"],"packageSize":"225mL","cupPrice":"$3.56 per 100mL","isAvailable":true,"locations":["vic","sa","nsw"]},{"id":"sukin-botanical-body-wash-bergamot-patchouli","store":"coles","brand":"Sukin","name":"Botanical Body Wash Bergamot & Patchouli","price":4.97,"orgPrice":9.95,"imagePath":"https://shop.coles.com.au/wcsstore/Coles-CAS/images/3/7/1/3714353.jpg","categoryIds":["health-beauty"],"packageSize":"500mL","cupPrice":"$0.99 per 100mL","isAvailable":true,"locations":["vic","sa","nsw"]},{"id":"sukin-hydration-hyd-night-cream-60ml","store":"coles","brand":"Sukin","name":"Hydration Hydrafusion Night Cream 60ml","price":11.5,"orgPrice":23,"imagePath":"https://shop.coles.com.au/wcsstore/Coles-CAS/images/3/7/2/3728766.jpg","categoryIds":["health-beauty"],"packageSize":"","cupPrice":"$19.17 per 100mL","isAvailable":true,"locations":["vic","sa","nsw"]},{"id":"gillette-blue-ii-plus-sensitive-pivot-head-disposable-razors","store":"coles","brand":"Gillette","name":"Blue II UltraGrip Pivot Disposable Shaving Razor","price":4.45,"orgPrice":8.9,"imagePath":"https://shop.coles.com.au/wcsstore/Coles-CAS/images/8/7/3/8735951.jpg","categoryIds":["health-beauty"],"packageSize":"10 pack","cupPrice":"$0.45 per 1Ea","isAvailable":true,"locations":["vic","sa","nsw"]},{"id":"norsca-deodorant-aerosol-instant-adrenalin","store":"coles","brand":"Norsca","name":"Antiperspirant Adrenalin Deodorant For Men","price":3,"orgPrice":6,"imagePath":"https://shop.coles.com.au/wcsstore/Coles-CAS/images/8/0/0/8006860.jpg","categoryIds":["health-beauty"],"packageSize":"245mL","cupPrice":"$1.22 per 100mL","isAvailable":true,"locations":["vic","sa","nsw"]},{"id":"oral-b-all-rounder-toothbrush-adult-fresh-clean-40-medium-6988388p","store":"coles","brand":"Oral-B","name":"ALL Rounder Fresh Clean Toothbrush Medium","price":1.5,"orgPrice":3,"imagePath":"https://shop.coles.com.au/wcsstore/Coles-CAS/images/6/9/8/6988388.jpg","categoryIds":["health-beauty"],"packageSize":"1 pack","cupPrice":"$1.50 per 1Ea","isAvailable":true,"locations":["vic","sa","nsw"]},{"id":"gillette-razor-venus-embrace","store":"coles","brand":"Gillette","name":"Venus Embrace Shaving Razor & 2 Blade Refill","price":7.5,"orgPrice":15,"imagePath":"https://shop.coles.com.au/wcsstore/Coles-CAS/images/6/5/1/6515127.jpg","categoryIds":["health-beauty"],"packageSize":"1 pack","cupPrice":"$7.50 per 1Ea","isAvailable":true,"locations":["vic","sa","nsw"]},{"id":"dove-shampoo-mens-2-in-1-fresh-clean","store":"coles","brand":"Dove","name":"Men Fresh Clean 2 in 1 Hair Shampoo","price":3.25,"orgPrice":6.5,"imagePath":"https://shop.coles.com.au/wcsstore/Coles-CAS/images/1/2/5/1257126.jpg","categoryIds":["health-beauty"],"packageSize":"300mL","cupPrice":"$1.08 per 100mL","isAvailable":true,"locations":["vic","sa","nsw"]},{"id":"dove-shampoo-mens-anti-dandruff","store":"coles","brand":"Dove","name":"Men+Care Shampoo Anti Dandruff","price":3.25,"orgPrice":6.5,"imagePath":"https://shop.coles.com.au/wcsstore/Coles-CAS/images/1/2/5/1257068.jpg","categoryIds":["health-beauty"],"packageSize":"300mL","cupPrice":"$1.08 per 100mL","isAvailable":true,"locations":["vic","sa","nsw"]},{"id":"herbal-essences-bio-renew-coconut-milk-shampoo","store":"coles","brand":"Herbal Essences","name":"Bio Renew Coconut Milk Shampoo","price":8.5,"orgPrice":17,"imagePath":"https://shop.coles.com.au/wcsstore/Coles-CAS/images/3/4/1/3417799.jpg","categoryIds":["health-beauty"],"packageSize":"600mL","cupPrice":"$1.42 per 100mL","isAvailable":true,"locations":["vic","sa","nsw"]},{"id":"herbal-essences-bio-renew-argan-oil-conditioner","store":"coles","brand":"Herbal Essences","name":"Bio Renew Argan Oil Of Morocco Repair Conditioner","price":8.5,"orgPrice":17,"imagePath":"https://shop.coles.com.au/wcsstore/Coles-CAS/images/3/4/1/3417824.jpg","categoryIds":["health-beauty"],"packageSize":"600mL","cupPrice":"$1.42 per 100mL","isAvailable":true,"locations":["vic","sa","nsw"]},{"id":"pantene-conditioner-micellar-water-aloe-3415920p","store":"coles","brand":"Pantene","name":"Micellar Aloe Vera Gentle Hydrating Conditioner","price":9,"orgPrice":18,"imagePath":"https://shop.coles.com.au/wcsstore/Coles-CAS/images/3/4/1/3415920.jpg","categoryIds":["health-beauty"],"packageSize":"530mL","cupPrice":"$1.70 per 100mL","isAvailable":true,"locations":["vic","sa","nsw"]},{"id":"gillette-simply-venus-disposable-razors","store":"coles","brand":"Gillette","name":"Simply Venus Disposable Shaving Razor","price":3.5,"orgPrice":7,"imagePath":"https://shop.coles.com.au/wcsstore/Coles-CAS/images/7/6/6/7660664.jpg","categoryIds":["health-beauty"],"packageSize":"4 pack","cupPrice":"$0.88 per 1Ea","isAvailable":true,"locations":["vic","sa","nsw"]},{"id":"gillette-venus-razor","store":"coles","brand":"Gillette","name":"Venus Shaving Razor","price":3.92,"orgPrice":7.85,"imagePath":"https://shop.coles.com.au/wcsstore/Coles-CAS/images/6/0/2/6021240.jpg","categoryIds":["health-beauty"],"packageSize":"1 pack","cupPrice":"$3.92 per 1Ea","isAvailable":true,"locations":["vic","sa","nsw"]},{"id":"redwin-sports-aluminium-free-deodorant-pump","store":"coles","brand":"Redwin","name":"Sports Aluminium Free Deodorant Pump","price":2.5,"orgPrice":5,"imagePath":"https://shop.coles.com.au/wcsstore/Coles-CAS/images/5/1/7/5179862.jpg","categoryIds":["health-beauty"],"packageSize":"150mL","cupPrice":"$1.67 per 100mL","isAvailable":true,"locations":["vic","sa","nsw"]},{"id":"brut-deodorant-stick-for-men","store":"coles","brand":"Brut","name":"Deodorant Stick For Men","price":2.75,"orgPrice":2.75,"imagePath":"https://shop.coles.com.au/wcsstore/Coles-CAS/images/5/2/8/5288937.jpg","categoryIds":["health-beauty"],"packageSize":"75g","cupPrice":"$3.67 per 100G","isAvailable":true,"locations":["vic","sa","nsw"]},{"id":"gillette-venus-razor-cartridges-3140695p","store":"coles","brand":"Gillette","name":"Venus Razor Cartridges","price":13.25,"orgPrice":26.5,"imagePath":"https://shop.coles.com.au/wcsstore/Coles-CAS/images/3/1/4/3140695.jpg","categoryIds":["health-beauty"],"packageSize":"8 pack","cupPrice":"$1.66 per 1Ea","isAvailable":true,"locations":["vic","sa","nsw"]},{"id":"herbal-essences-shampoo-white-grapefruit-mint","store":"coles","brand":"Herbal Essences","name":"White Grapefruit & Mosa Mint Shampoo","price":8.5,"orgPrice":17,"imagePath":"https://shop.coles.com.au/wcsstore/Coles-CAS/images/3/6/1/3611124.jpg","categoryIds":["health-beauty"],"packageSize":"600mL","cupPrice":"$1.42 per 100mL","isAvailable":true,"locations":["vic","sa","nsw"]},{"id":"oral-b-3d-whitening-therapy-charcoal","store":"coles","brand":"Oral B","name":"3d Whitening Therapy Charcoal","price":6,"orgPrice":12,"imagePath":"https://shop.coles.com.au/wcsstore/Coles-CAS/images/3/6/9/3696160.jpg","categoryIds":["health-beauty"],"packageSize":"95g","cupPrice":"$6.32 per 100G","isAvailable":true,"locations":["vic","sa","nsw"]},{"id":"oral-b-advantage-complete-whitening-toothbrush-adult-40-medium","store":"coles","brand":"Oral-B","name":"Advantage Complete Whitening Toothbrush Medium","price":2,"orgPrice":4,"imagePath":"https://shop.coles.com.au/wcsstore/Coles-CAS/images/4/4/0/4408818.jpg","categoryIds":["health-beauty"],"packageSize":"1 pack","cupPrice":"$2.00 per 1Ea","isAvailable":true,"locations":["vic","sa","nsw"]},{"id":"dove-hair-therapy-intensive-repair-shampoo-2103467p","store":"coles","brand":"Dove","name":"Hair Therapy Intensive Repair Shampoo","price":3.45,"orgPrice":6.9,"imagePath":"https://shop.coles.com.au/wcsstore/Coles-CAS/images/2/1/0/2103467.jpg","categoryIds":["health-beauty"],"packageSize":"320mL","cupPrice":"$1.08 per 100mL","isAvailable":true,"locations":["vic","sa","nsw"]},{"id":"dove-hair-therapy-intensive-repair-conditioner-2103365p","store":"coles","brand":"Dove","name":"Nutritive Solutions Conditioner Intensive Repair","price":3.45,"orgPrice":6.9,"imagePath":"https://shop.coles.com.au/wcsstore/Coles-CAS/images/2/1/0/2103365.jpg","categoryIds":["health-beauty"],"packageSize":"320mL","cupPrice":"$1.08 per 100mL","isAvailable":true,"locations":["vic","sa","nsw"]},{"id":"brut-original-fresh-shower-gel","store":"coles","brand":"Brut","name":"Original Fresh Shower Gel","price":3.15,"orgPrice":6.3,"imagePath":"https://shop.coles.com.au/wcsstore/Coles-CAS/images/2/2/7/2277130.jpg","categoryIds":["health-beauty"],"packageSize":"400mL","cupPrice":"$0.79 per 100mL","isAvailable":true,"locations":["vic","sa","nsw"]},{"id":"pantene-shampoo-micellar-water-aloe-3415909p","store":"coles","brand":"Pantene","name":"Micellar Water Aloe Vera Shampoo","price":9,"orgPrice":18,"imagePath":"https://shop.coles.com.au/wcsstore/Coles-CAS/images/3/4/1/3415909.jpg","categoryIds":["health-beauty"],"packageSize":"530mL","cupPrice":"$1.70 per 100mL","isAvailable":true,"locations":["vic","sa","nsw"]},{"id":"gillette-sensor-3-comfortgel-disp-razor","store":"coles","brand":"Gillette","name":"Sensor 3 Comfort Disposable Razors","price":3.25,"orgPrice":6.5,"imagePath":"https://shop.coles.com.au/wcsstore/Coles-CAS/images/3/5/8/3582591.jpg","categoryIds":["health-beauty"],"packageSize":"4 pack","cupPrice":"$0.81 per 1Ea","isAvailable":true,"locations":["vic","sa","nsw"]},{"id":"brut-antiperspirant-deodorant-max-defence","store":"coles","brand":"Brut","name":"Max Defence Military Grade Antiperspirant Deodorant","price":3.15,"orgPrice":6.3,"imagePath":"https://shop.coles.com.au/wcsstore/Coles-CAS/images/3/5/7/3579371.jpg","categoryIds":["health-beauty"],"packageSize":"150g","cupPrice":"$2.10 per 100G","isAvailable":true,"locations":["vic","sa","nsw"]},{"id":"oral-b-3d-white-toothbrush","store":"coles","brand":"Oral-B","name":"3D White Toothbrush","price":5,"orgPrice":10,"imagePath":"https://shop.coles.com.au/wcsstore/Coles-CAS/images/3/1/3/3130400.jpg","categoryIds":["health-beauty"],"packageSize":"3 pack","cupPrice":"$1.67 per 1Ea","isAvailable":true,"locations":["vic","sa","nsw"]},{"id":"gillette-venus-platinum-extra-smooth-razor","store":"coles","brand":"Gillette","name":"Venus Platinum Extra Smooth Razor","price":9.95,"orgPrice":19.9,"imagePath":"https://shop.coles.com.au/wcsstore/Coles-CAS/images/3/2/3/3236105.jpg","categoryIds":["health-beauty"],"packageSize":"1 pack","cupPrice":"$9.95 per 1Ea","isAvailable":true,"locations":["vic","sa","nsw"]},{"id":"sukin-natural-deodorant-3365028p","store":"coles","brand":"Sukin","name":"Natural Deodorant","price":3.5,"orgPrice":7,"imagePath":"https://shop.coles.com.au/wcsstore/Coles-CAS/images/3/3/6/3365028.jpg","categoryIds":["health-beauty"],"packageSize":"125mL","cupPrice":"$2.80 per 100mL","isAvailable":true,"locations":["vic","sa","nsw"]},{"id":"pantene-shampoo-micellar-water-charcoal","store":"coles","brand":"Pantene","name":"Micellar Water Charcoal Shampoo","price":9,"orgPrice":18,"imagePath":"https://shop.coles.com.au/wcsstore/Coles-CAS/images/3/4/1/3415942.jpg","categoryIds":["health-beauty"],"packageSize":"530mL","cupPrice":"$1.70 per 100mL","isAvailable":true,"locations":["vic","sa","nsw"]},{"id":"pantene-shampoo-micellar-water-3415986p","store":"coles","brand":"Pantene","name":"Micellar Water Shampoo","price":9,"orgPrice":18,"imagePath":"https://shop.coles.com.au/wcsstore/Coles-CAS/images/3/4/1/3415986.jpg","categoryIds":["health-beauty"],"packageSize":"530mL","cupPrice":"$1.70 per 100mL","isAvailable":true,"locations":["vic","sa","nsw"]},{"id":"brut-aftershave-lotion-refresh","store":"coles","brand":"Brut","name":"Refresh Aftershave Lotion","price":5.25,"orgPrice":10.5,"imagePath":"https://shop.coles.com.au/wcsstore/Coles-CAS/images/5/2/5/5250945.jpg","categoryIds":["health-beauty"],"packageSize":"100mL","cupPrice":"$5.25 per 100mL","isAvailable":true,"locations":["vic","sa","nsw"]},{"id":"gillette-razor-cartridges-venus-olay-strawberry","store":"coles","brand":"Gillette","name":"Venus & Olay Sugarberry Scent Shaving Blade Refill","price":10,"orgPrice":20,"imagePath":"https://shop.coles.com.au/wcsstore/Coles-CAS/images/1/6/5/1650238.jpg","categoryIds":["health-beauty"],"packageSize":"3 pack","cupPrice":"$10.00 per 1Ea","isAvailable":true,"locations":["vic","sa","nsw"]},{"id":"dove-hair-therapy-daily-moisture-shampoo-2103478p","store":"coles","brand":"Dove","name":"Nutritive Solutions Daily Moisture Shampoo","price":3.45,"orgPrice":6.9,"imagePath":"https://shop.coles.com.au/wcsstore/Coles-CAS/images/2/1/0/2103478.jpg","categoryIds":["health-beauty"],"packageSize":"320mL","cupPrice":"$1.08 per 100mL","isAvailable":true,"locations":["vic","sa","nsw"]},{"id":"pantene-3mm-conditioner-repair-protect","store":"coles","brand":"Pantene","name":"3mm Repair & Protect Conditioner","price":7.5,"orgPrice":15,"imagePath":"https://shop.coles.com.au/wcsstore/Coles-CAS/images/3/1/5/3156844.jpg","categoryIds":["health-beauty"],"packageSize":"400mL","cupPrice":"$1.88 per 100mL","isAvailable":true,"locations":["vic","sa","nsw"]},{"id":"pantene-3mm-conditioner-smooth-sleek","store":"coles","brand":"Pantene","name":"3mm Smooth & Sleek Conditioner","price":7.5,"orgPrice":15,"imagePath":"https://shop.coles.com.au/wcsstore/Coles-CAS/images/3/1/5/3156822.jpg","categoryIds":["health-beauty"],"packageSize":"400mL","cupPrice":"$1.88 per 100mL","isAvailable":true,"locations":["vic","sa","nsw"]},{"id":"pantene-conditioner-micellar-water-3416027p","store":"coles","brand":"Pantene","name":"Micellar Water Conditioner","price":9,"orgPrice":18,"imagePath":"https://shop.coles.com.au/wcsstore/Coles-CAS/images/3/4/1/3416027.jpg","categoryIds":["health-beauty"],"packageSize":"530mL","cupPrice":"$1.70 per 100mL","isAvailable":true,"locations":["vic","sa","nsw"]},{"id":"schwarzkopf-got2b-dry-shampoo-extra-fresh","store":"coles","brand":"Schwarzkopf","name":"Got2b Extra Fresh It Up Dry Shampoo","price":6.5,"orgPrice":13,"imagePath":"https://shop.coles.com.au/wcsstore/Coles-CAS/images/3/5/3/3534941.jpg","categoryIds":["health-beauty"],"packageSize":"200mL","cupPrice":"$3.25 per 100mL","isAvailable":true,"locations":["vic","sa","nsw"]},{"id":"herbal-essences-condition-white-grapefruit-mint","store":"coles","brand":"Herbal Essences","name":"Bio Renew White Grapefruit & Mosa Mint Revitalisant Conditioner","price":8.5,"orgPrice":17,"imagePath":"https://shop.coles.com.au/wcsstore/Coles-CAS/images/3/6/1/3611180.jpg","categoryIds":["health-beauty"],"packageSize":"600mL","cupPrice":"$1.42 per 100mL","isAvailable":true,"locations":["vic","sa","nsw"]},{"id":"pantene-treatment-nourishing-mask","store":"coles","brand":"Pantene","name":"Pro V Nourishing Mask Treatment","price":2.5,"orgPrice":5,"imagePath":"https://shop.coles.com.au/wcsstore/Coles-CAS/images/3/6/1/3611259.jpg","categoryIds":["health-beauty"],"packageSize":"50mL","cupPrice":"$5.00 per 100mL","isAvailable":true,"locations":["vic","sa","nsw"]},{"id":"dove-hair-therapy-daily-moisture-conditioner-2103398p","store":"coles","brand":"Dove","name":"Nutritive Solutions Daily Moisture Conditioner","price":3.45,"orgPrice":6.9,"imagePath":"https://shop.coles.com.au/wcsstore/Coles-CAS/images/2/1/0/2103398.jpg","categoryIds":["health-beauty"],"packageSize":"320mL","cupPrice":"$1.08 per 100mL","isAvailable":true,"locations":["vic","sa","nsw"]},{"id":"pantene-conditioner-micellar-water","store":"coles","brand":"Pantene","name":"Pro-V Micellar Gentle Nourishing Conditioner","price":6.5,"orgPrice":13,"imagePath":"https://shop.coles.com.au/wcsstore/Coles-CAS/images/3/4/1/3415997.jpg","categoryIds":["health-beauty"],"packageSize":"300mL","cupPrice":"$2.17 per 100mL","isAvailable":true,"locations":["vic","sa","nsw"]},{"id":"pantene-conditioner-micellar-water-charcoal","store":"coles","brand":"Pantene","name":"Pro-V Charcoal Root Renewal Micellar Conditioner","price":9,"orgPrice":18,"imagePath":"https://shop.coles.com.au/wcsstore/Coles-CAS/images/3/4/1/3415964.jpg","categoryIds":["health-beauty"],"packageSize":"530mL","cupPrice":"$1.70 per 100mL","isAvailable":true,"locations":["vic","sa","nsw"]},{"id":"pantene-shampoo-micellar-water-aloe","store":"coles","brand":"Pantene","name":"Micellar Water Aloe Vera Shampoo","price":6.5,"orgPrice":13,"imagePath":"https://shop.coles.com.au/wcsstore/Coles-CAS/images/3/4/1/3415931.jpg","categoryIds":["health-beauty"],"packageSize":"300mL","cupPrice":"$2.17 per 100mL","isAvailable":true,"locations":["vic","sa","nsw"]},{"id":"pantene-conditioner-micellar-water-aloe","store":"coles","brand":"Pantene","name":"Micellar Water Aloevera Conditioner","price":6.5,"orgPrice":13,"imagePath":"https://shop.coles.com.au/wcsstore/Coles-CAS/images/3/4/1/3415910.jpg","categoryIds":["health-beauty"],"packageSize":"300mL","cupPrice":"$2.17 per 100mL","isAvailable":true,"locations":["vic","sa","nsw"]},{"id":"gillette-venus-smooth-sensitive-blades-refill","store":"coles","brand":"Gillette","name":"Venus Smooth Sensitive Blades Refill","price":8,"orgPrice":16,"imagePath":"https://shop.coles.com.au/wcsstore/Coles-CAS/images/3/5/8/3582627.jpg","categoryIds":["health-beauty"],"packageSize":"4 pack","cupPrice":"$2.00 per 1Ea","isAvailable":true,"locations":["vic","sa","nsw"]},{"id":"hawaiian-tropic-tan-foam-1hr-express","store":"coles","brand":"Hawaiian Tropic","name":"Sunless Tan Self Tanning Foam","price":12,"orgPrice":24,"imagePath":"https://shop.coles.com.au/wcsstore/Coles-CAS/images/3/6/0/3605788.jpg","categoryIds":["health-beauty"],"packageSize":"200g","cupPrice":"$6.00 per 100G","isAvailable":true,"locations":["vic","sa","nsw"]},{"id":"pantene-leavein-treatment-smoothening-creme","store":"coles","brand":"Pantene","name":"Pro V Smoothing Combing Creme","price":3.25,"orgPrice":6.5,"imagePath":"https://shop.coles.com.au/wcsstore/Coles-CAS/images/3/6/1/3611226.jpg","categoryIds":["health-beauty"],"packageSize":"200mL","cupPrice":"$1.63 per 100mL","isAvailable":true,"locations":["vic","sa","nsw"]},{"id":"cadbury-chocolate-mini-roll-10pk","store":"coles","brand":"Cadbury","name":"Milk Chocolate Mini Rolls 10 Pack","price":2.5,"orgPrice":5.5,"imagePath":"https://shop.coles.com.au/wcsstore/Coles-CAS/images/3/4/7/3475569.jpg","categoryIds":["bakery"],"packageSize":"230g","cupPrice":"$1.09 per 100G","isAvailable":true,"locations":["sa","qld"]},{"id":"dairy-farmers-yoghurt-thick-creamy-yellow-box-honey-1198490p","store":"coles","brand":"Dairy Farmers","name":"Thick & Creamy Yellow Box Honey Yoghurt","price":1,"orgPrice":2.2,"imagePath":"https://shop.coles.com.au/wcsstore/Coles-CAS/images/1/1/9/1198490.jpg","categoryIds":["dairy-eggs-fridge"],"packageSize":"150g","cupPrice":"$0.67 per 100G","isAvailable":true,"locations":["sa","qld","nsw"]},{"id":"df-thick-creamy-plum-honey-yoghurt","store":"coles","brand":"Thick & Creamy","name":"Plum & Honey Yoghurt","price":1,"orgPrice":2.2,"imagePath":"https://shop.coles.com.au/wcsstore/Coles-CAS/images/3/2/4/3242811.jpg","categoryIds":["dairy-eggs-fridge"],"packageSize":"150g","cupPrice":"$0.67 per 100G","isAvailable":true,"locations":["sa","qld","nsw"]},{"id":"cadbury-favourites-party-pack-3571686p","store":"coles","brand":"Cadbury","name":"Favourites Party Pack","price":10,"orgPrice":20,"imagePath":"https://shop.coles.com.au/wcsstore/Coles-CAS/images/3/5/7/3571686.jpg","categoryIds":["pantry"],"packageSize":"570g","cupPrice":"$1.75 per 100G","isAvailable":true,"locations":["sa","qld","nsw"]},{"id":"avocado-hass","store":"coles","brand":"Coles","name":"Hass Avocados","price":2.7,"orgPrice":2.7,"imagePath":"https://shop.coles.com.au/wcsstore/Coles-CAS/images/5/9/0/5900530.jpg","categoryIds":["pantry"],"packageSize":"","cupPrice":"$2.70 per 1Ea","isAvailable":true,"locations":["sa","qld","nsw"]},{"id":"nature-valley-crunchy-oats-honey-3585024p","store":"coles","brand":"Nature Valley","name":"Crunchy Oats & Honey 6 Twin Bars","price":2.75,"orgPrice":5.5,"imagePath":"https://shop.coles.com.au/wcsstore/Coles-CAS/images/3/5/8/3585024.jpg","categoryIds":["pantry"],"packageSize":"252g","cupPrice":"$1.09 per 100G","isAvailable":true,"locations":["sa","nsw"]},{"id":"ferrero-raffaello-heart-t10","store":"coles","brand":"Ferrero","name":"Raffaello Heart T10","price":6,"orgPrice":12,"imagePath":"https://shop.coles.com.au/wcsstore/Coles-CAS/images/3/7/1/3717646.jpg","categoryIds":["pantry"],"packageSize":"100g","cupPrice":"$6.00 per 100G","isAvailable":true,"locations":["sa","nsw"]},{"id":"nature-valley-peanut-butter-honey-nut-filled-biscuit","store":"coles","brand":"Nature Valley","name":"Peanut Butter Biscuits","price":2.65,"orgPrice":5.3,"imagePath":"https://shop.coles.com.au/wcsstore/Coles-CAS/images/3/0/2/3021958.jpg","categoryIds":["pantry"],"packageSize":"152g","cupPrice":"$1.74 per 100G","isAvailable":true,"locations":["sa","nsw"]},{"id":"cadbury-cherry-ripe-bites","store":"coles","brand":"Cadbury","name":"Cherry Ripe Bites","price":6,"orgPrice":12,"imagePath":"https://shop.coles.com.au/wcsstore/Coles-CAS/images/3/2/8/3287536.jpg","categoryIds":["pantry"],"packageSize":"300g","cupPrice":"$2.00 per 100G","isAvailable":true,"locations":["sa","nsw"]},{"id":"fibre-one-lemon-drizzle-square-bars","store":"coles","brand":"Fibre One","name":"Lemon Drizzle 5 Bars","price":2.75,"orgPrice":5.5,"imagePath":"https://shop.coles.com.au/wcsstore/Coles-CAS/images/2/8/2/2827150.jpg","categoryIds":["pantry"],"packageSize":"120g","cupPrice":"$2.29 per 100G","isAvailable":true,"locations":["sa","nsw"]},{"id":"nature-valley-nut-butter-cocoa-hazelnut","store":"coles","brand":"Nature Valley","name":"Nut Butter Cocoa Hazelnut","price":2.65,"orgPrice":5.3,"imagePath":"https://shop.coles.com.au/wcsstore/Coles-CAS/images/3/3/8/3387585.jpg","categoryIds":["pantry"],"packageSize":"152g","cupPrice":"$1.74 per 100G","isAvailable":true,"locations":["sa","nsw"]},{"id":"lindt-excellence-chocolate-milk-cberry-alm","store":"coles","brand":"Lindt","name":"Excellence Cranberry Almond & Hazelnut Dark Chocolate","price":2.25,"orgPrice":4.5,"imagePath":"https://shop.coles.com.au/wcsstore/Coles-CAS/images/3/6/1/3614610.jpg","categoryIds":["pantry"],"packageSize":"100g","cupPrice":"$2.25 per 100G","isAvailable":true,"locations":["sa","nsw"]},{"id":"nature-valley-crunchy-variety-3584983p","store":"coles","brand":"Nature Valley","name":"Crunchy Variety 6 Twin Bars","price":2.75,"orgPrice":5.5,"imagePath":"https://shop.coles.com.au/wcsstore/Coles-CAS/images/3/5/8/3584983.jpg","categoryIds":["pantry"],"packageSize":"252g","cupPrice":"$1.09 per 100G","isAvailable":true,"locations":["sa","nsw"]},{"id":"thins-potato-chips-tzatziki","store":"coles","brand":"Thins","name":"Tzatziki Potato Chips","price":1.75,"orgPrice":3.5,"imagePath":"https://shop.coles.com.au/wcsstore/Coles-CAS/images/3/7/1/3715662.jpg","categoryIds":["pantry"],"packageSize":"150g","cupPrice":"$1.17 per 100G","isAvailable":true,"locations":["sa","nsw"]},{"id":"sanitarium-up-go-energize-liquid-breakfast-coffee-3-pack","store":"coles","brand":"Sanitarium","name":"UP&GO Protein Energize Coffee 250mL","price":2.6,"orgPrice":5.2,"imagePath":"https://shop.coles.com.au/wcsstore/Coles-CAS/images/1/1/7/1171880.jpg","categoryIds":["pantry"],"packageSize":"3 pack","cupPrice":"$0.35 per 100mL","isAvailable":true,"locations":["sa","nsw"]},{"id":"fibre-one-cake-bars-triple-choc","store":"coles","brand":"Fibre One","name":"Triple Choc Cake Bars 4 Pieces","price":2.75,"orgPrice":5.5,"imagePath":"https://shop.coles.com.au/wcsstore/Coles-CAS/images/3/5/8/3584906.jpg","categoryIds":["pantry"],"packageSize":"100g","cupPrice":"$2.75 per 100G","isAvailable":true,"locations":["sa","nsw"]},{"id":"violet-crumble-dark-choc-honeycomb-bag","store":"coles","brand":"Violet Crumble","name":"Dark Choc Honeycomb Bag","price":2.2,"orgPrice":4.4,"imagePath":"https://shop.coles.com.au/wcsstore/Coles-CAS/images/3/7/3/3735580.jpg","categoryIds":["pantry"],"packageSize":"180g","cupPrice":"$1.22 per 100G","isAvailable":true,"locations":["sa","nsw"]},{"id":"nature-valley-protein-bar-coconut-almond","store":"coles","brand":"Nature Valley","name":"Gluten Free Coconut & Almond Protein Bar","price":2.65,"orgPrice":5.3,"imagePath":"https://shop.coles.com.au/wcsstore/Coles-CAS/images/3/3/8/3387734.jpg","categoryIds":["pantry"],"packageSize":"160g","cupPrice":"$1.66 per 100G","isAvailable":true,"locations":["sa","nsw"]},{"id":"fibre-one-cake-bars-carrot-cake","store":"coles","brand":"Fibre One","name":"Carrot Cake Bars 4 Pieces","price":2.75,"orgPrice":5.5,"imagePath":"https://shop.coles.com.au/wcsstore/Coles-CAS/images/3/5/8/3584892.jpg","categoryIds":["pantry"],"packageSize":"100g","cupPrice":"$2.75 per 100G","isAvailable":true,"locations":["sa","nsw"]},{"id":"nature-valley-crunchy-peanut-butter-3585035p","store":"coles","brand":"Nature Valley","name":"Crunchy Peanut Butter 6 Twin Bars","price":2.75,"orgPrice":5.5,"imagePath":"https://shop.coles.com.au/wcsstore/Coles-CAS/images/3/5/8/3585035.jpg","categoryIds":["pantry"],"packageSize":"252g","cupPrice":"$1.09 per 100G","isAvailable":true,"locations":["sa","nsw"]},{"id":"lindt-lindor-gift-box-chocolate-balls-milk","store":"coles","brand":"Lindt","name":"Lindor Milk Chocolate Balls Gift Box","price":7,"orgPrice":14,"imagePath":"https://shop.coles.com.au/wcsstore/Coles-CAS/images/5/1/2/5126470.jpg","categoryIds":["pantry"],"packageSize":"150g","cupPrice":"$4.67 per 100G","isAvailable":true,"locations":["sa","nsw"]},{"id":"nature-valley-crunchy-oats-dark-chocolate-3585046p","store":"coles","brand":"Nature Valley","name":"Crunchy Oats & Dark Chocolate 6 Twin Bars","price":2.75,"orgPrice":5.5,"imagePath":"https://shop.coles.com.au/wcsstore/Coles-CAS/images/3/5/8/3585046.jpg","categoryIds":["pantry"],"packageSize":"252g","cupPrice":"$1.09 per 100G","isAvailable":true,"locations":["sa","nsw"]},{"id":"continental-cup-a-soup-lots-a-noodles-chicken-curry","store":"coles","brand":"Continental","name":"Cup A Soup Mild Chicken Curry with Lots of Noodles 2 pack","price":1,"orgPrice":2,"imagePath":"https://shop.coles.com.au/wcsstore/Coles-CAS/images/7/9/7/7979236.jpg","categoryIds":["pantry"],"packageSize":"58g","cupPrice":"$1.72 per 100G","isAvailable":true,"locations":["sa","nsw"]},{"id":"wild-tides-no-drain-tuna-soy-ginger","store":"coles","brand":"Wild Tides","name":"No Drain, No Mess Responsibly Fished Tuna Soy & Ginger","price":1.25,"orgPrice":2.5,"imagePath":"https://shop.coles.com.au/wcsstore/Coles-CAS/images/3/5/9/3590895.jpg","categoryIds":["pantry"],"packageSize":"80g","cupPrice":"$15.63 per 1Kg","isAvailable":true,"locations":["sa","nsw"]},{"id":"uncle-tobys-breakfast-bakes-honey-almond","store":"coles","brand":"Uncle Tobys","name":"Breakfast Bakes Honey & Almond","price":1.07,"orgPrice":2.1500000000000004,"imagePath":"https://shop.coles.com.au/wcsstore/Coles-CAS/images/3/7/3/3732027.jpg","categoryIds":["pantry"],"packageSize":"65g","cupPrice":"$1.65 per 100G","isAvailable":true,"locations":["sa","nsw"]},{"id":"sunbites-snack-crackers-tomato-salsa","store":"coles","brand":"Sunbites Snack","name":"Crackers Tomato Salsa","price":1.5,"orgPrice":3,"imagePath":"https://shop.coles.com.au/wcsstore/Coles-CAS/images/3/7/3/3737246.jpg","categoryIds":["pantry"],"packageSize":"110g","cupPrice":"$1.36 per 100G","isAvailable":true,"locations":["sa"]},{"id":"wild-tides-no-drain-tuna-jalapeno","store":"coles","brand":"Wild Tides","name":"No Drain, No Mess Responsibly Fished Tuna Jalapeno Mild","price":1.25,"orgPrice":2.5,"imagePath":"https://shop.coles.com.au/wcsstore/Coles-CAS/images/3/5/9/3590920.jpg","categoryIds":["pantry"],"packageSize":"80g","cupPrice":"$15.63 per 1Kg","isAvailable":true,"locations":["sa","nsw"]},{"id":"wild-tides-no-drain-tuna-lemon-thyme","store":"coles","brand":"Wild Tides","name":"No Drain, No Mess Responsibly Fished Tuna Lemon & Thyme","price":1.25,"orgPrice":2.5,"imagePath":"https://shop.coles.com.au/wcsstore/Coles-CAS/images/3/5/9/3590851.jpg","categoryIds":["pantry"],"packageSize":"80g","cupPrice":"$15.63 per 1Kg","isAvailable":true,"locations":["sa","nsw"]},{"id":"queens-diamond-dates","store":"coles","brand":"Queen's Diamond","name":"Pitted Dates","price":1.1,"orgPrice":2.2,"imagePath":"https://shop.coles.com.au/wcsstore/Coles-CAS/images/2/7/9/2797683.jpg","categoryIds":["international-foods"],"packageSize":"250g","cupPrice":"$0.44 per 100G","isAvailable":true,"locations":["sa","qld","nsw"]},{"id":"natures-way-beauty-collagen-gummies","store":"coles","brand":"Nature's Way","name":"Beauty Collagen Berry 40 Gummies","price":10,"orgPrice":20,"imagePath":"https://shop.coles.com.au/wcsstore/Coles-CAS/images/2/8/9/2897338.jpg","categoryIds":["health-beauty"],"packageSize":"1 pack","cupPrice":"$10.00 per 1Ea","isAvailable":true,"locations":["sa","qld","nsw"]},{"id":"natures-way-kid-smart-vita-gummies-vit-c-zinc","store":"coles","brand":"Nature's Way","name":"Kids Smart Vita Gummies Vitamin C + Zinc","price":13,"orgPrice":26,"imagePath":"https://shop.coles.com.au/wcsstore/Coles-CAS/images/3/6/2/3629072.jpg","categoryIds":["health-beauty"],"packageSize":"120 pack","cupPrice":"$0.11 per 1Ea","isAvailable":true,"locations":["sa","qld","nsw"]},{"id":"blackmores-tablets-total-calcium-value-pack","store":"coles","brand":"Blackmores","name":"Total Calcium + Magnesium Tablets","price":11,"orgPrice":22,"imagePath":"https://shop.coles.com.au/wcsstore/Coles-CAS/images/9/6/8/9688890.jpg","categoryIds":["health-beauty"],"packageSize":"125 pack","cupPrice":"$8.80 per 100Ea","isAvailable":true,"locations":["sa","qld","nsw"]},{"id":"natures-way-vitagummie-s-f-probiotic","store":"coles","brand":"Nature's Way","name":"Sugar Kids Smart Free Vita Gummies Probiotics","price":10,"orgPrice":20,"imagePath":"https://shop.coles.com.au/wcsstore/Coles-CAS/images/3/4/7/3470441.jpg","categoryIds":["health-beauty"],"packageSize":"65 pack","cupPrice":"$0.15 per 1Ea","isAvailable":true,"locations":["sa","qld","nsw"]},{"id":"blackmores-echinacea-ace--zinc-tablets","store":"coles","brand":"Blackmores","name":"Echinacea Ace + Zinc Tablets","price":10.25,"orgPrice":20.5,"imagePath":"https://shop.coles.com.au/wcsstore/Coles-CAS/images/8/2/9/8295972.jpg","categoryIds":["health-beauty"],"packageSize":"60 pack","cupPrice":"$17.08 per 100Ea","isAvailable":true,"locations":["sa","qld","nsw"]},{"id":"blackmores-vitamin-d3-1000iu-capsules","store":"coles","brand":"Blackmores","name":"Vitamin D3 1000iu Capsules","price":5,"orgPrice":10,"imagePath":"https://shop.coles.com.au/wcsstore/Coles-CAS/images/4/8/7/4879756.jpg","categoryIds":["health-beauty"],"packageSize":"60 pack","cupPrice":"$0.08 per 1Ea","isAvailable":true,"locations":["sa","qld","nsw"]},{"id":"sorbent-2-ply-toilet-tissue-silky-white","store":"coles","brand":"Sorbent","name":"Silky White Toilet Tissue","price":4.7,"orgPrice":9.4,"imagePath":"https://shop.coles.com.au/wcsstore/Coles-CAS/images/3/3/5/3359885.jpg","categoryIds":["household"],"packageSize":"12 pack","cupPrice":"$0.22 per 100Ea","isAvailable":true,"locations":["sa","qld","nsw"]},{"id":"explorer-socks-mens-kings-short-black-size-11-13","store":"coles","brand":"Explorer","name":"Mens Original Wool Crew Black Size 11-14","price":7,"orgPrice":14,"imagePath":"https://shop.coles.com.au/wcsstore/Coles-CAS/images/7/1/4/7149534.jpg","categoryIds":["household"],"packageSize":"1 pack","cupPrice":"$7.00 per 1Ea","isAvailable":true,"locations":["sa","qld"]},{"id":"bonds-mens-briefs-hipster-medium-9093168p","store":"coles","brand":"Bonds","name":"Mens Hipster Briefs Medium","price":12.5,"orgPrice":25,"imagePath":"https://shop.coles.com.au/wcsstore/Coles-CAS/images/9/0/9/9093168.jpg","categoryIds":["household"],"packageSize":"4 pack","cupPrice":"$12.50 per 4Ea","isAvailable":true,"locations":["sa","qld","nsw"]},{"id":"sistema-klip-it-containers-7434938p","store":"coles","brand":"Sistema","name":"Klip It Containers","price":8,"orgPrice":8,"imagePath":"https://shop.coles.com.au/wcsstore/Coles-CAS/images/7/4/3/7434938.jpg","categoryIds":["household"],"packageSize":"6 pack","cupPrice":"$1.33 per 1Ea","isAvailable":true,"locations":["sa","qld","nsw"]},{"id":"biozet--attack-front-top-loader-softener-laundry-powder","store":"coles","brand":"Biozet","name":"Attack + Softener Front & Top Loader Laundry Powder","price":11,"orgPrice":22,"imagePath":"https://shop.coles.com.au/wcsstore/Coles-CAS/images/2/8/9/2896583.jpg","categoryIds":["household"],"packageSize":"2kg","cupPrice":"$5.50 per 1Kg","isAvailable":true,"locations":["sa","qld","nsw"]},{"id":"smash-glass-barista-buddy-340ml","store":"coles","brand":"Smash","name":"Barista Buddy Glass 340mL","price":6,"orgPrice":12,"imagePath":"https://shop.coles.com.au/wcsstore/Coles-CAS/images/3/3/8/3380564.jpg","categoryIds":["household"],"packageSize":"","cupPrice":"$6.00 per 1Ea","isAvailable":true,"locations":["sa","qld","nsw"]},{"id":"smash-chugger-with-infuser-750ml","store":"coles","brand":"Smash","name":"Tritan Bottle With Removable Infuser","price":6,"orgPrice":12,"imagePath":"https://shop.coles.com.au/wcsstore/Coles-CAS/images/3/3/8/3380531.jpg","categoryIds":["household"],"packageSize":"","cupPrice":"$6.00 per 1Ea","isAvailable":true,"locations":["sa","qld","nsw"]},{"id":"sistema-klip-it-container-rectangular-4868840p","store":"coles","brand":"Sistema","name":"Klip It Rectangular Container 5L","price":5.15,"orgPrice":10.3,"imagePath":"https://shop.coles.com.au/wcsstore/Coles-CAS/images/4/8/6/4868840.jpg","categoryIds":["household"],"packageSize":"1 pack","cupPrice":"$5.15 per 1Ea","isAvailable":true,"locations":["sa","qld","nsw"]},{"id":"smash-bts-fashion-tritan-750ml","store":"coles","brand":"Smash","name":"Tritan Drink Bottle","price":3.5,"orgPrice":7,"imagePath":"https://shop.coles.com.au/wcsstore/Coles-CAS/images/2/8/1/2818025.jpg","categoryIds":["household"],"packageSize":"","cupPrice":"$3.50 per 1Ea","isAvailable":true,"locations":["sa","qld","nsw"]},{"id":"smash-leak-prof-snack-box","store":"coles","brand":"Smash","name":"Leak Proof Snack Box","price":2.5,"orgPrice":5,"imagePath":"https://shop.coles.com.au/wcsstore/Coles-CAS/images/3/6/4/3649240.jpg","categoryIds":["household"],"packageSize":"","cupPrice":"$2.50 per 1Ea","isAvailable":true,"locations":["sa","qld","nsw"]},{"id":"bonds-womens-briefs-hipster-boyleg-size-12-6590756p","store":"coles","brand":"Bonds","name":"Womens Hipster Boyleg Briefs Size 12","price":9,"orgPrice":18,"imagePath":"https://shop.coles.com.au/wcsstore/Coles-CAS/images/6/5/9/6590756.jpg","categoryIds":["household"],"packageSize":"2 pack","cupPrice":"","isAvailable":true,"locations":["sa","qld","nsw"]},{"id":"smash-leak-prof-fruity-mover","store":"coles","brand":"Smash","name":"Leak Proof Fruity Mover","price":3,"orgPrice":6,"imagePath":"https://shop.coles.com.au/wcsstore/Coles-CAS/images/3/6/4/3649251.jpg","categoryIds":["household"],"packageSize":"","cupPrice":"$3.00 per 1Ea","isAvailable":true,"locations":["sa","qld","nsw"]},{"id":"smash-leak-prof-sandwich-box","store":"coles","brand":"Smash","name":"Leak Proof Sandwich Box","price":3.5,"orgPrice":7,"imagePath":"https://shop.coles.com.au/wcsstore/Coles-CAS/images/3/6/4/3649182.jpg","categoryIds":["household"],"packageSize":"","cupPrice":"$3.50 per 1Ea","isAvailable":true,"locations":["sa","qld","nsw"]},{"id":"explorer-socks-mens-short-black-size-6-11","store":"coles","brand":"Explorer","name":"Mens Original Wool Crew Black Size 6-10","price":7,"orgPrice":14,"imagePath":"https://shop.coles.com.au/wcsstore/Coles-CAS/images/5/2/9/5291705.jpg","categoryIds":["household"],"packageSize":"1 pack","cupPrice":"$7.00 per 1Ea","isAvailable":true,"locations":["sa","qld","nsw"]},{"id":"bonds-mens-guyfront-trunk-mzvjs-size-xl","store":"coles","brand":"Bonds","name":"Men's Guyfront Trunk Size XL","price":11,"orgPrice":22,"imagePath":"https://shop.coles.com.au/wcsstore/Coles-CAS/images/3/7/6/3764817.jpg","categoryIds":["household"],"packageSize":"1 pack","cupPrice":"$11.00 per 1Ea","isAvailable":true,"locations":["sa","qld","nsw"]},{"id":"bonds-ladies-socks-footlets-tan-size-8-11","store":"coles","brand":"Bonds","name":"No Show Footlets Tan size 8-11","price":2,"orgPrice":4,"imagePath":"https://shop.coles.com.au/wcsstore/Coles-CAS/images/5/6/9/5696922.jpg","categoryIds":["household"],"packageSize":"1 pack","cupPrice":"","isAvailable":true,"locations":["sa","qld","nsw"]},{"id":"sistema-klip-it-jug-juice","store":"coles","brand":"Sistema","name":"Klip It Juice Jug 2L","price":5.25,"orgPrice":10.5,"imagePath":"https://shop.coles.com.au/wcsstore/Coles-CAS/images/4/8/6/4868873.jpg","categoryIds":["household"],"packageSize":"","cupPrice":"$5.25 per 1ea","isAvailable":true,"locations":["sa","qld","nsw"]},{"id":"bonds-womens-briefs-hipster-boyleg-size-10-6590701p","store":"coles","brand":"Bonds","name":"Womens Hipster Boyleg Briefs Size 10","price":9,"orgPrice":18,"imagePath":"https://shop.coles.com.au/wcsstore/Coles-CAS/images/6/5/9/6590701.jpg","categoryIds":["household"],"packageSize":"2 pack","cupPrice":"","isAvailable":true,"locations":["sa","qld","nsw"]},{"id":"razzamatazz-tights-opaque-120-denier-black-tall-extra-tall","store":"coles","brand":"Razzamatazz","name":"Opaque Tights 120 Denier Black Medium/Large","price":6,"orgPrice":12,"imagePath":"https://shop.coles.com.au/wcsstore/ColesResponsiveStorefrontAssetStore/dist/ccfc54aed6e361b650bcf0582f7b576b/img/img_product-placeholder.png","categoryIds":["household"],"packageSize":"1 pack","cupPrice":"$6.00 per 1Ea","isAvailable":true,"locations":["sa","qld","nsw"]},{"id":"bonds-opaque-tight-70-denier-black-talls-x-tall","store":"coles","brand":"Bonds","name":"Comfy Tops Opaque Tights 70 Denier Black Tall/XTall","price":6,"orgPrice":12,"imagePath":"https://shop.coles.com.au/wcsstore/Coles-CAS/images/1/7/2/1721890.jpg","categoryIds":["household"],"packageSize":"1 pack","cupPrice":"","isAvailable":true,"locations":["sa","qld","nsw"]},{"id":"sistema-ultra-container-460ml","store":"coles","brand":"Sistema","name":"Ultra Clear Tritan Container 460mL","price":3,"orgPrice":6,"imagePath":"https://shop.coles.com.au/wcsstore/Coles-CAS/images/3/6/3/3633105.jpg","categoryIds":["household"],"packageSize":"","cupPrice":"$3.00 per 1Ea","isAvailable":true,"locations":["sa","qld","nsw"]},{"id":"sistema-klip-it-bakery-box","store":"coles","brand":"Sistema","name":"Klip It Bakery Box 3.5L","price":5.75,"orgPrice":11.5,"imagePath":"https://shop.coles.com.au/wcsstore/Coles-CAS/images/3/7/1/3717136.jpg","categoryIds":["household"],"packageSize":"","cupPrice":"$5.75 per 1Ea","isAvailable":true,"locations":["sa","qld","nsw"]},{"id":"bonds-salt-n-pep-legging-hy6x1g-sml-med","store":"coles","brand":"Bonds","name":"Salt N Pepper Leggings Small/ Medium","price":7.5,"orgPrice":15,"imagePath":"https://shop.coles.com.au/wcsstore/Coles-CAS/images/3/1/3/3131683.jpg","categoryIds":["household"],"packageSize":"1 pack","cupPrice":"$7.50 per 1Ea","isAvailable":true,"locations":["sa","qld","nsw"]},{"id":"smash-switch-up-lunch-box-smash-switch-up-lunch-box","store":"coles","brand":"Smash","name":"Switch Up Lunch Box","price":7.5,"orgPrice":15,"imagePath":"https://shop.coles.com.au/wcsstore/Coles-CAS/images/3/3/8/3380702.jpg","categoryIds":["household"],"packageSize":"","cupPrice":"$7.50 per 1Ea","isAvailable":true,"locations":["sa","qld","nsw"]},{"id":"sistema-klip-it-rectangular-container","store":"coles","brand":"Sistema","name":"Klip It Rectangular Container 1.9L","price":3.5,"orgPrice":7,"imagePath":"https://shop.coles.com.au/wcsstore/Coles-CAS/images/3/7/1/3717125.jpg","categoryIds":["household"],"packageSize":"","cupPrice":"$3.50 per 1Ea","isAvailable":true,"locations":["sa","qld","nsw"]},{"id":"sheer-relief-trouser-sock-black","store":"coles","brand":"Kolotex","name":"Sheer Relief Trouser Sock Black One size Fits All","price":4,"orgPrice":8,"imagePath":"https://shop.coles.com.au/wcsstore/Coles-CAS/images/8/4/2/8424328.jpg","categoryIds":["household"],"packageSize":"1 pack","cupPrice":"","isAvailable":true,"locations":["sa","qld","nsw"]},{"id":"bonds-skinny-legging-mix-colour-average-talls","store":"coles","brand":"Bonds","name":"Skinny Legging Assorted Colours Average/Tall","price":10,"orgPrice":20,"imagePath":"https://shop.coles.com.au/wcsstore/Coles-CAS/images/1/7/2/1721915.jpg","categoryIds":["household"],"packageSize":"1 pack","cupPrice":"","isAvailable":true,"locations":["sa","qld","nsw"]},{"id":"sistema-klip-it-cracker-container","store":"coles","brand":"Sistema","name":"Klip It Cracker Container 900mL","price":3,"orgPrice":6,"imagePath":"https://shop.coles.com.au/wcsstore/Coles-CAS/images/3/7/1/3717180.jpg","categoryIds":["household"],"packageSize":"","cupPrice":"$3.00 per 1Ea","isAvailable":true,"locations":["sa","qld","nsw"]},{"id":"sistema-klip-it-container-biscuit-box","store":"coles","brand":"Sistema","name":"Klip It Cookie Tub 2.35 Litre","price":4,"orgPrice":8,"imagePath":"https://shop.coles.com.au/wcsstore/Coles-CAS/images/8/1/4/8145233.jpg","categoryIds":["household"],"packageSize":"","cupPrice":"$4.00 per 1ea","isAvailable":true,"locations":["sa","qld","nsw"]},{"id":"bonds-skinny-legging-mix-colour-talls-x-tall","store":"coles","brand":"Bonds","name":"Skinny Legging Assorted Colours Tall/XTall","price":10,"orgPrice":20,"imagePath":"https://shop.coles.com.au/wcsstore/Coles-CAS/images/1/7/2/1721926.jpg","categoryIds":["household"],"packageSize":"1 pack","cupPrice":"","isAvailable":true,"locations":["sa","qld","nsw"]},{"id":"smash-driver-tumbler-560ml","store":"coles","brand":"Smash","name":"Driver Tumbler 560mL","price":7,"orgPrice":14,"imagePath":"https://shop.coles.com.au/wcsstore/Coles-CAS/images/3/3/8/3380597.jpg","categoryIds":["household"],"packageSize":"","cupPrice":"$7.00 per 1Ea","isAvailable":true,"locations":["sa","qld","nsw"]},{"id":"bonds-hosiery-footlets-cotton-rich-size-8-11","store":"coles","brand":"Bonds","name":"No Show Footlets Assorted Colours size 8+","price":2.5,"orgPrice":5,"imagePath":"https://shop.coles.com.au/wcsstore/Coles-CAS/images/5/7/2/5723504.jpg","categoryIds":["household"],"packageSize":"","cupPrice":"$2.50 per 1ea","isAvailable":true,"locations":["sa","qld","nsw"]},{"id":"razzamatazz-nylon-bonezapper-pantyhose-knee-hi","store":"coles","brand":"Razzamatazz","name":"Sheer Reinforced Toe Knee Hi 15 Denier Bonezapper","price":2,"orgPrice":4,"imagePath":"https://shop.coles.com.au/wcsstore/Coles-CAS/images/6/1/2/6123819.jpg","categoryIds":["household"],"packageSize":"2 pack","cupPrice":"$2.00 per 1ea","isAvailable":true,"locations":["sa","qld","nsw"]},{"id":"bonds-ladies-socks-footlet-black-size-4-11","store":"coles","brand":"Bonds","name":"No Show Footlets Black size 4-7","price":2,"orgPrice":4,"imagePath":"https://shop.coles.com.au/wcsstore/Coles-CAS/images/6/7/8/6787580.jpg","categoryIds":["household"],"packageSize":"1 pack","cupPrice":"","isAvailable":true,"locations":["sa","qld","nsw"]},{"id":"razzamatazz-tights-opaque-120-denier-black-average-tall","store":"coles","brand":"Razzamatazz","name":"Opaque Tights 120 Denier Black Small/Medium","price":6,"orgPrice":12,"imagePath":"https://shop.coles.com.au/wcsstore/ColesResponsiveStorefrontAssetStore/dist/ccfc54aed6e361b650bcf0582f7b576b/img/img_product-placeholder.png","categoryIds":["household"],"packageSize":"1 pack","cupPrice":"$6.00 per 1Ea","isAvailable":true,"locations":["sa","qld","nsw"]},{"id":"razzamatazz-tights-opaque-40-denier-black-tall-extra-tall","store":"coles","brand":"Razzamatazz","name":"Elastane Opaque Tights Black 40 Denier Talls-X Tall","price":3.75,"orgPrice":7.5,"imagePath":"https://shop.coles.com.au/wcsstore/Coles-CAS/images/5/9/6/5960259.jpg","categoryIds":["household"],"packageSize":"1 pack","cupPrice":"","isAvailable":true,"locations":["sa","qld","nsw"]},{"id":"bonds-opaque-tight-70-denier-black-average-talls","store":"coles","brand":"Bonds","name":"Comfy Tops Opaque Tights 70 Denier Black Average/Talls","price":6,"orgPrice":12,"imagePath":"https://shop.coles.com.au/wcsstore/Coles-CAS/images/1/7/2/1721880.jpg","categoryIds":["household"],"packageSize":"1 pack","cupPrice":"","isAvailable":true,"locations":["sa","qld","nsw"]},{"id":"decor-bright-healthy-tub-dressing","store":"coles","brand":"Decor","name":"Go Dressing Tubs 35mL","price":2.25,"orgPrice":4.5,"imagePath":"https://shop.coles.com.au/wcsstore/Coles-CAS/images/5/4/0/5407821.jpg","categoryIds":["household"],"packageSize":"6 pack","cupPrice":"$0.38 per 1Ea","isAvailable":true,"locations":["sa","qld","nsw"]},{"id":"sheer-relief-pantyhose-black-extra-tall","store":"coles","brand":"Kolotex","name":"Sheer Relief Pantyhose Black X Tall","price":4,"orgPrice":8,"imagePath":"https://shop.coles.com.au/wcsstore/Coles-CAS/images/1/0/7/1078386.jpg","categoryIds":["household"],"packageSize":"1 pack","cupPrice":"$4.00 per 1ea","isAvailable":true,"locations":["sa","qld","nsw"]},{"id":"bonds-opaque-tights-knee-hi-40-denier-black-1-size","store":"coles","brand":"Bonds","name":"Comfy Tops Semi Opaque Knee Hi 40 Denier Black 1 size","price":2.5,"orgPrice":5,"imagePath":"https://shop.coles.com.au/wcsstore/Coles-CAS/images/2/1/4/2145172.jpg","categoryIds":["household"],"packageSize":"1 pack","cupPrice":"","isAvailable":true,"locations":["sa","qld","nsw"]},{"id":"sistema-ultra-container-700ml","store":"coles","brand":"Sistema","name":"Ultra Clear Tritan Container 700mL","price":4,"orgPrice":8,"imagePath":"https://shop.coles.com.au/wcsstore/Coles-CAS/images/3/6/3/3633138.jpg","categoryIds":["household"],"packageSize":"","cupPrice":"$4.00 per 1Ea","isAvailable":true,"locations":["sa","qld","nsw"]},{"id":"smash-leak-prof-snack-tubes","store":"coles","brand":"Smash","name":"Leak Proof Snack Tubes","price":3.5,"orgPrice":7,"imagePath":"https://shop.coles.com.au/wcsstore/Coles-CAS/images/3/6/4/3649273.jpg","categoryIds":["household"],"packageSize":"3 pack","cupPrice":"$1.17 per 1Ea","isAvailable":true,"locations":["sa","qld","nsw"]},{"id":"sheer-relief-pantyhose-knee-hi-mid-beige-one-size-fits-all","store":"coles","brand":"Kolotex","name":"Sheer Relief Knee Hi Mid Beige One size","price":4,"orgPrice":8,"imagePath":"https://shop.coles.com.au/wcsstore/Coles-CAS/images/8/0/0/8005799.jpg","categoryIds":["household"],"packageSize":"1 pack","cupPrice":"$4.00 per 1ea","isAvailable":true,"locations":["sa","qld","nsw"]},{"id":"sistema-klip-it-container-pack","store":"coles","brand":"Sistema","name":"Klip It Containers 200mL","price":3.1,"orgPrice":6.2,"imagePath":"https://shop.coles.com.au/wcsstore/Coles-CAS/images/7/5/1/7512361.jpg","categoryIds":["household"],"packageSize":"3 pack","cupPrice":"$1.03 per 1Ea","isAvailable":true,"locations":["sa","qld","nsw"]},{"id":"bonds-ladies-socks-footlets-suntan-size-4-7-5696911p","store":"coles","brand":"Bonds","name":"Footlets Tan size 3-8","price":2,"orgPrice":4,"imagePath":"https://shop.coles.com.au/wcsstore/Coles-CAS/images/5/6/9/5696911.jpg","categoryIds":["household"],"packageSize":"1 pack","cupPrice":"$2.00 per 1ea","isAvailable":true,"locations":["sa","qld","nsw"]},{"id":"razzamatazz-socks-sheer-nylon-15-denier-brazen","store":"coles","brand":"Razzamatazz","name":"Value Anklet Socks Tan","price":1.5,"orgPrice":3,"imagePath":"https://shop.coles.com.au/wcsstore/Coles-CAS/images/8/9/6/8966728.jpg","categoryIds":["household"],"packageSize":"2 pack","cupPrice":"$1.50 per 1ea","isAvailable":true,"locations":["sa","nsw"]},{"id":"bonds-opaque-tights-40-denier-knee--hi-nude-1-size","store":"coles","brand":"Bonds","name":"Opaque Tights Knee Hi 40 Denier Nude 1 size","price":2.5,"orgPrice":5,"imagePath":"https://shop.coles.com.au/wcsstore/Coles-CAS/images/2/1/4/2145150.jpg","categoryIds":["household"],"packageSize":"1 pack","cupPrice":"$2.50 per 1ea","isAvailable":true,"locations":["sa","nsw"]},{"id":"bonds-sheer-pantyhose-slim-black-large","store":"coles","brand":"Bonds","name":"Sheer Pantyhose Slim Black Large","price":4,"orgPrice":8,"imagePath":"https://shop.coles.com.au/wcsstore/Coles-CAS/images/2/1/4/2144624.jpg","categoryIds":["household"],"packageSize":"1 pack","cupPrice":"$4.00 per 1ea","isAvailable":true,"locations":["sa","nsw"]},{"id":"sukin-arkie-hand-wash","store":"coles","brand":"Sukin","name":"Arkie Hand Wash","price":4.95,"orgPrice":9.95,"imagePath":"https://shop.coles.com.au/wcsstore/Coles-CAS/images/3/7/1/3714375.jpg","categoryIds":["health-beauty"],"packageSize":"500mL","cupPrice":"$0.99 per 100mL","isAvailable":true,"locations":["sa","qld","nsw"]},{"id":"sukin-revitalising-facial-scrub","store":"coles","brand":"Sukin","name":"Revitalising Facial Scrub","price":6.5,"orgPrice":13,"imagePath":"https://shop.coles.com.au/wcsstore/Coles-CAS/images/2/9/9/2994254.jpg","categoryIds":["health-beauty"],"packageSize":"125mL","cupPrice":"$5.20 per 100mL","isAvailable":true,"locations":["sa","qld","nsw"]},{"id":"sukin-3-step-pack-love-your-skin","store":"coles","brand":"Sukin","name":"3 Step Pack Love Your Skin","price":15,"orgPrice":30,"imagePath":"https://shop.coles.com.au/wcsstore/Coles-CAS/images/3/0/0/3000947.jpg","categoryIds":["health-beauty"],"packageSize":"375mL","cupPrice":"$4.00 per 100mL","isAvailable":true,"locations":["sa","qld","nsw"]},{"id":"pantene-hair-mist-detangler-conditioning","store":"coles","brand":"Pantene","name":"Hair Mist Detangler Conditioning","price":4.25,"orgPrice":8.5,"imagePath":"https://shop.coles.com.au/wcsstore/Coles-CAS/images/3/7/2/3723627.jpg","categoryIds":["health-beauty"],"packageSize":"252mL","cupPrice":"$1.69 per 100mL","isAvailable":true,"locations":["sa","qld","nsw"]},{"id":"herbal-essences-drama-clean-shampoo","store":"coles","brand":"Herbal Essences","name":"Shampoo Drama Clean","price":2.75,"orgPrice":5.5,"imagePath":"https://shop.coles.com.au/wcsstore/Coles-CAS/images/5/8/9/5891881.jpg","categoryIds":["health-beauty"],"packageSize":"300mL","cupPrice":"$0.92 per 100mL","isAvailable":true,"locations":["sa","nsw"]},{"id":"sukin-certified-organic-rose-hip-oil","store":"coles","brand":"Sukin","name":"Certified Organic Rose Hip Oil","price":13.5,"orgPrice":27,"imagePath":"https://shop.coles.com.au/wcsstore/Coles-CAS/images/2/9/9/2994469.jpg","categoryIds":["health-beauty"],"packageSize":"25mL","cupPrice":"$54.00 per 100mL","isAvailable":true,"locations":["sa","nsw"]},{"id":"oral-b-kids-toothpaste-frozen","store":"coles","brand":"Oral-B","name":"Frozen Kids Toothpaste With Sugar Shield  3+ Years","price":1.75,"orgPrice":3.5,"imagePath":"https://shop.coles.com.au/wcsstore/Coles-CAS/images/3/4/0/3401744.jpg","categoryIds":["health-beauty"],"packageSize":"92g","cupPrice":"$1.90 per 100G","isAvailable":true,"locations":["sa","nsw"]},{"id":"sukin-botanical-body-wash-lime-coconut","store":"coles","brand":"Sukin","name":"Botanical Body Wash Lime & Coconut","price":4.97,"orgPrice":9.95,"imagePath":"https://shop.coles.com.au/wcsstore/Coles-CAS/images/3/7/1/3714320.jpg","categoryIds":["health-beauty"],"packageSize":"500mL","cupPrice":"$0.99 per 100mL","isAvailable":true,"locations":["sa","nsw"]},{"id":"dove-conditioner-ritual-coconut-oil-tumeric","store":"coles","brand":"Dove","name":"Restoring Ritual Conditioner Coconut Oil & Turmeric","price":5.95,"orgPrice":11.9,"imagePath":"https://shop.coles.com.au/wcsstore/Coles-CAS/images/3/1/5/3157585.jpg","categoryIds":["health-beauty"],"packageSize":"640mL","cupPrice":"$0.93 per 100mL","isAvailable":true,"locations":["sa","nsw"]},{"id":"dove-shampoo-ritual-coconut-oil-tumeric-3157257p","store":"coles","brand":"Dove","name":"Restoring Ritual Shampoo Coconut Oil & Turmeric","price":5.95,"orgPrice":11.9,"imagePath":"https://shop.coles.com.au/wcsstore/Coles-CAS/images/3/1/5/3157257.jpg","categoryIds":["health-beauty"],"packageSize":"640mL","cupPrice":"$0.93 per 100mL","isAvailable":true,"locations":["sa","nsw"]},{"id":"sukin-blemish-control-kit","store":"coles","brand":"Sukin","name":"Blemish Control Kit","price":15,"orgPrice":30,"imagePath":"https://shop.coles.com.au/wcsstore/Coles-CAS/images/3/5/3/3532200.jpg","categoryIds":["health-beauty"],"packageSize":"","cupPrice":"$15.00 per 1Ea","isAvailable":true,"locations":["sa","nsw"]},{"id":"sukin-hydration-rehyd-gel-day-cream-60ml","store":"coles","brand":"Sukin","name":"Hydration Rehydrating Gel Day Cream 60ml","price":11.5,"orgPrice":23,"imagePath":"https://shop.coles.com.au/wcsstore/Coles-CAS/images/3/7/2/3728799.jpg","categoryIds":["health-beauty"],"packageSize":"","cupPrice":"$19.17 per 100mL","isAvailable":true,"locations":["sa","nsw"]},{"id":"sukin-hydration-deply-hydrating-shet-mask","store":"coles","brand":"Sukin","name":"Hydration Deeply Hydrating Sheet Mask","price":4.5,"orgPrice":9,"imagePath":"https://shop.coles.com.au/wcsstore/Coles-CAS/images/3/7/3/3735706.jpg","categoryIds":["health-beauty"],"packageSize":"1 pack","cupPrice":"$4.50 per 1Ea","isAvailable":true,"locations":["sa","nsw"]},{"id":"sukin-cream-cleanser-pump","store":"coles","brand":"Sukin","name":"Cream Cleanser Pump","price":6.5,"orgPrice":13,"imagePath":"https://shop.coles.com.au/wcsstore/Coles-CAS/images/2/9/9/2994265.jpg","categoryIds":["health-beauty"],"packageSize":"125mL","cupPrice":"$5.20 per 100mL","isAvailable":true,"locations":["sa","nsw"]},{"id":"oral-b-stages-3-toothbrush-5-7-years","store":"coles","brand":"Oral-B","name":"Stages 3 Toothbrush 5-7 Years","price":1.77,"orgPrice":3.55,"imagePath":"https://shop.coles.com.au/wcsstore/Coles-CAS/images/2/8/6/2869015.jpg","categoryIds":["health-beauty"],"packageSize":"1 pack","cupPrice":"$1.77 per 1Ea","isAvailable":true,"locations":["sa","nsw"]},{"id":"herbal-essences-drama-clean-conditioner","store":"coles","brand":"Herbal Essences","name":"Drama Clean Conditioner","price":2.75,"orgPrice":5.5,"imagePath":"https://shop.coles.com.au/wcsstore/Coles-CAS/images/5/8/9/5891531.jpg","categoryIds":["health-beauty"],"packageSize":"300mL","cupPrice":"$0.92 per 100mL","isAvailable":true,"locations":["sa","nsw"]},{"id":"sukin-sensitive-calming-night-cream","store":"coles","brand":"Sukin","name":"Sensitive Calming Night Cream","price":10.5,"orgPrice":21,"imagePath":"https://shop.coles.com.au/wcsstore/Coles-CAS/images/2/9/9/2994571.jpg","categoryIds":["health-beauty"],"packageSize":"120mL","cupPrice":"$8.40 per 100mL","isAvailable":true,"locations":["sa","nsw"]},{"id":"sukin-sensitive-sensitive-facial-moisturiser","store":"coles","brand":"Sukin","name":"Sensitive Facial Moisturiser","price":6.5,"orgPrice":13,"imagePath":"https://shop.coles.com.au/wcsstore/Coles-CAS/images/2/9/9/2994560.jpg","categoryIds":["health-beauty"],"packageSize":"125mL","cupPrice":"$5.20 per 100mL","isAvailable":true,"locations":["sa","nsw"]},{"id":"oral-b-stages-toothpaste","store":"coles","brand":"Oral-B","name":"Stages Berry Bubble Toothpaste For Kids","price":2,"orgPrice":4,"imagePath":"https://shop.coles.com.au/wcsstore/Coles-CAS/images/2/8/6/2869026.jpg","categoryIds":["health-beauty"],"packageSize":"92g","cupPrice":"$2.17 per 100G","isAvailable":true,"locations":["sa","nsw"]},{"id":"oral-b-stages-2-toothbrush-2-4-years","store":"coles","brand":"Oral-B","name":"Stages 2 Kids Toothbrush 2-4 Years","price":1.77,"orgPrice":3.55,"imagePath":"https://shop.coles.com.au/wcsstore/Coles-CAS/images/2/8/6/2869004.jpg","categoryIds":["health-beauty"],"packageSize":"1 pack","cupPrice":"$1.77 per 1Ea","isAvailable":true,"locations":["sa","nsw"]},{"id":"sukin-clearing-facial-wash","store":"coles","brand":"Sukin","name":"Blemish Control Facial Wash","price":8,"orgPrice":16,"imagePath":"https://shop.coles.com.au/wcsstore/Coles-CAS/images/3/5/3/3532141.jpg","categoryIds":["health-beauty"],"packageSize":"125mL","cupPrice":"$6.40 per 100mL","isAvailable":true,"locations":["sa","nsw"]},{"id":"pantene-micellar-rose-water-shampo-3724175p","store":"coles","brand":"Pantene","name":"Micellar Rose Water Shampoo","price":9,"orgPrice":18,"imagePath":"https://shop.coles.com.au/wcsstore/Coles-CAS/images/3/7/2/3724175.jpg","categoryIds":["health-beauty"],"packageSize":"530mL","cupPrice":"$1.70 per 100mL","isAvailable":true,"locations":["sa","nsw"]},{"id":"pantene-classic-clean-shampoo","store":"coles","brand":"Pantene","name":"Pro-V Classic Clean Shampoo","price":8.5,"orgPrice":17,"imagePath":"https://shop.coles.com.au/wcsstore/Coles-CAS/images/2/2/9/2290466.jpg","categoryIds":["health-beauty"],"packageSize":"900mL","cupPrice":"$0.94 per 100mL","isAvailable":true,"locations":["sa","nsw"]},{"id":"sukin-volumising-shampoo","store":"coles","brand":"Sukin","name":"Volumising Shampoo","price":9,"orgPrice":18,"imagePath":"https://shop.coles.com.au/wcsstore/Coles-CAS/images/2/9/9/2994072.jpg","categoryIds":["health-beauty"],"packageSize":"500mL","cupPrice":"$1.80 per 100mL","isAvailable":true,"locations":["sa","nsw"]},{"id":"sukin-hydrating-body-lotion-lime-coconut","store":"coles","brand":"Sukin","name":"Hydrating Body Lotion Lime & Coconut","price":10.5,"orgPrice":21,"imagePath":"https://shop.coles.com.au/wcsstore/Coles-CAS/images/3/0/0/3002320.jpg","categoryIds":["health-beauty"],"packageSize":"500mL","cupPrice":"$2.10 per 100mL","isAvailable":true,"locations":["sa","nsw"]},{"id":"sukin-rosehip-oil-enriching-night-cream","store":"coles","brand":"Sukin","name":"Rosehip Enriching Night Cream","price":12.5,"orgPrice":25,"imagePath":"https://shop.coles.com.au/wcsstore/Coles-CAS/images/3/4/7/3477010.jpg","categoryIds":["health-beauty"],"packageSize":"120mL","cupPrice":"$10.42 per 100mL","isAvailable":true,"locations":["sa","nsw"]},{"id":"gillette-fusion-proglide-active-sport-sensitive-shave-gel","store":"coles","brand":"Gillette","name":"Fusion ProGlide Sensitive Shaving Gel Active Sport","price":4.25,"orgPrice":8.5,"imagePath":"https://shop.coles.com.au/wcsstore/Coles-CAS/images/2/2/3/2237667.jpg","categoryIds":["health-beauty"],"packageSize":"170g","cupPrice":"$2.50 per 100G","isAvailable":true,"locations":["sa","nsw"]},{"id":"sukin-hydrating-body-lotion","store":"coles","brand":"Sukin","name":"Hydrating Body Lotion","price":10.5,"orgPrice":21,"imagePath":"https://shop.coles.com.au/wcsstore/Coles-CAS/images/2/9/9/2994630.jpg","categoryIds":["health-beauty"],"packageSize":"500mL","cupPrice":"$2.10 per 100mL","isAvailable":true,"locations":["sa","nsw"]},{"id":"sukin-hydrating-day-cream-with-rosehip","store":"coles","brand":"Sukin","name":"Hydrating Day Cream With Rosehip","price":12.5,"orgPrice":25,"imagePath":"https://shop.coles.com.au/wcsstore/Coles-CAS/images/2/9/9/2994550.jpg","categoryIds":["health-beauty"],"packageSize":"120mL","cupPrice":"$10.42 per 100mL","isAvailable":true,"locations":["sa","nsw"]},{"id":"gillette-blue-11-plus-razors","store":"coles","brand":"Gillette","name":"Blue 11 Plus Razors","price":8.25,"orgPrice":16.5,"imagePath":"https://shop.coles.com.au/wcsstore/Coles-CAS/images/4/7/0/4702826.jpg","categoryIds":["health-beauty"],"packageSize":"20 pack","cupPrice":"$0.41 per 1Ea","isAvailable":true,"locations":["sa","nsw"]},{"id":"sukin-lime-coconut-hand-cream","store":"coles","brand":"Sukin","name":"Lime & Coconut Hand & Nail Cream","price":5.5,"orgPrice":11,"imagePath":"https://shop.coles.com.au/wcsstore/Coles-CAS/images/3/4/3/3439361.jpg","categoryIds":["health-beauty"],"packageSize":"125mL","cupPrice":"$4.40 per 100mL","isAvailable":true,"locations":["sa","nsw"]},{"id":"pantene-micellar-rose-water-conditioner","store":"coles","brand":"Pantene","name":"Micellar Rose Water Conditioner","price":9,"orgPrice":18,"imagePath":"https://shop.coles.com.au/wcsstore/Coles-CAS/images/3/7/2/3724186.jpg","categoryIds":["health-beauty"],"packageSize":"530mL","cupPrice":"$1.70 per 100mL","isAvailable":true,"locations":["sa","nsw"]},{"id":"beckham-instinct-deodorant-body-spray","store":"coles","brand":"Beckham","name":"Instinct Deodorant Body Spray","price":4,"orgPrice":8,"imagePath":"https://shop.coles.com.au/wcsstore/Coles-CAS/images/2/6/4/2649267.jpg","categoryIds":["health-beauty"],"packageSize":"150mL","cupPrice":"$2.67 per 100mL","isAvailable":true,"locations":["sa","nsw"]},{"id":"oral-b--frozen-power-vitality-kids-toothbrush","store":"coles","brand":"Oral-B","name":"Frozen Stages Power Soft Electric Toothbrush 5+ Years","price":22.5,"orgPrice":45,"imagePath":"https://shop.coles.com.au/wcsstore/Coles-CAS/images/2/8/6/2868985.jpg","categoryIds":["health-beauty"],"packageSize":"1 pack","cupPrice":"$22.50 per 1Ea","isAvailable":true,"locations":["sa","nsw"]},{"id":"sukin-moisture-restoring-night-cream","store":"coles","brand":"Sukin","name":"Moisture Restoring Night Cream","price":10,"orgPrice":20,"imagePath":"https://shop.coles.com.au/wcsstore/Coles-CAS/images/2/9/9/2994538.jpg","categoryIds":["health-beauty"],"packageSize":"120mL","cupPrice":"$8.33 per 100mL","isAvailable":true,"locations":["sa","nsw"]},{"id":"sukin-for-men-facial-moisturiser","store":"coles","brand":"Sukin","name":"Facial Moisturiser For Men","price":8,"orgPrice":16,"imagePath":"https://shop.coles.com.au/wcsstore/Coles-CAS/images/3/1/2/3128565.jpg","categoryIds":["health-beauty"],"packageSize":"225mL","cupPrice":"$3.56 per 100mL","isAvailable":true,"locations":["sa","nsw"]},{"id":"pantene-micellar-rose-water-shampo","store":"coles","brand":"Pantene","name":"Micellar Rose Water Shampoo","price":6.5,"orgPrice":13,"imagePath":"https://shop.coles.com.au/wcsstore/Coles-CAS/images/3/7/2/3723977.jpg","categoryIds":["health-beauty"],"packageSize":"300mL","cupPrice":"$2.17 per 100mL","isAvailable":true,"locations":["sa","nsw"]},{"id":"sukin-rosehip-facial-scrub","store":"coles","brand":"Sukin","name":"Rosehip Facial Scrub","price":8,"orgPrice":16,"imagePath":"https://shop.coles.com.au/wcsstore/Coles-CAS/images/3/7/3/3735692.jpg","categoryIds":["health-beauty"],"packageSize":"125mL","cupPrice":"$0.64 per 10mL","isAvailable":true,"locations":["sa","nsw"]},{"id":"sukin-hand-nail-cream-tube","store":"coles","brand":"Sukin","name":"Hand & Nail Cream Tube","price":5.5,"orgPrice":11,"imagePath":"https://shop.coles.com.au/wcsstore/Coles-CAS/images/2/9/9/2998029.jpg","categoryIds":["health-beauty"],"packageSize":"125mL","cupPrice":"$4.40 per 100mL","isAvailable":true,"locations":["sa","nsw"]},{"id":"brut-antiperspirant-defiance-for-men","store":"coles","brand":"Brut","name":"Antiperspirant Defiance Deodorant For Men","price":3.15,"orgPrice":6.3,"imagePath":"https://shop.coles.com.au/wcsstore/Coles-CAS/images/3/1/4/3140800.jpg","categoryIds":["health-beauty"],"packageSize":"254mL","cupPrice":"$1.29 per 100mL","isAvailable":true,"locations":["sa","nsw"]},{"id":"sukin-spot-banishing-gel","store":"coles","brand":"Sukin","name":"Blemish Control Spot Banishing Gel","price":8,"orgPrice":16,"imagePath":"https://shop.coles.com.au/wcsstore/Coles-CAS/images/3/5/3/3532120.jpg","categoryIds":["health-beauty"],"packageSize":"15mL","cupPrice":"$5.33 per 10mL","isAvailable":true,"locations":["sa","nsw"]},{"id":"pantene-3-minute-miracle-treatment-ampoules","store":"coles","brand":"Pantene","name":"Pro V Intense Rescue Shots Ampoules Treatment","price":4.5,"orgPrice":9,"imagePath":"https://shop.coles.com.au/wcsstore/Coles-CAS/images/3/6/1/3611215.jpg","categoryIds":["health-beauty"],"packageSize":"45mL","cupPrice":"$10.00 per 100mL","isAvailable":true,"locations":["sa","nsw"]},{"id":"pantene-micellar-rose-water-conditioner-3723988p","store":"coles","brand":"Pantene","name":"Micellar Rose Water Conditioner","price":6.5,"orgPrice":13,"imagePath":"https://shop.coles.com.au/wcsstore/Coles-CAS/images/3/7/2/3723988.jpg","categoryIds":["health-beauty"],"packageSize":"300mL","cupPrice":"$2.17 per 100mL","isAvailable":true,"locations":["sa","nsw"]},{"id":"pantene-aqualight-shampoo","store":"coles","brand":"Pantene","name":"Aqualight Shampoo","price":8.5,"orgPrice":17,"imagePath":"https://shop.coles.com.au/wcsstore/Coles-CAS/images/2/2/9/2290488.jpg","categoryIds":["health-beauty"],"packageSize":"900mL","cupPrice":"$0.94 per 100mL","isAvailable":true,"locations":["sa","nsw"]},{"id":"beckham-classic-man-deodorant-body-spray","store":"coles","brand":"Beckham","name":"Classic Man Deodorant Body Spray","price":4,"orgPrice":8,"imagePath":"https://shop.coles.com.au/wcsstore/Coles-CAS/images/2/6/4/2649256.jpg","categoryIds":["health-beauty"],"packageSize":"150mL","cupPrice":"$2.67 per 100mL","isAvailable":true,"locations":["sa","nsw"]},{"id":"sukin-volumising-conditioner","store":"coles","brand":"Sukin","name":"Volumising Conditioner","price":9,"orgPrice":18,"imagePath":"https://shop.coles.com.au/wcsstore/Coles-CAS/images/2/9/9/2994120.jpg","categoryIds":["health-beauty"],"packageSize":"500mL","cupPrice":"$1.80 per 100mL","isAvailable":true,"locations":["sa","nsw"]},{"id":"oral-b-junior-toothpaste-star-wars","store":"coles","brand":"Oral-B","name":"Star Wars Junior Toothpaste 6+ Years","price":1.75,"orgPrice":3.5,"imagePath":"https://shop.coles.com.au/wcsstore/Coles-CAS/images/3/4/0/3401733.jpg","categoryIds":["health-beauty"],"packageSize":"92g","cupPrice":"$1.90 per 100G","isAvailable":true,"locations":["sa","nsw"]},{"id":"sukin-oil-free-moisturiser","store":"coles","brand":"Sukin","name":"Blemish Control Oil Free Moisturiser","price":8,"orgPrice":16,"imagePath":"https://shop.coles.com.au/wcsstore/Coles-CAS/images/3/5/3/3532174.jpg","categoryIds":["health-beauty"],"packageSize":"125mL","cupPrice":"$6.40 per 100mL","isAvailable":true,"locations":["sa","nsw"]},{"id":"pantene-long-strong-hair-conditioner","store":"coles","brand":"Pantene","name":"Long & Strong Conditioner","price":8.5,"orgPrice":17,"imagePath":"https://shop.coles.com.au/wcsstore/Coles-CAS/images/2/9/4/2940266.jpg","categoryIds":["health-beauty"],"packageSize":"900mL","cupPrice":"$0.94 per 100mL","isAvailable":true,"locations":["sa","nsw"]},{"id":"herbal-essences-bio-renew-white-grapefruit-mosa-mint-shampoo","store":"coles","brand":"Herbal Essences","name":"Bio Renew White Grapefruit & Mosa Mint Shampoo","price":5.5,"orgPrice":11,"imagePath":"https://shop.coles.com.au/wcsstore/Coles-CAS/images/3/0/0/3004880.jpg","categoryIds":["health-beauty"],"packageSize":"400mL","cupPrice":"$1.38 per 100mL","isAvailable":true,"locations":["sa","nsw"]},{"id":"sukin-for-men-facial-scrub","store":"coles","brand":"Sukin","name":"Facial Scrub For Men","price":8,"orgPrice":16,"imagePath":"https://shop.coles.com.au/wcsstore/Coles-CAS/images/3/1/2/3128485.jpg","categoryIds":["health-beauty"],"packageSize":"125mL","cupPrice":"$6.40 per 100mL","isAvailable":true,"locations":["sa","nsw"]},{"id":"sukin-bergamot-patchouli-body-lotion","store":"coles","brand":"Sukin","name":"Bergamot & Patchouli Hydrating Body Lotion","price":10.5,"orgPrice":21,"imagePath":"https://shop.coles.com.au/wcsstore/Coles-CAS/images/3/4/4/3440586.jpg","categoryIds":["health-beauty"],"packageSize":"500mL","cupPrice":"$2.10 per 100mL","isAvailable":true,"locations":["sa","nsw"]},{"id":"schwarzkopf-nordic-blonde-c3-anti-yellow-toner","store":"coles","brand":"Schwarzkopf","name":"C3 Nordic Blonde Anti-Yellow Toner","price":6.5,"orgPrice":13,"imagePath":"https://shop.coles.com.au/wcsstore/Coles-CAS/images/3/6/1/3617018.jpg","categoryIds":["health-beauty"],"packageSize":"200mL","cupPrice":"$3.25 per 100mL","isAvailable":true,"locations":["sa","nsw"]},{"id":"sukin-shampoo-sensitive-micellar","store":"coles","brand":"Sukin","name":"Haircare Sensitive Micellar Shampoo","price":9,"orgPrice":18,"imagePath":"https://shop.coles.com.au/wcsstore/Coles-CAS/images/3/6/3/3632270.jpg","categoryIds":["health-beauty"],"packageSize":"500mL","cupPrice":"$1.80 per 100mL","isAvailable":true,"locations":["sa","nsw"]},{"id":"herbal-essences-sulp-fre-shampo-honey-vit-b","store":"coles","brand":"Herbal Essences","name":"Sulphate-Free Honey & Vitamin B Shampoo","price":7,"orgPrice":14,"imagePath":"https://shop.coles.com.au/wcsstore/Coles-CAS/images/3/7/2/3724211.jpg","categoryIds":["health-beauty"],"packageSize":"360mL","cupPrice":"$1.94 per 100mL","isAvailable":true,"locations":["sa","nsw"]},{"id":"gillette-series-shave-gel-moisturising-with-glycerine","store":"coles","brand":"Gillette","name":"Series Moisturising Shaving Gel","price":3.1,"orgPrice":6.2,"imagePath":"https://shop.coles.com.au/wcsstore/Coles-CAS/images/7/1/0/7104456.jpg","categoryIds":["health-beauty"],"packageSize":"195g","cupPrice":"$1.59 per 100G","isAvailable":true,"locations":["sa","nsw"]},{"id":"pantene-classic-clean-conditioner","store":"coles","brand":"Pantene","name":"Pro-V Classic Clean Conditioner","price":8.5,"orgPrice":17,"imagePath":"https://shop.coles.com.au/wcsstore/Coles-CAS/images/2/2/9/2290477.jpg","categoryIds":["health-beauty"],"packageSize":"900mL","cupPrice":"$0.94 per 100mL","isAvailable":true,"locations":["sa","nsw"]},{"id":"beckham-instinct-sport-man-body-spray","store":"coles","brand":"David Beckham","name":"Instinct Sport Deodorant Spray","price":4,"orgPrice":8,"imagePath":"https://shop.coles.com.au/wcsstore/Coles-CAS/images/3/1/3/3138525.jpg","categoryIds":["health-beauty"],"packageSize":"150mL","cupPrice":"$2.67 per 100mL","isAvailable":true,"locations":["sa","nsw"]},{"id":"schwarzkopf-got2b-blow-dry-spray-guardian-angel","store":"coles","brand":"Schwarzkopf","name":"Got2b Guardian Angel Heat Protection Spray","price":6.5,"orgPrice":13,"imagePath":"https://shop.coles.com.au/wcsstore/Coles-CAS/images/3/5/3/3534985.jpg","categoryIds":["health-beauty"],"packageSize":"200mL","cupPrice":"$3.25 per 100mL","isAvailable":true,"locations":["sa","nsw"]},{"id":"sukin-rosehip-cream-cleanser","store":"coles","brand":"Sukin","name":"Rosehip Nourishing Cream Cleanser","price":8,"orgPrice":16,"imagePath":"https://shop.coles.com.au/wcsstore/Coles-CAS/images/3/4/7/3477043.jpg","categoryIds":["health-beauty"],"packageSize":"125mL","cupPrice":"$6.40 per 100mL","isAvailable":true,"locations":["sa","nsw"]},{"id":"gillette-fusion-hydra-gel-sensitive-skin","store":"coles","brand":"Gillette","name":"Fusion Hydra Shaving Gel Sensitive Skin","price":3.75,"orgPrice":7.5,"imagePath":"https://shop.coles.com.au/wcsstore/Coles-CAS/images/5/6/2/5626100.jpg","categoryIds":["health-beauty"],"packageSize":"195g","cupPrice":"$1.92 per 100G","isAvailable":true,"locations":["sa","nsw"]},{"id":"gillette-mach-3-extra-comfort-shave-gel","store":"coles","brand":"Gillette","name":"Mach 3 Extra Comfort Shave Gel","price":3.15,"orgPrice":6.3,"imagePath":"https://shop.coles.com.au/wcsstore/Coles-CAS/images/2/8/6/2861910.jpg","categoryIds":["health-beauty"],"packageSize":"195g","cupPrice":"$1.62 per 100G","isAvailable":true,"locations":["sa","nsw"]},{"id":"herbal-essences-bio-renew-white-grapefruit-mosa-mint-conditioner","store":"coles","brand":"Herbal Essences","name":"Bio Renew White Grapefruit & Mosa Mint Conditioner","price":5.5,"orgPrice":11,"imagePath":"https://shop.coles.com.au/wcsstore/Coles-CAS/images/3/0/0/3004948.jpg","categoryIds":["health-beauty"],"packageSize":"400mL","cupPrice":"$1.38 per 100mL","isAvailable":true,"locations":["sa","nsw"]},{"id":"herbal-essences-bio-renew-conditioner-golden-moringa-oil","store":"coles","brand":"Herbal Essences","name":"Bio Renew Smooth Golden Moringa Oil Conditioner","price":5.5,"orgPrice":11,"imagePath":"https://shop.coles.com.au/wcsstore/Coles-CAS/images/3/0/0/3004926.jpg","categoryIds":["health-beauty"],"packageSize":"400mL","cupPrice":"$1.38 per 100mL","isAvailable":true,"locations":["sa","nsw"]},{"id":"herbal-essences-smooth-golden-moringa-oil-shampoo","store":"coles","brand":"Herbal Essences","name":"Bio Renew Smooth Golden Moringa Oil Shampoo","price":5.5,"orgPrice":11,"imagePath":"https://shop.coles.com.au/wcsstore/Coles-CAS/images/3/0/0/3004868.jpg","categoryIds":["health-beauty"],"packageSize":"400mL","cupPrice":"$1.38 per 100mL","isAvailable":true,"locations":["sa","nsw"]},{"id":"beckham-classic-blue-man-body-spray","store":"coles","brand":"David Beckham","name":"Classic Blue Man Deodorant Spray","price":4,"orgPrice":8,"imagePath":"https://shop.coles.com.au/wcsstore/Coles-CAS/images/3/1/1/3111609.jpg","categoryIds":["health-beauty"],"packageSize":"150mL","cupPrice":"$2.67 per 100mL","isAvailable":true,"locations":["sa","nsw"]},{"id":"sukin-for-men-body-wash","store":"coles","brand":"Sukin","name":"Body Wash For Men","price":7,"orgPrice":14,"imagePath":"https://shop.coles.com.au/wcsstore/Coles-CAS/images/3/1/2/3128601.jpg","categoryIds":["health-beauty"],"packageSize":"500mL","cupPrice":"$1.40 per 100mL","isAvailable":true,"locations":["sa","nsw"]},{"id":"sukin-green-tea-hydrating-mist-toner","store":"coles","brand":"Sukin","name":"Green Tea Hydrating Mist Toner","price":6.5,"orgPrice":13,"imagePath":"https://shop.coles.com.au/wcsstore/Coles-CAS/images/3/4/4/3440611.jpg","categoryIds":["health-beauty"],"packageSize":"125mL","cupPrice":"$5.20 per 100mL","isAvailable":true,"locations":["sa","nsw"]},{"id":"sukin-pore-perfecting-toner","store":"coles","brand":"Sukin","name":"Blemish Control Pore Perfecting Toner","price":8,"orgPrice":16,"imagePath":"https://shop.coles.com.au/wcsstore/Coles-CAS/images/3/5/3/3532196.jpg","categoryIds":["health-beauty"],"packageSize":"125mL","cupPrice":"$6.40 per 100mL","isAvailable":true,"locations":["sa","nsw"]},{"id":"sukin-conditioner-sensitive-micellar","store":"coles","brand":"Sukin","name":"Haircare Sensitive Micellar Conditioner","price":9,"orgPrice":18,"imagePath":"https://shop.coles.com.au/wcsstore/Coles-CAS/images/3/6/3/3632317.jpg","categoryIds":["health-beauty"],"packageSize":"500mL","cupPrice":"$1.80 per 100mL","isAvailable":true,"locations":["sa","nsw"]},{"id":"herbal-essences-sulp-fre-conditioner-honey-vit-b","store":"coles","brand":"Herbal Essences","name":"Sulphate-Free Honey & Vitamin B Conditioner","price":7,"orgPrice":14,"imagePath":"https://shop.coles.com.au/wcsstore/Coles-CAS/images/3/7/2/3724244.jpg","categoryIds":["health-beauty"],"packageSize":"400mL","cupPrice":"$1.75 per 100mL","isAvailable":true,"locations":["sa","nsw"]},{"id":"sukin-sher-touch-facial-sunscren-light-med-spf30","store":"coles","brand":"Sukin","name":"Sheer Touch Facial Sunscreen Light/Medium SPF30","price":12.5,"orgPrice":25,"imagePath":"https://shop.coles.com.au/wcsstore/Coles-CAS/images/3/7/2/3728802.jpg","categoryIds":["health-beauty"],"packageSize":"60mL","cupPrice":"$20.83 per 100mL","isAvailable":true,"locations":["sa","nsw"]},{"id":"brut-splash-on-deodorant-for-men","store":"coles","brand":"Brut","name":"Splash On Deodorant For Men","price":5,"orgPrice":10,"imagePath":"https://shop.coles.com.au/wcsstore/Coles-CAS/images/1/0/2/102849.jpg","categoryIds":["health-beauty"],"packageSize":"200mL","cupPrice":"$2.50 per 100mL","isAvailable":true,"locations":["sa","nsw"]},{"id":"brut-endurance-fresh-shower-gel","store":"coles","brand":"Brut","name":"Endurance Fresh Shower Gel","price":3.15,"orgPrice":6.3,"imagePath":"https://shop.coles.com.au/wcsstore/Coles-CAS/images/2/2/7/2276603.jpg","categoryIds":["health-beauty"],"packageSize":"400mL","cupPrice":"$0.79 per 100mL","isAvailable":true,"locations":["sa","nsw"]},{"id":"pantene-aqualight-conditioner","store":"coles","brand":"Pantene","name":"Aqualight Conditioner","price":8.5,"orgPrice":17,"imagePath":"https://shop.coles.com.au/wcsstore/Coles-CAS/images/2/2/9/2290502.jpg","categoryIds":["health-beauty"],"packageSize":"900mL","cupPrice":"$0.94 per 100mL","isAvailable":true,"locations":["sa","nsw"]},{"id":"pantene-nature-fusion-shampoo-2290513p","store":"coles","brand":"Pantene","name":"Nature Fusion Shampoo","price":8.5,"orgPrice":17,"imagePath":"https://shop.coles.com.au/wcsstore/Coles-CAS/images/2/2/9/2290513.jpg","categoryIds":["health-beauty"],"packageSize":"900mL","cupPrice":"$0.94 per 100mL","isAvailable":true,"locations":["sa","nsw"]},{"id":"pantene-nature-fusion-conditioner-2290524p","store":"coles","brand":"Pantene","name":"Nature Fusion Conditioner","price":8.5,"orgPrice":17,"imagePath":"https://shop.coles.com.au/wcsstore/Coles-CAS/images/2/2/9/2290524.jpg","categoryIds":["health-beauty"],"packageSize":"900mL","cupPrice":"$0.94 per 100mL","isAvailable":true,"locations":["sa","nsw"]},{"id":"dove-shampoo-mens-2-in-1-daily-deep-clean","store":"coles","brand":"Dove","name":"Men+Care Shampoo Daily Deep Clean 2 in 1","price":3.25,"orgPrice":6.5,"imagePath":"https://shop.coles.com.au/wcsstore/Coles-CAS/images/1/2/5/1257159.jpg","categoryIds":["health-beauty"],"packageSize":"300mL","cupPrice":"$1.08 per 100mL","isAvailable":true,"locations":["sa","nsw"]},{"id":"gillette-fusion-proglide-ocean-cool-sensitive-shave-gel","store":"coles","brand":"Gillette","name":"Fusion ProGlide Sensitive Shaving Gel Ocean Cool","price":4.25,"orgPrice":8.5,"imagePath":"https://shop.coles.com.au/wcsstore/Coles-CAS/images/2/2/3/2237645.jpg","categoryIds":["health-beauty"],"packageSize":"170g","cupPrice":"$2.50 per 100G","isAvailable":true,"locations":["sa","nsw"]},{"id":"gillette-venus-violet-swirl-shaving-gel","store":"coles","brand":"Gillette","name":"Venus Satin Care with a Touch of Olay Violet Swirl Shaving Gel","price":4,"orgPrice":8,"imagePath":"https://shop.coles.com.au/wcsstore/Coles-CAS/images/2/5/0/2507251.jpg","categoryIds":["health-beauty"],"packageSize":"195g","cupPrice":"$2.05 per 100G","isAvailable":true,"locations":["sa","nsw"]},{"id":"pantene-long-strong-shampoo-2940120p","store":"coles","brand":"Pantene","name":"Long & Strong Shampoo","price":8.5,"orgPrice":17,"imagePath":"https://shop.coles.com.au/wcsstore/Coles-CAS/images/2/9/4/2940120.jpg","categoryIds":["health-beauty"],"packageSize":"900mL","cupPrice":"$0.94 per 100mL","isAvailable":true,"locations":["sa","nsw"]},{"id":"dove-daily-care-shampoo","store":"coles","brand":"Dove","name":"Daily Care Shampoo","price":3.45,"orgPrice":6.9,"imagePath":"https://shop.coles.com.au/wcsstore/Coles-CAS/images/2/9/3/2939041.jpg","categoryIds":["health-beauty"],"packageSize":"320mL","cupPrice":"$1.08 per 100mL","isAvailable":true,"locations":["sa","nsw"]},{"id":"gillette-sensor-3-razors-comfortgel-disposable-3584156p","store":"coles","brand":"Gillette","name":"Sensor 3 Comfort Disposable Razors","price":8,"orgPrice":16,"imagePath":"https://shop.coles.com.au/wcsstore/Coles-CAS/images/3/5/8/3584156.jpg","categoryIds":["health-beauty"],"packageSize":"12 pack","cupPrice":"$0.67 per 1Ea","isAvailable":true,"locations":["sa","nsw"]},{"id":"bulls-eye-tangy-tomato-bbq-sauce","store":"coles","brand":"Bull's-Eye","name":"Tangy Tomato BBQ Sauce","price":2,"orgPrice":4,"imagePath":"https://shop.coles.com.au/wcsstore/Coles-CAS/images/3/4/9/3499217.jpg","categoryIds":["pantry"],"packageSize":"300mL","cupPrice":"$0.67 per 100mL","isAvailable":true,"locations":["nsw"]},{"id":"monster-mango-energy-drink-4-pack","store":"coles","brand":"Monster","name":"Mango Loco Energy Juice Multipack Cans 500mL","price":6.25,"orgPrice":12.5,"imagePath":"https://shop.coles.com.au/wcsstore/Coles-CAS/images/3/2/9/3290712.jpg","categoryIds":["drinks"],"packageSize":"4 Pack","cupPrice":"$3.13 per 1L","isAvailable":true,"locations":["nsw"]},{"id":"monster-pipeline-punch-3504328p","store":"coles","brand":"Monster","name":"Pipeline Punch 500mL","price":6.25,"orgPrice":12.5,"imagePath":"https://shop.coles.com.au/wcsstore/Coles-CAS/images/3/5/0/3504328.jpg","categoryIds":["drinks"],"packageSize":"4 Pack","cupPrice":"$3.13 per 1L","isAvailable":true,"locations":["nsw"]},{"id":"monster-energy-4pk-ultra-paradise","store":"coles","brand":"Monster","name":"Ultra Paradise Energy Drink Cans 500 mL","price":6.25,"orgPrice":12.5,"imagePath":"https://shop.coles.com.au/wcsstore/Coles-CAS/images/3/5/3/3530088.jpg","categoryIds":["drinks"],"packageSize":"4 pack","cupPrice":"$3.13 per 1L","isAvailable":true,"locations":["nsw"]}]