[{"id":"mr-kipling-french-fancies-9pk","store":"coles","brand":"Mr Kipling","name":"French Fancies Selection Cakes 8 Pack","price":2.5,"orgPrice":5,"imagePath":"https://shop.coles.com.au/wcsstore/Coles-CAS/images/3/2/1/3217654.jpg","categoryIds":["bakery"],"packageSize":"205g","cupPrice":"$1.22 per 100G","isAvailable":true,"locations":["vic","sa","qld","nsw","wa","tas","act"]},{"id":"chobani-yogurt-strawberry","store":"coles","brand":"Chobani","name":"Strawberry Yoghurt Pot","price":1,"orgPrice":2,"imagePath":"https://shop.coles.com.au/wcsstore/Coles-CAS/images/9/9/0/9907236.jpg","categoryIds":["dairy-eggs-fridge"],"packageSize":"170g","cupPrice":"$0.59 per 100G","isAvailable":true,"locations":["vic","sa","nsw","wa","tas","act"]},{"id":"chobani-yoghurt-passionfruit","store":"coles","brand":"Chobani","name":"Passion Fruit Yoghurt Pot","price":1,"orgPrice":2,"imagePath":"https://shop.coles.com.au/wcsstore/Coles-CAS/images/9/9/0/9907203.jpg","categoryIds":["dairy-eggs-fridge"],"packageSize":"170g","cupPrice":"$0.59 per 100G","isAvailable":true,"locations":["vic","sa","nsw","wa","tas","act"]},{"id":"chobani-yoghurt-mango","store":"coles","brand":"Chobani","name":"Mango Yoghurt Pot","price":1,"orgPrice":2,"imagePath":"https://shop.coles.com.au/wcsstore/Coles-CAS/images/9/9/0/9907010.jpg","categoryIds":["dairy-eggs-fridge"],"packageSize":"170g","cupPrice":"$0.59 per 100G","isAvailable":true,"locations":["vic","sa","nsw","wa","tas","act"]},{"id":"chobani-yoghurt-raspberry","store":"coles","brand":"Chobani","name":"Raspberry Yoghurt","price":1,"orgPrice":2,"imagePath":"https://shop.coles.com.au/wcsstore/Coles-CAS/images/1/1/9/1198297.jpg","categoryIds":["dairy-eggs-fridge"],"packageSize":"170g","cupPrice":"$0.59 per 100G","isAvailable":true,"locations":["vic","sa","nsw","wa","tas","act"]},{"id":"chobani-yoghurt-plain","store":"coles","brand":"Chobani","name":"Plain Yoghurt Pot","price":1,"orgPrice":2,"imagePath":"https://shop.coles.com.au/wcsstore/Coles-CAS/images/9/9/0/9906970.jpg","categoryIds":["dairy-eggs-fridge"],"packageSize":"170g","cupPrice":"$0.59 per 100G","isAvailable":true,"locations":["vic","sa","nsw","wa","tas","act"]},{"id":"chobani-strawberry-banana-yoghurt","store":"coles","brand":"Chobani","name":"Strawberry & Banana Yoghurt","price":1,"orgPrice":2,"imagePath":"https://shop.coles.com.au/wcsstore/Coles-CAS/images/2/3/6/2367221.jpg","categoryIds":["dairy-eggs-fridge"],"packageSize":"170g","cupPrice":"$0.59 per 100G","isAvailable":true,"locations":["vic","nsw"]},{"id":"chobani-yoghurt-blueberry","store":"coles","brand":"Chobani","name":"Blueberry Yoghurt Pot","price":1,"orgPrice":2,"imagePath":"https://shop.coles.com.au/wcsstore/Coles-CAS/images/9/9/0/9907043.jpg","categoryIds":["dairy-eggs-fridge"],"packageSize":"170g","cupPrice":"$0.59 per 100G","isAvailable":true,"locations":["vic","sa","nsw","tas","act"]},{"id":"philadelphia-caramilk-cream-chese","store":"coles","brand":"Philadelphia","name":"Caramilk Cream Cheese","price":2.35,"orgPrice":4.7,"imagePath":"https://shop.coles.com.au/wcsstore/Coles-CAS/images/3/7/6/3766583.jpg","categoryIds":["dairy-eggs-fridge"],"packageSize":"250g","cupPrice":"$9.40 per 1Kg","isAvailable":true,"locations":["vic","sa","nsw","wa","tas"]},{"id":"chobani-low-fat-lemon-yoghurt","store":"coles","brand":"Chobani","name":"Low Fat Lemon Yoghurt","price":1,"orgPrice":2,"imagePath":"https://shop.coles.com.au/wcsstore/Coles-CAS/images/1/4/3/1434629.jpg","categoryIds":["dairy-eggs-fridge"],"packageSize":"170g","cupPrice":"$0.59 per 100G","isAvailable":true,"locations":["vic","tas","act"]},{"id":"chobani-yoghurt-tub-vanilla","store":"coles","brand":"Chobani","name":"Vanilla Yoghurt Pot","price":1,"orgPrice":2,"imagePath":"https://shop.coles.com.au/wcsstore/Coles-CAS/images/3/2/4/3246550.jpg","categoryIds":["dairy-eggs-fridge"],"packageSize":"170g","cupPrice":"$0.59 per 100G","isAvailable":true,"locations":["vic","sa","nsw","tas","act"]},{"id":"chobani-limited-batch-kiwifruit-yoghurt","store":"coles","brand":"Chobani","name":"Limited Edition Yoghurt","price":1,"orgPrice":2,"imagePath":"https://shop.coles.com.au/wcsstore/Coles-CAS/images/2/9/7/2974825.jpg","categoryIds":["dairy-eggs-fridge"],"packageSize":"170g","cupPrice":"$0.59 per 100G","isAvailable":true,"locations":["vic","sa","tas","act"]},{"id":"arnotts-biscuits-shapes-chicken-crimpy","store":"coles","brand":"Arnott's","name":"Chicken Crimpy Shapes","price":1.6,"orgPrice":3.2,"imagePath":"https://shop.coles.com.au/wcsstore/Coles-CAS/images/8/6/3/8638285.jpg","categoryIds":["pantry"],"packageSize":"175g","cupPrice":"$0.91 per 100G","isAvailable":true,"locations":["vic","sa","nsw","wa","tas","act"]},{"id":"arnotts-biscuits-shapes-cheddar","store":"coles","brand":"Arnott's","name":"Cheddar Shapes","price":1.6,"orgPrice":3.2,"imagePath":"https://shop.coles.com.au/wcsstore/Coles-CAS/images/8/6/3/8638263.jpg","categoryIds":["pantry"],"packageSize":"175g","cupPrice":"$0.91 per 100G","isAvailable":true,"locations":["vic","sa","nsw","wa","tas","act"]},{"id":"arnotts-biscuits-shapes-cheese-bacon","store":"coles","brand":"Arnott's","name":"Cheese & Bacon Shapes","price":1.6,"orgPrice":3.2,"imagePath":"https://shop.coles.com.au/wcsstore/Coles-CAS/images/8/6/3/8638241.jpg","categoryIds":["pantry"],"packageSize":"180g","cupPrice":"$0.89 per 100G","isAvailable":true,"locations":["vic","sa","nsw","wa","tas","act"]},{"id":"real-foods-corn-thins-original","store":"coles","brand":"Real Foods","name":"Original Corn Thins","price":1,"orgPrice":2,"imagePath":"https://shop.coles.com.au/wcsstore/Coles-CAS/images/7/1/1/7112308.jpg","categoryIds":["pantry"],"packageSize":"150g","cupPrice":"$0.67 per 100G","isAvailable":true,"locations":["vic","sa","nsw","wa","tas","act"]},{"id":"vittoria-coffee-mountain-grown-beans","store":"coles","brand":"Vittoria","name":"Mountain Grown Coffee Beans","price":18.25,"orgPrice":36.5,"imagePath":"https://shop.coles.com.au/wcsstore/Coles-CAS/images/8/6/8/8686572.jpg","categoryIds":["pantry","drinks"],"packageSize":"1kg","cupPrice":"$1.83 per 100G","isAvailable":true,"locations":["vic","sa","qld","nsw","wa","tas","act"]},{"id":"la-espanola-extra-virgin-olive-oil-5833943p","store":"coles","brand":"La Espanola","name":"Extra Virgin Olive Oil","price":4.75,"orgPrice":9.5,"imagePath":"https://shop.coles.com.au/wcsstore/Coles-CAS/images/5/8/3/5833943.jpg","categoryIds":["pantry"],"packageSize":"500mL","cupPrice":"$0.95 per 100mL","isAvailable":true,"locations":["vic","sa","qld","nsw","wa","tas","act"]},{"id":"twinings-tea-bags-classics-english-breakfast","store":"coles","brand":"Twinings","name":"English Breakfast Tea Bags 100 pack","price":5.5,"orgPrice":11,"imagePath":"https://shop.coles.com.au/wcsstore/Coles-CAS/images/3/0/4/304752.jpg","categoryIds":["pantry","drinks"],"packageSize":"200g","cupPrice":"$2.75 per 100G","isAvailable":true,"locations":["vic","sa","qld","nsw","wa","tas","act"]},{"id":"vittoria-organic-coffee-beans","store":"coles","brand":"Vittoria","name":"Organic Espresso Coffee Beans","price":18.25,"orgPrice":36.5,"imagePath":"https://shop.coles.com.au/wcsstore/Coles-CAS/images/2/0/0/2002095.jpg","categoryIds":["pantry","drinks"],"packageSize":"1kg","cupPrice":"$1.83 per 100G","isAvailable":true,"locations":["vic","sa","qld","nsw","wa","tas","act"]},{"id":"cadbury-family-block-chocolate-hazelnut","store":"coles","brand":"Cadbury","name":"Dairy Milk Hazelnut Chocolate Family Block","price":2.5,"orgPrice":5,"imagePath":"https://shop.coles.com.au/wcsstore/Coles-CAS/images/2/3/5/2351720.jpg","categoryIds":["pantry"],"packageSize":"180g","cupPrice":"$1.39 per 100G","isAvailable":true,"locations":["vic","sa","nsw","wa","tas","act"]},{"id":"cadbury-family-block-chocolate-top-deck","store":"coles","brand":"Cadbury","name":"Dairy Milk Top Deck Chocolate Block","price":2.5,"orgPrice":5,"imagePath":"https://shop.coles.com.au/wcsstore/Coles-CAS/images/2/3/5/2351607.jpg","categoryIds":["pantry"],"packageSize":"180g","cupPrice":"$1.39 per 100G","isAvailable":true,"locations":["vic","sa","nsw","wa","tas","act"]},{"id":"cadbury-family-block-chocolate-dairy-milk","store":"coles","brand":"Cadbury","name":"Dairy Milk Chocolate Block","price":2.5,"orgPrice":5,"imagePath":"https://shop.coles.com.au/wcsstore/Coles-CAS/images/2/3/5/2351709.jpg","categoryIds":["pantry"],"packageSize":"180g","cupPrice":"$1.39 per 100G","isAvailable":true,"locations":["vic","sa","nsw","wa","tas","act"]},{"id":"arnotts-original-bbq-shapes","store":"coles","brand":"Arnott's","name":"Original BBQ Shapes","price":1.6,"orgPrice":3.2,"imagePath":"https://shop.coles.com.au/wcsstore/Coles-CAS/images/2/7/3/2734446.jpg","categoryIds":["pantry"],"packageSize":"175g","cupPrice":"$0.91 per 100G","isAvailable":true,"locations":["vic","sa","nsw","wa","tas","act"]},{"id":"arnotts-hot-dog-shapes","store":"coles","brand":"Arnott's","name":"Original Pizza Shapes","price":1.6,"orgPrice":3.2,"imagePath":"https://shop.coles.com.au/wcsstore/Coles-CAS/images/2/7/3/2734457.jpg","categoryIds":["pantry"],"packageSize":"190g","cupPrice":"$0.84 per 100G","isAvailable":true,"locations":["vic","sa","nsw","wa","tas","act"]},{"id":"cadbury-family-block-marble","store":"coles","brand":"Cadbury","name":"Family Block Chocolate Marble","price":2.5,"orgPrice":5,"imagePath":"https://shop.coles.com.au/wcsstore/Coles-CAS/images/3/7/6/3761171.jpg","categoryIds":["pantry"],"packageSize":"173g","cupPrice":"$1.45 per 100G","isAvailable":true,"locations":["vic","sa","nsw","wa","tas","act"]},{"id":"uncle-tobys-roll-ups-rainbow-berry","store":"coles","brand":"Uncle Tobys","name":"Rainbow Berry Berry Roll Ups","price":2,"orgPrice":4,"imagePath":"https://shop.coles.com.au/wcsstore/Coles-CAS/images/6/8/9/6899164.jpg","categoryIds":["pantry"],"packageSize":"94g","cupPrice":"$2.13 per 100G","isAvailable":true,"locations":["vic","sa","nsw","wa","tas","act"]},{"id":"kraft-peanut-butter-smooth-5398753p","store":"coles","brand":"Bega","name":"Smooth Peanut Butter","price":2.85,"orgPrice":5.7,"imagePath":"https://shop.coles.com.au/wcsstore/Coles-CAS/images/5/3/9/5398753.jpg","categoryIds":["pantry"],"packageSize":"470g","cupPrice":"$0.61 per 100G","isAvailable":true,"locations":["vic","sa","nsw","wa","tas","act"]},{"id":"uncle-tobys-muesli-bars-chewy-choc-chip","store":"coles","brand":"Uncle Tobys","name":"Chewy Bars Choc Chip","price":2.15,"orgPrice":4.3,"imagePath":"https://shop.coles.com.au/wcsstore/Coles-CAS/images/4/9/7/4975192.jpg","categoryIds":["pantry"],"packageSize":"185g","cupPrice":"$1.16 per 100G","isAvailable":true,"locations":["vic","sa","nsw","wa","tas","act"]},{"id":"nescafe-cafe-menu-coffee-caramel-4461854p","store":"coles","brand":"Nescafe","name":"Caramel Latte Sachets 10 Pack","price":3.15,"orgPrice":6.3,"imagePath":"https://shop.coles.com.au/wcsstore/Coles-CAS/images/4/4/6/4461854.jpg","categoryIds":["pantry","drinks"],"packageSize":"170g","cupPrice":"$1.85 per 100G","isAvailable":true,"locations":["vic","sa","qld","nsw","wa","tas","act"]},{"id":"nescafe-cafe-menu-coffee-cappuccino-9577540p","store":"coles","brand":"Nescafe","name":"Cappuccino Sachets 10 Pack","price":3.15,"orgPrice":6.3,"imagePath":"https://shop.coles.com.au/wcsstore/Coles-CAS/images/9/5/7/9577540.jpg","categoryIds":["pantry","drinks"],"packageSize":"132g","cupPrice":"$2.39 per 100G","isAvailable":true,"locations":["vic","sa","qld","nsw","wa","tas","act"]},{"id":"vittoria-coffee-mountain-grwn-grnd","store":"coles","brand":"Vittoria","name":"Mountain Grown Ground Coffee","price":18.25,"orgPrice":36.5,"imagePath":"https://shop.coles.com.au/wcsstore/Coles-CAS/images/9/1/8/9180375.jpg","categoryIds":["pantry","drinks"],"packageSize":"1kg","cupPrice":"$1.83 per 100G","isAvailable":true,"locations":["vic","sa","qld","nsw","wa","tas","act"]},{"id":"cadbury-family-block-chocolate-caramello","store":"coles","brand":"Cadbury","name":"Dairy Milk Caramello Chocolate Block","price":2.5,"orgPrice":5,"imagePath":"https://shop.coles.com.au/wcsstore/Coles-CAS/images/2/3/5/2351662.jpg","categoryIds":["pantry"],"packageSize":"180g","cupPrice":"$1.39 per 100G","isAvailable":true,"locations":["vic","sa","nsw","wa","tas","act"]},{"id":"cadbury-family-block-chocolate-snack","store":"coles","brand":"Cadbury","name":"Dairy Milk Snack Chocolate Block","price":2.5,"orgPrice":5,"imagePath":"https://shop.coles.com.au/wcsstore/Coles-CAS/images/2/3/5/2351618.jpg","categoryIds":["pantry"],"packageSize":"180g","cupPrice":"$1.39 per 100G","isAvailable":true,"locations":["vic","sa","nsw","wa","tas","act"]},{"id":"cadbury-family-block-chocolate-black-forest","store":"coles","brand":"Cadbury","name":"Dairy Milk Black Forest Chocolate Block","price":2.5,"orgPrice":5,"imagePath":"https://shop.coles.com.au/wcsstore/Coles-CAS/images/2/3/5/2351673.jpg","categoryIds":["pantry"],"packageSize":"180g","cupPrice":"$1.39 per 100G","isAvailable":true,"locations":["vic","sa","nsw","wa","tas","act"]},{"id":"pascall-marshmallows-pink-white","store":"coles","brand":"Pascall","name":"Marshmallows Pink and White","price":2,"orgPrice":4,"imagePath":"https://shop.coles.com.au/wcsstore/Coles-CAS/images/2/3/5/2351855.jpg","categoryIds":["pantry"],"packageSize":"280g","cupPrice":"$0.71 per 100G","isAvailable":true,"locations":["vic","sa","nsw","wa","tas","act"]},{"id":"arnotts-shapes-crackers-vegemite-cheese","store":"coles","brand":"Arnott's","name":"Shapes Vegemite & Cheese Crackers","price":1.6,"orgPrice":3.2,"imagePath":"https://shop.coles.com.au/wcsstore/Coles-CAS/images/3/4/1/3410960.jpg","categoryIds":["pantry"],"packageSize":"165g","cupPrice":"$0.97 per 100G","isAvailable":true,"locations":["vic","sa","nsw","wa","tas","act"]},{"id":"cadbury-favourites-3571711p","store":"coles","brand":"Cadbury","name":"Favourites","price":10,"orgPrice":20,"imagePath":"https://shop.coles.com.au/wcsstore/Coles-CAS/images/3/5/7/3571711.jpg","categoryIds":["pantry"],"packageSize":"570g","cupPrice":"$1.75 per 100G","isAvailable":true,"locations":["vic","sa","nsw","wa","tas","act"]},{"id":"cadbury-family-block-caramilk","store":"coles","brand":"Cadbury","name":"Caramilk Chocolate Family Block","price":2.5,"orgPrice":5,"imagePath":"https://shop.coles.com.au/wcsstore/Coles-CAS/images/3/6/1/3613130.jpg","categoryIds":["pantry"],"packageSize":"180g","cupPrice":"$1.39 per 100G","isAvailable":true,"locations":["vic","sa","nsw","wa","tas","act"]},{"id":"grain-waves-sour-cream-chives","store":"coles","brand":"Grain Waves","name":"Sour Cream & Chives","price":1.75,"orgPrice":3.5,"imagePath":"https://shop.coles.com.au/wcsstore/Coles-CAS/images/3/7/0/3706741.jpg","categoryIds":["pantry"],"packageSize":"170g","cupPrice":"$1.03 per 100G","isAvailable":true,"locations":["vic","sa","nsw","wa","tas","act"]},{"id":"real-foods-corn-thins-multigrain","store":"coles","brand":"Real Foods","name":"Multigrain Corn Thins","price":1,"orgPrice":2,"imagePath":"https://shop.coles.com.au/wcsstore/Coles-CAS/images/8/0/0/8000070.jpg","categoryIds":["pantry"],"packageSize":"150g","cupPrice":"$0.67 per 100G","isAvailable":true,"locations":["vic","sa","nsw","wa","tas","act"]},{"id":"arnotts-biscuits-shapes-savoury","store":"coles","brand":"Arnott's","name":"Savoury Shapes","price":1.6,"orgPrice":3.2,"imagePath":"https://shop.coles.com.au/wcsstore/Coles-CAS/images/8/6/3/8638300.jpg","categoryIds":["pantry"],"packageSize":"185g","cupPrice":"$0.86 per 100G","isAvailable":true,"locations":["vic","sa","nsw","wa","tas","act"]},{"id":"uncle-tobys-roll-ups-rainbow-fruit-salad","store":"coles","brand":"Uncle Tobys","name":"Roll Ups Rainbow Fruit Salad 6 Pack","price":2,"orgPrice":4,"imagePath":"https://shop.coles.com.au/wcsstore/Coles-CAS/images/6/8/9/6899175.jpg","categoryIds":["pantry"],"packageSize":"94g","cupPrice":"$2.13 per 100G","isAvailable":true,"locations":["vic","sa","nsw","wa","tas","act"]},{"id":"uncle-tobys-roll-ups-fun-print-strawberry","store":"coles","brand":"Uncle Toby's","name":"Strawberry Flavour Roll Ups 6 pack","price":2,"orgPrice":4,"imagePath":"https://shop.coles.com.au/wcsstore/Coles-CAS/images/6/8/9/6899153.jpg","categoryIds":["pantry"],"packageSize":"94g","cupPrice":"$2.13 per 1G","isAvailable":true,"locations":["vic","sa","nsw","wa","tas","act"]},{"id":"arnotts-biscuits-shapes-nacho-cheese","store":"coles","brand":"Arnott's","name":"Nacho Cheese Shapes","price":1.6,"orgPrice":3.2,"imagePath":"https://shop.coles.com.au/wcsstore/Coles-CAS/images/5/5/9/5591888.jpg","categoryIds":["pantry"],"packageSize":"160g","cupPrice":"$1.00 per 100G","isAvailable":true,"locations":["vic","sa","nsw","tas","act"]},{"id":"nice-natural-nut-bar-almond-nut-choc-6-pack","store":"coles","brand":"Nice & Natural","name":"Chocolate Almond Nut Bars 6 pack","price":2,"orgPrice":4,"imagePath":"https://shop.coles.com.au/wcsstore/Coles-CAS/images/8/2/2/8221386.jpg","categoryIds":["pantry"],"packageSize":"180g","cupPrice":"$1.11 per 100G","isAvailable":true,"locations":["vic","sa","nsw","wa","tas","act"]},{"id":"nescafe-cafe-menu-coffee-cappuccino-strong","store":"coles","brand":"Nescafe","name":"Strong Cappuccino Sachets 10 Pack","price":3.15,"orgPrice":6.3,"imagePath":"https://shop.coles.com.au/wcsstore/Coles-CAS/images/5/6/9/5694097.jpg","categoryIds":["pantry","drinks"],"packageSize":"132g","cupPrice":"$2.39 per 100G","isAvailable":true,"locations":["vic","sa","qld","nsw","wa","tas","act"]},{"id":"nescafe-cafe-menu-coffee-mocha-4461832p","store":"coles","brand":"Nescafe","name":"Mocha Sachets 10 Pack","price":3.15,"orgPrice":6.3,"imagePath":"https://shop.coles.com.au/wcsstore/Coles-CAS/images/4/4/6/4461832.jpg","categoryIds":["pantry","drinks"],"packageSize":"180g","cupPrice":"$1.75 per 100G","isAvailable":true,"locations":["vic","sa","qld","nsw","wa","tas","act"]},{"id":"nescafe-cafe-menu-coffee-hazelnut","store":"coles","brand":"Nescafe","name":"Hazelnut Latte Sachets 10 Pack","price":3.15,"orgPrice":6.3,"imagePath":"https://shop.coles.com.au/wcsstore/Coles-CAS/images/4/4/9/4491550.jpg","categoryIds":["pantry","drinks"],"packageSize":"180g","cupPrice":"$1.75 per 100G","isAvailable":true,"locations":["vic","sa","qld","nsw","wa","tas","act"]},{"id":"campbells-chunky-soup-beef","store":"coles","brand":"Campbell's","name":"Chunky Beef Soup Can","price":1.75,"orgPrice":3.5,"imagePath":"https://shop.coles.com.au/wcsstore/Coles-CAS/images/4/9/1/4915339.jpg","categoryIds":["pantry"],"packageSize":"505g","cupPrice":"$0.35 per 100G","isAvailable":true,"locations":["vic","sa","nsw","wa","tas","act"]},{"id":"continental-cup-a-soup-lots-a-noodles-cream-of-chicken","store":"coles","brand":"Continental","name":"Cup A Soup Creamy Chicken with Lots of Noodles 2 pack","price":1,"orgPrice":2,"imagePath":"https://shop.coles.com.au/wcsstore/Coles-CAS/images/2/5/5/255646.jpg","categoryIds":["pantry"],"packageSize":"60g","cupPrice":"$1.67 per 100G","isAvailable":true,"locations":["vic","sa","nsw","wa","tas","act"]},{"id":"cadbury-family-block-chocolate-fruit-nut","store":"coles","brand":"Cadbury","name":"Dairy Milk Fruit and Nut Chocolate Block","price":2.5,"orgPrice":5,"imagePath":"https://shop.coles.com.au/wcsstore/Coles-CAS/images/2/3/5/2351651.jpg","categoryIds":["pantry"],"packageSize":"180g","cupPrice":"$1.39 per 100G","isAvailable":true,"locations":["vic","sa","nsw","wa","tas","act"]},{"id":"lindt-lindor-assorted-cornet","store":"coles","brand":"Lindt","name":"Lindor Assorted Surtido Cornet","price":10,"orgPrice":20,"imagePath":"https://shop.coles.com.au/wcsstore/Coles-CAS/images/2/7/1/2715940.jpg","categoryIds":["pantry"],"packageSize":"375g","cupPrice":"$2.67 per 100G","isAvailable":true,"locations":["vic","sa","nsw","wa","tas","act"]},{"id":"pringles-sour-cream-onion-potato-chips","store":"coles","brand":"Pringles","name":"Sour Cream & Onion Potato Chips","price":2,"orgPrice":4,"imagePath":"https://shop.coles.com.au/wcsstore/Coles-CAS/images/2/7/8/2784058.jpg","categoryIds":["pantry"],"packageSize":"134g","cupPrice":"$1.49 per 100G","isAvailable":true,"locations":["vic","sa","nsw","wa","tas","act"]},{"id":"cadbury-block-marvellous-creations-jelly-pop-candy","store":"coles","brand":"Cadbury","name":"Marvellous Creations Jelly Popping Candy Beanies Chocolate Block","price":2.5,"orgPrice":5,"imagePath":"https://shop.coles.com.au/wcsstore/Coles-CAS/images/2/8/9/2898997.jpg","categoryIds":["pantry"],"packageSize":"190g","cupPrice":"$1.32 per 100G","isAvailable":true,"locations":["vic","sa","nsw","wa","tas","act"]},{"id":"violet-crumble-choc-honeycomb-bag","store":"coles","brand":"Violet Crumble","name":"Gluten Free Chocolate Bites","price":2.2,"orgPrice":4.4,"imagePath":"https://shop.coles.com.au/wcsstore/Coles-CAS/images/3/4/5/3451367.jpg","categoryIds":["pantry"],"packageSize":"180g","cupPrice":"$1.22 per 100G","isAvailable":true,"locations":["vic","sa","nsw","wa","tas","act"]},{"id":"twinings-herbal-infusion-tea-bags-pure-peppermint","store":"coles","brand":"Twinings","name":"Pure Peppermint Tea Bags 80 pack","price":5.5,"orgPrice":11,"imagePath":"https://shop.coles.com.au/wcsstore/Coles-CAS/images/7/4/8/7488100.jpg","categoryIds":["pantry","drinks"],"packageSize":"160g","cupPrice":"$3.44 per 100G","isAvailable":true,"locations":["vic","sa","qld","nsw","wa","tas","act"]},{"id":"kraft-peanut-butter-crunchy-5390911p","store":"coles","brand":"Bega","name":"Crunchy Peanut Butter","price":2.85,"orgPrice":5.7,"imagePath":"https://shop.coles.com.au/wcsstore/Coles-CAS/images/5/3/9/5390911.jpg","categoryIds":["pantry"],"packageSize":"470g","cupPrice":"$0.61 per 100G","isAvailable":true,"locations":["vic","sa","nsw","wa","tas","act"]},{"id":"la-espanola-olive-oil-mild-light","store":"coles","brand":"La Espanola","name":"Olive Oil Light","price":4.75,"orgPrice":9.5,"imagePath":"https://shop.coles.com.au/wcsstore/Coles-CAS/images/5/8/3/5833477.jpg","categoryIds":["pantry"],"packageSize":"500mL","cupPrice":"$0.95 per 100mL","isAvailable":true,"locations":["vic","sa","qld","nsw","wa","tas","act"]},{"id":"nescafe-cafe-menu-coffee-vanilla","store":"coles","brand":"Nescafe","name":"Vanilla Latte Sachets 10 Pack","price":3.15,"orgPrice":6.3,"imagePath":"https://shop.coles.com.au/wcsstore/Coles-CAS/images/4/4/6/4462846.jpg","categoryIds":["pantry","drinks"],"packageSize":"185g","cupPrice":"$1.70 per 100G","isAvailable":true,"locations":["vic","sa","qld","nsw","wa","tas","act"]},{"id":"uncle-tobys-muesli-bars-yoghurt-topps-strawberry","store":"coles","brand":"Uncle Tobys","name":"Yoghurt Muesli Bars Strawberry 6 Pack","price":2.15,"orgPrice":4.3,"imagePath":"https://shop.coles.com.au/wcsstore/Coles-CAS/images/4/9/7/4974983.jpg","categoryIds":["pantry"],"packageSize":"185g","cupPrice":"$1.16 per 100G","isAvailable":true,"locations":["vic","sa","nsw","wa"]},{"id":"mars-bar-chocolate-bar","store":"coles","brand":"Mars","name":"Chocolate Bar","price":1,"orgPrice":2,"imagePath":"https://shop.coles.com.au/wcsstore/Coles-CAS/images/1/3/8/138201.jpg","categoryIds":["pantry"],"packageSize":"53g","cupPrice":"$1.89 per 100G","isAvailable":true,"locations":["vic","sa","nsw","wa"]},{"id":"nestle-kit-kat-chocolate-bar","store":"coles","brand":"Nestle","name":"KitKat Milk Chocolate Bar","price":1,"orgPrice":2,"imagePath":"https://shop.coles.com.au/wcsstore/Coles-CAS/images/1/3/6/136512.jpg","categoryIds":["pantry"],"packageSize":"45g","cupPrice":"$2.22 per 100G","isAvailable":true,"locations":["vic","sa","nsw","wa"]},{"id":"ferrero-rocher-chocolates-16-pieces","store":"coles","brand":"Ferrero","name":"Rocher Chocolate 16 pack","price":6.75,"orgPrice":13.5,"imagePath":"https://shop.coles.com.au/wcsstore/Coles-CAS/images/2/2/9/229828.jpg","categoryIds":["pantry"],"packageSize":"200g","cupPrice":"$3.38 per 100G","isAvailable":true,"locations":["vic","sa","nsw","wa"]},{"id":"nice-natural-nut-bar-chocolate","store":"coles","brand":"Nice & Natural","name":"Real Milk Chocolate Roasted Nut Bars 6 pack","price":2,"orgPrice":4,"imagePath":"https://shop.coles.com.au/wcsstore/Coles-CAS/images/9/8/2/9827090.jpg","categoryIds":["pantry"],"packageSize":"192g","cupPrice":"$1.04 per 100G","isAvailable":true,"locations":["vic","sa","nsw","wa"]},{"id":"natural-chip-company-chips-sea-salt-1260302p","store":"coles","brand":"Natural Chip Co.","name":"Sea Salt Potato Chips","price":1.75,"orgPrice":1.75,"imagePath":"https://shop.coles.com.au/wcsstore/Coles-CAS/images/1/2/6/1260302.jpg","categoryIds":["pantry"],"packageSize":"175g","cupPrice":"$1.00 per 100G","isAvailable":true,"locations":["vic","sa","nsw","wa"]},{"id":"cadbury-family-block-chocolate-dream","store":"coles","brand":"Cadbury","name":"Dream White Chocolate Block","price":2.5,"orgPrice":5,"imagePath":"https://shop.coles.com.au/wcsstore/Coles-CAS/images/2/3/5/2351684.jpg","categoryIds":["pantry"],"packageSize":"180g","cupPrice":"$1.39 per 100G","isAvailable":true,"locations":["vic","sa","nsw","wa"]},{"id":"cadbury-family-block-chocolate-peppermint","store":"coles","brand":"Cadbury","name":"Dairy Milk Peppermint Milk Chocolate Block","price":2.5,"orgPrice":5,"imagePath":"https://shop.coles.com.au/wcsstore/Coles-CAS/images/2/3/5/2351640.jpg","categoryIds":["pantry"],"packageSize":"180g","cupPrice":"$1.39 per 100G","isAvailable":true,"locations":["vic","sa","nsw","wa"]},{"id":"twinings-english-breakfast-extra-strong-2236788p","store":"coles","brand":"Twinings","name":"English Breakfast Extra Strong Tea Bags 80 pack","price":5.5,"orgPrice":11,"imagePath":"https://shop.coles.com.au/wcsstore/Coles-CAS/images/2/2/3/2236788.jpg","categoryIds":["pantry","drinks"],"packageSize":"200g","cupPrice":"$2.75 per 100G","isAvailable":true,"locations":["vic","sa","qld","nsw","wa","tas","act"]},{"id":"cadbury-tropical-pineapple-family-chocolate-block","store":"coles","brand":"Cadbury","name":"Dairy Milk Tropical Pineapple Chocolate Block","price":2.5,"orgPrice":5,"imagePath":"https://shop.coles.com.au/wcsstore/Coles-CAS/images/2/7/7/2770235.jpg","categoryIds":["pantry"],"packageSize":"180g","cupPrice":"$1.39 per 100G","isAvailable":true,"locations":["vic","sa","nsw","wa"]},{"id":"pringles-original-potato-chips","store":"coles","brand":"Pringles","name":"Original Salted Stacked Potato Chips","price":2,"orgPrice":4,"imagePath":"https://shop.coles.com.au/wcsstore/Coles-CAS/images/2/7/8/2784047.jpg","categoryIds":["pantry"],"packageSize":"134g","cupPrice":"$1.49 per 100G","isAvailable":true,"locations":["vic","sa","nsw","wa"]},{"id":"continental-cup-a-soup-laksa","store":"coles","brand":"Continental","name":"Cup A Soup Asian Laksa 2 pack","price":1,"orgPrice":2,"imagePath":"https://shop.coles.com.au/wcsstore/Coles-CAS/images/8/8/8/8887042.jpg","categoryIds":["pantry"],"packageSize":"65g","cupPrice":"$1.54 per 100G","isAvailable":true,"locations":["vic","sa","nsw","wa"]},{"id":"campbells-country-ladle-soup-traditional-minestrone","store":"coles","brand":"Campbell's","name":"Country Ladle Traditional Minestrone Soup Can","price":1.75,"orgPrice":3.5,"imagePath":"https://shop.coles.com.au/wcsstore/Coles-CAS/images/7/1/6/7166090.jpg","categoryIds":["pantry"],"packageSize":"495g","cupPrice":"$0.35 per 100G","isAvailable":true,"locations":["vic","sa","nsw","wa"]},{"id":"campbells-country-ladle-soup-butternut-pumpkin","store":"coles","brand":"Campbell's","name":"Country Ladle Butternut Pumpkin Soup Can","price":1.75,"orgPrice":3.5,"imagePath":"https://shop.coles.com.au/wcsstore/Coles-CAS/images/7/1/6/7165858.jpg","categoryIds":["pantry"],"packageSize":"505g","cupPrice":"$0.35 per 100G","isAvailable":true,"locations":["vic","sa","nsw","wa"]},{"id":"campbells-chunky-soup-chicken-roast-vegetable","store":"coles","brand":"Campbell's","name":"Chunky Chicken Roast Vegetable Soup Can","price":1.75,"orgPrice":3.5,"imagePath":"https://shop.coles.com.au/wcsstore/Coles-CAS/images/4/9/1/4915350.jpg","categoryIds":["pantry"],"packageSize":"505g","cupPrice":"$0.35 per 100G","isAvailable":true,"locations":["vic","sa","nsw","wa"]},{"id":"uncle-tobys-muesli-bars-chewy-white-choc-chip","store":"coles","brand":"Uncle Tobys","name":"Chewy Muesli Bars White Choc Chip 6 Pack","price":2.15,"orgPrice":4.3,"imagePath":"https://shop.coles.com.au/wcsstore/Coles-CAS/images/4/9/7/4975217.jpg","categoryIds":["pantry"],"packageSize":"185g","cupPrice":"$1.16 per 100G","isAvailable":true,"locations":["vic","sa","nsw","wa"]},{"id":"twinings-tea-bags-classics-earl-grey","store":"coles","brand":"Twinings","name":"Earl Grey Tea Bags 100 pack","price":5.5,"orgPrice":11,"imagePath":"https://shop.coles.com.au/wcsstore/Coles-CAS/images/3/0/4/304763.jpg","categoryIds":["pantry","drinks"],"packageSize":"200g","cupPrice":"$2.75 per 100G","isAvailable":true,"locations":["vic","sa","qld","nsw","wa","tas","act"]},{"id":"cadbury-bubbly-mint-block","store":"coles","brand":"Cadbury","name":"Dairy Milk Bubbly Mint Block","price":2.5,"orgPrice":5,"imagePath":"https://shop.coles.com.au/wcsstore/Coles-CAS/images/9/9/0/9901058.jpg","categoryIds":["pantry"],"packageSize":"160g","cupPrice":"$1.56 per 100G","isAvailable":true,"locations":["vic","sa","nsw","wa"]},{"id":"natural-chip-company-chips-honey-soy-chicken-1260335p","store":"coles","brand":"Natural Chip Co.","name":"Honey Soy Chicken Potato Chips","price":1.75,"orgPrice":1.75,"imagePath":"https://shop.coles.com.au/wcsstore/Coles-CAS/images/1/2/6/1260335.jpg","categoryIds":["pantry"],"packageSize":"175g","cupPrice":"$1.00 per 100G","isAvailable":true,"locations":["vic","sa","nsw","wa"]},{"id":"cadbury-family-block-chocolate-crunchie","store":"coles","brand":"Cadbury","name":"Dairy Milk Crunchie Chocolate Block","price":2.5,"orgPrice":5,"imagePath":"https://shop.coles.com.au/wcsstore/Coles-CAS/images/2/3/5/2351710.jpg","categoryIds":["pantry"],"packageSize":"180g","cupPrice":"$1.39 per 100G","isAvailable":true,"locations":["vic","sa","nsw","wa"]},{"id":"cadbury-family-block-chocolate-turkish-delight","store":"coles","brand":"Cadbury","name":"Dairy Milk Turkish Delight Chocolate Block","price":2.5,"orgPrice":5,"imagePath":"https://shop.coles.com.au/wcsstore/Coles-CAS/images/2/3/5/2351593.jpg","categoryIds":["pantry"],"packageSize":"180g","cupPrice":"$1.39 per 100G","isAvailable":true,"locations":["vic","sa","nsw","wa"]},{"id":"the-spice-tailor-classic-butter-chicken-curry-sauce","store":"coles","brand":"The Spice Tailor","name":"Classic Butter Chicken","price":2.75,"orgPrice":5.5,"imagePath":"https://shop.coles.com.au/wcsstore/Coles-CAS/images/2/3/6/2361190.jpg","categoryIds":["pantry","international-foods"],"packageSize":"300g","cupPrice":"$0.92 per 100G","isAvailable":true,"locations":["vic","sa","qld","nsw","wa","tas","act"]},{"id":"moccona-barista-reserve-coffee-crema","store":"coles","brand":"Moccona","name":"Barista Reserve Crema Instant Coffee","price":9,"orgPrice":18,"imagePath":"https://shop.coles.com.au/wcsstore/Coles-CAS/images/3/2/0/3208493.jpg","categoryIds":["pantry","drinks"],"packageSize":"175g","cupPrice":"$5.14 per 100G","isAvailable":true,"locations":["vic","sa","qld","nsw","wa","tas","act"]},{"id":"lindt-lindor-limited-edition-cornet","store":"coles","brand":"Lindt","name":"Lindor Limited Edition Chocolate Balls Assorted","price":10,"orgPrice":20,"imagePath":"https://shop.coles.com.au/wcsstore/Coles-CAS/images/3/3/1/3314377.jpg","categoryIds":["pantry"],"packageSize":"375g","cupPrice":"$2.67 per 100G","isAvailable":true,"locations":["vic","nsw","wa"]},{"id":"wild-tides-tuna-olive-oil","store":"coles","brand":"Wild Tides","name":"Fished Tuna Olive Oil Blend","price":1,"orgPrice":2,"imagePath":"https://shop.coles.com.au/wcsstore/Coles-CAS/images/3/2/9/3294780.jpg","categoryIds":["pantry"],"packageSize":"95g","cupPrice":"$10.53 per 1Kg","isAvailable":true,"locations":["vic","sa","nsw","wa"]},{"id":"wild-tides-tuna-springwater","store":"coles","brand":"Wild Tides","name":"Springwater Fished Tuna","price":1,"orgPrice":2,"imagePath":"https://shop.coles.com.au/wcsstore/Coles-CAS/images/3/2/9/3294815.jpg","categoryIds":["pantry"],"packageSize":"95g","cupPrice":"$1.05 per 100G","isAvailable":true,"locations":["vic","sa","nsw","wa"]},{"id":"oreo-family-pack-biscuits-creme-original","store":"coles","brand":"Oreo","name":"Creme Biscuits Family Pack Original","price":2.25,"orgPrice":4.5,"imagePath":"https://shop.coles.com.au/wcsstore/Coles-CAS/images/3/7/1/3711210.jpg","categoryIds":["pantry"],"packageSize":"370g","cupPrice":"$0.61 per 100G","isAvailable":true,"locations":["vic","sa","nsw","wa"]},{"id":"real-foods-corn-thins-sesame","store":"coles","brand":"Real Foods","name":"Sesame Corn Thins","price":1,"orgPrice":2,"imagePath":"https://shop.coles.com.au/wcsstore/Coles-CAS/images/4/8/5/4859996.jpg","categoryIds":["pantry"],"packageSize":"150g","cupPrice":"$0.67 per 100G","isAvailable":true,"locations":["vic","sa","nsw","wa"]},{"id":"nice-and-natural-nut-bar-yoghurt-trail-mix","store":"coles","brand":"Nice & Natural","name":"Trail Mix Roasted Nut Bars 6 pack","price":2,"orgPrice":4,"imagePath":"https://shop.coles.com.au/wcsstore/Coles-CAS/images/1/0/1/1018260.jpg","categoryIds":["pantry"],"packageSize":"192g","cupPrice":"$1.04 per 100G","isAvailable":true,"locations":["vic","sa","nsw","wa"]},{"id":"nescafe-cafe-menu-coffee-cappuccino-skim-4976854p","store":"coles","brand":"Nescafe","name":"Skim Cappuccino Sachets 10 Pack","price":3.15,"orgPrice":6.3,"imagePath":"https://shop.coles.com.au/wcsstore/Coles-CAS/images/4/9/7/4976854.jpg","categoryIds":["pantry","drinks"],"packageSize":"132g","cupPrice":"$2.39 per 100G","isAvailable":true,"locations":["vic","sa","qld","nsw","wa","tas","act"]},{"id":"campbells-country-ladle-soup-chicken-sweet-corn","store":"coles","brand":"Campbell's","name":"Country Ladle Chicken Sweet Corn Soup Can","price":1.75,"orgPrice":3.5,"imagePath":"https://shop.coles.com.au/wcsstore/Coles-CAS/images/4/8/8/4887131.jpg","categoryIds":["pantry"],"packageSize":"505g","cupPrice":"$0.35 per 100G","isAvailable":true,"locations":["vic","sa","nsw","wa"]},{"id":"snickers-chocolate-bar","store":"coles","brand":"Snickers","name":"Chocolate Bar","price":1,"orgPrice":2,"imagePath":"https://shop.coles.com.au/wcsstore/Coles-CAS/images/2/4/5/245868.jpg","categoryIds":["pantry"],"packageSize":"50g","cupPrice":"$2.00 per 100G","isAvailable":true,"locations":["vic","sa","nsw","wa"]},{"id":"continental-cup-a-soup-lots-a-noodles-chicken","store":"coles","brand":"Continental","name":"Cup A Soup Chicken with Lots of Noodles 2 pack","price":1,"orgPrice":2,"imagePath":"https://shop.coles.com.au/wcsstore/Coles-CAS/images/3/5/6/356472.jpg","categoryIds":["pantry"],"packageSize":"60g","cupPrice":"$1.67 per 100G","isAvailable":true,"locations":["vic","sa","nsw","wa"]},{"id":"continental-cup-a-soup-creamy-chicken-with-croutons","store":"coles","brand":"Continental","name":"Cup A Soup Creamy Chicken with Croutons 2 pack","price":1,"orgPrice":2,"imagePath":"https://shop.coles.com.au/wcsstore/Coles-CAS/images/9/1/5/9151344.jpg","categoryIds":["pantry"],"packageSize":"60g","cupPrice":"$1.67 per 100G","isAvailable":true,"locations":["vic","sa","nsw","wa"]},{"id":"continental-cup-a-soup-chicken-corn-with-croutons","store":"coles","brand":"Continental","name":"Cup A Soup Creamy Chicken & Corn with Croutons 2 pack","price":1,"orgPrice":2,"imagePath":"https://shop.coles.com.au/wcsstore/Coles-CAS/images/9/1/5/9151559.jpg","categoryIds":["pantry"],"packageSize":"60g","cupPrice":"$1.67 per 100G","isAvailable":true,"locations":["vic","sa","nsw","wa"]},{"id":"natural-chip-company-chips-sea-salt-vinegar","store":"coles","brand":"Natural Chip Co.","name":"Sea Salt & Vinegar Potato Chips","price":1.75,"orgPrice":1.75,"imagePath":"https://shop.coles.com.au/wcsstore/Coles-CAS/images/1/2/6/1260313.jpg","categoryIds":["pantry"],"packageSize":"175g","cupPrice":"$1.00 per 100G","isAvailable":true,"locations":["vic","sa","nsw","wa"]},{"id":"cadbury-family-block-chocolate-rocky-road","store":"coles","brand":"Cadbury","name":"Dairy Milk Rocky Road Chocolate Block","price":2.5,"orgPrice":5,"imagePath":"https://shop.coles.com.au/wcsstore/Coles-CAS/images/2/3/5/2351629.jpg","categoryIds":["pantry"],"packageSize":"180g","cupPrice":"$1.39 per 100G","isAvailable":true,"locations":["vic","sa","nsw","wa"]},{"id":"nice-natural--roasted-peanut-cashew-nut-bar","store":"coles","brand":"Nice & Natural","name":"Roasted Cashew Milk Chocolate Peanut Bars 6 Pack","price":2,"orgPrice":4,"imagePath":"https://shop.coles.com.au/wcsstore/Coles-CAS/images/2/6/0/2605873.jpg","categoryIds":["pantry"],"packageSize":"192g","cupPrice":"$1.04 per 100G","isAvailable":true,"locations":["vic","sa","nsw","wa"]},{"id":"kelloggs-breakfast-bis-gf-apple-date","store":"coles","brand":"Kellogg's","name":"Baked Muesli Gluten Free Breakfast Biscuits With Date And Apple","price":2.5,"orgPrice":5,"imagePath":"https://shop.coles.com.au/wcsstore/Coles-CAS/images/2/8/1/2815118.jpg","categoryIds":["pantry"],"packageSize":"200g","cupPrice":"$1.25 per 100G","isAvailable":true,"locations":["vic","sa","nsw","wa"]},{"id":"carmans--gourmet-porridge-sachet-with-honey-vanilla-cinnamon","store":"coles","brand":"Carman's","name":"Gourmet Porridge Sachet with Honey Vanilla & Cinnamon","price":3,"orgPrice":6,"imagePath":"https://shop.coles.com.au/wcsstore/Coles-CAS/images/2/8/7/2877090.jpg","categoryIds":["pantry"],"packageSize":"320g","cupPrice":"$0.94 per 100G","isAvailable":true,"locations":["vic","sa","nsw","wa"]},{"id":"campbells-country-ladle-soup-farmhouse-vegetable","store":"coles","brand":"Campbell's","name":"Country Ladle Farmhouse Vegetable Soup Can","price":1.75,"orgPrice":3.5,"imagePath":"https://shop.coles.com.au/wcsstore/Coles-CAS/images/7/1/6/7165971.jpg","categoryIds":["pantry"],"packageSize":"495g","cupPrice":"$0.35 per 100G","isAvailable":true,"locations":["vic","sa","nsw","wa"]},{"id":"campbells-chunky-soup-hearty-irish-stew","store":"coles","brand":"Campbell's","name":"Chunky Soup Irish Stew Style","price":1.75,"orgPrice":3.5,"imagePath":"https://shop.coles.com.au/wcsstore/Coles-CAS/images/4/9/0/4905947.jpg","categoryIds":["pantry"],"packageSize":"505g","cupPrice":"$0.35 per 100G","isAvailable":true,"locations":["vic","sa","nsw","wa"]},{"id":"mars-chocolate-m-ms-minis","store":"coles","brand":"Mars","name":"M&M's Minis Chocolate","price":1,"orgPrice":2,"imagePath":"https://shop.coles.com.au/wcsstore/Coles-CAS/images/4/5/0/4503874.jpg","categoryIds":["pantry"],"packageSize":"35g","cupPrice":"$2.86 per 100G","isAvailable":true,"locations":["vic","sa","nsw","wa"]},{"id":"nestle-chocolate-bar-medium-peppermint-crisp","store":"coles","brand":"Nestle","name":"Peppermint Crisp Chocolate Bar","price":1,"orgPrice":2,"imagePath":"https://shop.coles.com.au/wcsstore/Coles-CAS/images/1/4/2/142424.jpg","categoryIds":["pantry"],"packageSize":"35g","cupPrice":"$2.86 per 100G","isAvailable":true,"locations":["vic","sa","nsw","wa"]},{"id":"nestle-smarties-chocolate-bar","store":"coles","brand":"Nestle","name":"Smarties","price":1,"orgPrice":2,"imagePath":"https://shop.coles.com.au/wcsstore/Coles-CAS/images/1/4/2/142413.jpg","categoryIds":["pantry"],"packageSize":"50g","cupPrice":"$2.00 per 100G","isAvailable":true,"locations":["vic","sa","nsw","wa"]},{"id":"campbells-country-ladle-soup-creamy-chicken","store":"coles","brand":"Campbell's","name":"Country Ladle Creamy Chicken Soup Can","price":1.75,"orgPrice":3.5,"imagePath":"https://shop.coles.com.au/wcsstore/Coles-CAS/images/9/6/8/9680312.jpg","categoryIds":["pantry"],"packageSize":"500g","cupPrice":"$0.35 per 100G","isAvailable":true,"locations":["vic","sa","nsw","wa"]},{"id":"twinings-tea-bags-australian-afternoon-8930039p","store":"coles","brand":"Twinings","name":"Afternoon Tea Bags 100 pack","price":5.5,"orgPrice":11,"imagePath":"https://shop.coles.com.au/wcsstore/Coles-CAS/images/8/9/3/8930039.jpg","categoryIds":["pantry","drinks"],"packageSize":"200g","cupPrice":"$2.75 per 100G","isAvailable":true,"locations":["vic","sa","qld","nsw","wa","tas","act"]},{"id":"lindt-lindor-milk-cornet","store":"coles","brand":"Lindt","name":"Lindor Milk Cornet","price":10,"orgPrice":20,"imagePath":"https://shop.coles.com.au/wcsstore/Coles-CAS/images/3/1/9/3191437.jpg","categoryIds":["pantry"],"packageSize":"375g","cupPrice":"$2.67 per 100G","isAvailable":true,"locations":["vic","sa","nsw"]},{"id":"moccona-barista-reserve-smooth-espresso","store":"coles","brand":"Moccona","name":"Barista Reserve Smooth Espresso Instant Coffee","price":9,"orgPrice":18,"imagePath":"https://shop.coles.com.au/wcsstore/Coles-CAS/images/3/2/0/3208482.jpg","categoryIds":["pantry","drinks"],"packageSize":"175g","cupPrice":"$5.14 per 100G","isAvailable":true,"locations":["vic","sa","qld","nsw","wa","tas","act"]},{"id":"cadbury-family-block-indulge-w-hazelnut-crunch","store":"coles","brand":"Cadbury","name":"Dairy Milk Indulge With Creamy Hazelnut Crunch Family Block","price":2.5,"orgPrice":5,"imagePath":"https://shop.coles.com.au/wcsstore/Coles-CAS/images/3/4/7/3476630.jpg","categoryIds":["pantry"],"packageSize":"170g","cupPrice":"$1.47 per 100G","isAvailable":true,"locations":["vic","sa","nsw","wa","tas"]},{"id":"real-foods-corn-thins-tasty-cheese","store":"coles","brand":"Real Foods","name":"Tasty Cheese Corn Thins","price":1,"orgPrice":2,"imagePath":"https://shop.coles.com.au/wcsstore/Coles-CAS/images/1/0/0/1000301.jpg","categoryIds":["pantry"],"packageSize":"125g","cupPrice":"$0.80 per 100G","isAvailable":true,"locations":["vic","sa","nsw","wa","tas"]},{"id":"lavazza-ground-coffee-arabica-gold","store":"coles","brand":"Lavazza","name":"Qualita Oro Medium Roast Smooth Ground Coffee","price":8,"orgPrice":16,"imagePath":"https://shop.coles.com.au/wcsstore/Coles-CAS/images/6/8/5/6851055.jpg","categoryIds":["pantry","drinks"],"packageSize":"500g","cupPrice":"$1.60 per 100G","isAvailable":true,"locations":["vic","sa","qld","nsw","wa","tas","act"]},{"id":"twinings-pure-green-tea-bags","store":"coles","brand":"Twinings","name":"Pure Green Tea Bags 100 pack","price":5.5,"orgPrice":11,"imagePath":"https://shop.coles.com.au/wcsstore/Coles-CAS/images/6/8/1/6816666.jpg","categoryIds":["pantry","drinks"],"packageSize":"150g","cupPrice":"$3.67 per 100G","isAvailable":true,"locations":["vic","sa","qld","nsw","wa","tas","act"]},{"id":"nestle-peppermint-aero-chocolate-bar","store":"coles","brand":"Nestle","name":"Aero Peppermint Chocolate Bar","price":1,"orgPrice":2,"imagePath":"https://shop.coles.com.au/wcsstore/Coles-CAS/images/5/8/2/5823950.jpg","categoryIds":["pantry"],"packageSize":"40g","cupPrice":"$2.50 per 100G","isAvailable":true,"locations":["vic","sa","nsw","wa","tas"]},{"id":"continental-cup-a-soup-hearty-italian-minestrone","store":"coles","brand":"Continental","name":"Cup A Soup Italian Minestrone 2 pack","price":1,"orgPrice":2,"imagePath":"https://shop.coles.com.au/wcsstore/Coles-CAS/images/5/3/4/5342920.jpg","categoryIds":["pantry"],"packageSize":"75g","cupPrice":"$1.33 per 100G","isAvailable":true,"locations":["vic","sa","nsw","wa","tas"]},{"id":"cadbury-block-milk-bubbly","store":"coles","brand":"Cadbury","name":"Dairy Milk Bubbly Milk Chocolate Block","price":2.5,"orgPrice":5,"imagePath":"https://shop.coles.com.au/wcsstore/Coles-CAS/images/9/8/9/9899331.jpg","categoryIds":["pantry"],"packageSize":"160g","cupPrice":"$1.56 per 100G","isAvailable":true,"locations":["vic","sa","nsw","wa","tas"]},{"id":"uncle-tobys-yoghurt-topps-muesli-bars-honeycomb-6-pack","store":"coles","brand":"Uncle Tobys","name":"Yoghurt Muesli Bars Honeycomb 6 Pack","price":2.15,"orgPrice":4.3,"imagePath":"https://shop.coles.com.au/wcsstore/Coles-CAS/images/4/9/7/4974950.jpg","categoryIds":["pantry"],"packageSize":"185g","cupPrice":"$1.16 per 100G","isAvailable":true,"locations":["vic","sa","nsw","wa","tas"]},{"id":"carmans-fruit-seed-gourmet-porridge-sachets-8-pack","store":"coles","brand":"Carman's","name":"Carman's Apple Sultana & Cinnamon Porridge Sachets 8 pack","price":3,"orgPrice":6,"imagePath":"https://shop.coles.com.au/wcsstore/Coles-CAS/images/1/7/3/1736763.jpg","categoryIds":["pantry"],"packageSize":"320g","cupPrice":"$0.94 per 100G","isAvailable":true,"locations":["vic","sa","nsw","wa","tas"]},{"id":"nestle-chocolate-kit-kat-chunky","store":"coles","brand":"Nestle","name":"KitKat Chunky Milk Chocolate","price":1,"orgPrice":2,"imagePath":"https://shop.coles.com.au/wcsstore/Coles-CAS/images/2/0/2/2026118.jpg","categoryIds":["pantry"],"packageSize":"50g","cupPrice":"$2.00 per 100G","isAvailable":true,"locations":["vic","sa","nsw","wa","tas"]},{"id":"pascall-jubes-2351866p","store":"coles","brand":"Pascall","name":"Jubes","price":2,"orgPrice":4,"imagePath":"https://shop.coles.com.au/wcsstore/Coles-CAS/images/2/3/5/2351866.jpg","categoryIds":["pantry"],"packageSize":"350g","cupPrice":"$0.57 per 100G","isAvailable":true,"locations":["vic","sa","nsw","wa","tas"]},{"id":"twinings-herbal-infusions-camomile-tea-bags-2471325p","store":"coles","brand":"Twinings","name":"Pure Camomile Infusions Tea Bags 80 pack","price":5.5,"orgPrice":11,"imagePath":"https://shop.coles.com.au/wcsstore/Coles-CAS/images/2/4/7/2471325.jpg","categoryIds":["pantry","drinks"],"packageSize":"120g","cupPrice":"$4.58 per 100G","isAvailable":true,"locations":["vic","sa","qld","nsw","wa","tas","act"]},{"id":"cadbury-oreo-vanilla-family-chocolate-block","store":"coles","brand":"Cadbury","name":"Family Block Chocolate Oreo Vanilla","price":2.5,"orgPrice":5,"imagePath":"https://shop.coles.com.au/wcsstore/Coles-CAS/images/2/6/5/2655907.jpg","categoryIds":["pantry"],"packageSize":"162g","cupPrice":"$1.54 per 100G","isAvailable":true,"locations":["vic","sa","nsw","wa","tas"]},{"id":"nestle-milkybar-milk-cookies-bar","store":"coles","brand":"Nestle","name":"Chokito Bar","price":1,"orgPrice":2,"imagePath":"https://shop.coles.com.au/wcsstore/Coles-CAS/images/3/0/5/3050821.jpg","categoryIds":["pantry"],"packageSize":"55g","cupPrice":"$1.82 per 100G","isAvailable":true,"locations":["vic","sa","nsw","wa","tas"]},{"id":"grain-waves-swet-chilli","store":"coles","brand":"Grain Waves","name":"Sweet Chilli","price":1.75,"orgPrice":3.5,"imagePath":"https://shop.coles.com.au/wcsstore/Coles-CAS/images/3/7/0/3706763.jpg","categoryIds":["pantry"],"packageSize":"170g","cupPrice":"$1.03 per 100G","isAvailable":true,"locations":["vic","sa","nsw","wa","tas"]},{"id":"campbells-chunky-soup-ravioli-bef-tom","store":"coles","brand":"Campbell's","name":"Chunky Soup Ravioli Beef Tom","price":1.75,"orgPrice":3.5,"imagePath":"https://shop.coles.com.au/wcsstore/Coles-CAS/images/3/7/1/3714692.jpg","categoryIds":["pantry"],"packageSize":"505g","cupPrice":"$0.35 per 100G","isAvailable":true,"locations":["vic","sa","nsw","wa","tas"]},{"id":"campbells-country-ladle-soup-chicken-noodle","store":"coles","brand":"Campbell's","name":"Country Ladle Chicken Noodle Soup Can","price":1.75,"orgPrice":3.5,"imagePath":"https://shop.coles.com.au/wcsstore/Coles-CAS/images/8/0/2/8027044.jpg","categoryIds":["pantry"],"packageSize":"500g","cupPrice":"$0.35 per 100G","isAvailable":true,"locations":["vic","sa","nsw","wa","tas"]},{"id":"continental-cup-a-soup-lots-a-noodles-chicken-corn","store":"coles","brand":"Continental","name":"Cup A Soup Chinese Chicken & Corn with Lots of Noodles 2 pack","price":1,"orgPrice":2,"imagePath":"https://shop.coles.com.au/wcsstore/Coles-CAS/images/7/9/7/7978200.jpg","categoryIds":["pantry"],"packageSize":"66g","cupPrice":"$1.52 per 100G","isAvailable":true,"locations":["vic","sa","nsw","wa","tas"]},{"id":"continental-cup-a-soup-soup-hearty-dutch-curry","store":"coles","brand":"Continental","name":"Cup A Soup Dutch Curry with Rice 2 pack","price":1,"orgPrice":2,"imagePath":"https://shop.coles.com.au/wcsstore/Coles-CAS/images/5/7/0/5706050.jpg","categoryIds":["pantry"],"packageSize":"55g","cupPrice":"$1.82 per 100G","isAvailable":true,"locations":["vic","sa","nsw","wa","tas"]},{"id":"campbells-chunky-soup-potato-bacon","store":"coles","brand":"Campbell's","name":"Chunky Soup Potato Bacon","price":1.75,"orgPrice":3.5,"imagePath":"https://shop.coles.com.au/wcsstore/Coles-CAS/images/4/9/1/4915361.jpg","categoryIds":["pantry"],"packageSize":"505g","cupPrice":"$0.35 per 100G","isAvailable":true,"locations":["vic","sa","nsw","wa","tas"]},{"id":"uncle-tobys-muesli-bars-chewy--apricot","store":"coles","brand":"Uncle Tobys","name":"Chewy Apricot Wholegrain Oats Bars 6 Pack","price":2.15,"orgPrice":4.3,"imagePath":"https://shop.coles.com.au/wcsstore/Coles-CAS/images/4/9/7/4975181.jpg","categoryIds":["pantry"],"packageSize":"185g","cupPrice":"$1.16 per 100G","isAvailable":true,"locations":["vic","sa","nsw","wa","tas"]},{"id":"nescafe-cafe-menu-coffee-cappuccino-decaf","store":"coles","brand":"Nescafe","name":"Decaffeinated Cappuccino Sachets 10 Pack","price":3.15,"orgPrice":6.3,"imagePath":"https://shop.coles.com.au/wcsstore/Coles-CAS/images/4/9/7/4976956.jpg","categoryIds":["pantry","drinks"],"packageSize":"157g","cupPrice":"$2.01 per 100G","isAvailable":true,"locations":["vic","sa","qld","nsw","wa","tas","act"]},{"id":"nice-natural-nut-bar-yoghurt-6-pack","store":"coles","brand":"Nice & Natural","name":"Yoghurt Roasted Nut Bars 6 pack","price":2,"orgPrice":4,"imagePath":"https://shop.coles.com.au/wcsstore/Coles-CAS/images/4/1/6/4167303.jpg","categoryIds":["pantry"],"packageSize":"192g","cupPrice":"$1.04 per 100G","isAvailable":true,"locations":["vic","sa","nsw","wa","tas"]},{"id":"cadbury-family-block-chocolate-roast-almond","store":"coles","brand":"Cadbury","name":"Dairy Milk Roast Almond Chocolate Block","price":2.5,"orgPrice":5,"imagePath":"https://shop.coles.com.au/wcsstore/ColesResponsiveStorefrontAssetStore/dist/ccfc54aed6e361b650bcf0582f7b576b/img/img_product-placeholder.png","categoryIds":["pantry"],"packageSize":"180g","cupPrice":"$1.39 per 100G","isAvailable":true,"locations":["vic","sa","nsw","wa","tas"]},{"id":"carmans-gourmet-porridge-sachet-super-berry-coconut","store":"coles","brand":"Carman's","name":"Gourmet Porridge Sachet Super Berry & Coconut","price":3,"orgPrice":6,"imagePath":"https://shop.coles.com.au/wcsstore/Coles-CAS/images/2/3/9/2390700.jpg","categoryIds":["pantry"],"packageSize":"320g","cupPrice":"$0.94 per 100G","isAvailable":true,"locations":["vic","sa","nsw","wa","tas"]},{"id":"twinings-infusions-lemon-ginger","store":"coles","brand":"Twinings","name":"Lemon & Ginger Infusions Tea Bags 80 pack","price":5.5,"orgPrice":11,"imagePath":"https://shop.coles.com.au/wcsstore/Coles-CAS/images/2/2/4/2245563.jpg","categoryIds":["pantry","drinks"],"packageSize":"120g","cupPrice":"$4.58 per 100G","isAvailable":true,"locations":["vic","sa","qld","nsw","wa","tas","act"]},{"id":"pringles-barbeque-potato-chips","store":"coles","brand":"Pringles","name":"BBQ Stacked Potato Chips","price":2,"orgPrice":4,"imagePath":"https://shop.coles.com.au/wcsstore/Coles-CAS/images/2/7/8/2784070.jpg","categoryIds":["pantry"],"packageSize":"134g","cupPrice":"$1.49 per 100G","isAvailable":true,"locations":["vic","sa","nsw","wa","tas"]},{"id":"cadbury-family-block-indulge-with-mint-creme","store":"coles","brand":"Cadbury","name":"Dairy Milk Indulge With Crispy Mint Creme Family Block","price":2.5,"orgPrice":5,"imagePath":"https://shop.coles.com.au/wcsstore/Coles-CAS/images/3/4/7/3476619.jpg","categoryIds":["pantry"],"packageSize":"175g","cupPrice":"$1.43 per 100G","isAvailable":true,"locations":["vic","sa","nsw","wa","tas"]},{"id":"nescafe-gold-coffe-sachets-almond-latte","store":"coles","brand":"Nescafe","name":"Gold Almond Latte Coffee Sachets","price":3.15,"orgPrice":6.3,"imagePath":"https://shop.coles.com.au/wcsstore/Coles-CAS/images/3/7/3/3739296.jpg","categoryIds":["pantry","drinks"],"packageSize":"6 pack","cupPrice":"$0.53 per 1Ea","isAvailable":true,"locations":["vic","sa","qld","nsw","wa","tas","act"]},{"id":"twinings-tea-bags-classics-irish-breakfast","store":"coles","brand":"Twinings","name":"Irish Breakfast Tea Bags 100 pack","price":5.5,"orgPrice":11,"imagePath":"https://shop.coles.com.au/wcsstore/Coles-CAS/images/8/3/5/83584.jpg","categoryIds":["pantry","drinks"],"packageSize":"200g","cupPrice":"$2.75 per 100G","isAvailable":true,"locations":["vic","sa","qld","nsw","wa","tas","act"]},{"id":"nestle-milkybar-chocolate-bar","store":"coles","brand":"Nestle","name":"Milkybar White Chocolate Bar","price":1,"orgPrice":2,"imagePath":"https://shop.coles.com.au/wcsstore/Coles-CAS/images/7/7/6/7767668.jpg","categoryIds":["pantry"],"packageSize":"50g","cupPrice":"$2.00 per 100G","isAvailable":true,"locations":["vic","sa","nsw","wa","tas"]},{"id":"twix-chocolate-bar","store":"coles","brand":"Twix","name":"Chocolate Bar","price":1,"orgPrice":2,"imagePath":"https://shop.coles.com.au/wcsstore/Coles-CAS/images/6/0/2/6029901.jpg","categoryIds":["pantry"],"packageSize":"50g","cupPrice":"$2.00 per 100G","isAvailable":true,"locations":["vic","sa","nsw","wa","tas"]},{"id":"campbells-chunky-soup-pea-ham","store":"coles","brand":"Campbell's","name":"Chunky Pea & Ham Soup Can","price":1.75,"orgPrice":3.5,"imagePath":"https://shop.coles.com.au/wcsstore/Coles-CAS/images/4/9/0/4905448.jpg","categoryIds":["pantry"],"packageSize":"505g","cupPrice":"$0.35 per 100G","isAvailable":true,"locations":["vic","sa","nsw","wa","tas"]},{"id":"campbells-chunky-soup-stockpot","store":"coles","brand":"Campbell's","name":"Chunky Soup Stockpot","price":1.75,"orgPrice":3.5,"imagePath":"https://shop.coles.com.au/wcsstore/Coles-CAS/images/4/9/1/4915372.jpg","categoryIds":["pantry"],"packageSize":"505g","cupPrice":"$0.35 per 100G","isAvailable":true,"locations":["vic","sa","nsw","wa","tas"]},{"id":"mars-bounty-chocolate-bar","store":"coles","brand":"Mars","name":"Bounty Coconut Chocolate Bar","price":1,"orgPrice":2,"imagePath":"https://shop.coles.com.au/wcsstore/Coles-CAS/images/2/0/4/204168.jpg","categoryIds":["pantry"],"packageSize":"56g","cupPrice":"$1.79 per 100G","isAvailable":true,"locations":["vic","sa","nsw","wa","tas"]},{"id":"continental-cup-a-soup-hearty-roast-chicken","store":"coles","brand":"Continental","name":"Cup A Soup Roast Chicken 2 pack","price":1,"orgPrice":2,"imagePath":"https://shop.coles.com.au/wcsstore/Coles-CAS/images/2/9/0/290465.jpg","categoryIds":["pantry"],"packageSize":"75g","cupPrice":"$1.33 per 100G","isAvailable":true,"locations":["vic","sa","nsw","wa","tas"]},{"id":"continental-cup-a-soup-creamy-potato-bacon-with-croutons","store":"coles","brand":"Continental","name":"Cup A Soup Creamy Potato & Bacon With Croutons 2 Pack","price":1,"orgPrice":2,"imagePath":"https://shop.coles.com.au/wcsstore/Coles-CAS/images/9/1/5/9151606.jpg","categoryIds":["pantry"],"packageSize":"50g","cupPrice":"$2.00 per 100G","isAvailable":true,"locations":["vic","sa","nsw","wa","tas"]},{"id":"nice-natural-nutritional-snacks-superfruits---cranberry-blueberry-strawberry-6-pack","store":"coles","brand":"Nice & Natural","name":"Cranberry & Blueberry Flavour Superfruits Muesli Bars 6 pack","price":2,"orgPrice":4,"imagePath":"https://shop.coles.com.au/wcsstore/Coles-CAS/images/1/2/5/1250626.jpg","categoryIds":["pantry"],"packageSize":"180g","cupPrice":"$1.11 per 100G","isAvailable":true,"locations":["vic","sa","wa","tas"]},{"id":"nice-natural-strawberry-blackcurrant-superfruits-bars-6-pack","store":"coles","brand":"Nice & Natural","name":"Strawberry & Blackcurrant Superfruits Muesli Bars 6 Pack","price":2,"orgPrice":4,"imagePath":"https://shop.coles.com.au/wcsstore/Coles-CAS/images/2/1/3/2133821.jpg","categoryIds":["pantry"],"packageSize":"180g","cupPrice":"$1.11 per 100G","isAvailable":true,"locations":["vic","sa","nsw","wa","tas"]},{"id":"continental-homestyle-pumpkin-cup-a-soup-2-pack","store":"coles","brand":"Continental","name":"Cup A Soup Homestyle Pumpkin 2 Pack","price":1,"orgPrice":2,"imagePath":"https://shop.coles.com.au/wcsstore/Coles-CAS/images/2/6/6/2667655.jpg","categoryIds":["pantry"],"packageSize":"61g","cupPrice":"$1.64 per 100G","isAvailable":true,"locations":["vic","sa","nsw","wa","tas"]},{"id":"pringles-salt-vinegar-potato-chips","store":"coles","brand":"Pringles","name":"Salt & Vinegar Flavour Stacked Potato Chips","price":2,"orgPrice":4,"imagePath":"https://shop.coles.com.au/wcsstore/Coles-CAS/images/2/7/8/2784069.jpg","categoryIds":["pantry"],"packageSize":"134g","cupPrice":"$1.49 per 100G","isAvailable":true,"locations":["vic","sa","nsw","tas"]},{"id":"kelloggs-gluten-free-fig-raisin-breakfast-biscuits","store":"coles","brand":"Kellogg's","name":"Gluten Free Baked Muesli Breakfast Biscuits With Apricot Fig And Raisin","price":2.5,"orgPrice":5,"imagePath":"https://shop.coles.com.au/wcsstore/Coles-CAS/images/2/8/1/2815129.jpg","categoryIds":["pantry"],"packageSize":"200g","cupPrice":"$1.25 per 100G","isAvailable":true,"locations":["vic","sa","nsw","wa","tas"]},{"id":"cadbury-block-marvellous-creations-jelly-crunchie","store":"coles","brand":"Cadbury","name":"Dairy Milk Picnic Chocolate Block","price":2.5,"orgPrice":5,"imagePath":"https://shop.coles.com.au/wcsstore/Coles-CAS/images/2/8/9/2898975.jpg","categoryIds":["pantry"],"packageSize":"170g","cupPrice":"$1.47 per 100G","isAvailable":true,"locations":["vic","sa","nsw","wa","tas"]},{"id":"moccona-barista-reserve-coffee-rich-esprsso","store":"coles","brand":"Moccona","name":"Barista Reserve Rich Espresso Instant Coffee","price":9,"orgPrice":18,"imagePath":"https://shop.coles.com.au/wcsstore/Coles-CAS/images/3/2/0/3208471.jpg","categoryIds":["pantry","drinks"],"packageSize":"175g","cupPrice":"$5.14 per 100G","isAvailable":true,"locations":["vic","sa","qld","nsw","wa","tas","act"]},{"id":"uncle-tobys-roll-ups-passionfruit","store":"coles","brand":"Uncle Tobys","name":"Passionfruit Flavour Roll Ups 6 pack","price":2,"orgPrice":4,"imagePath":"https://shop.coles.com.au/wcsstore/Coles-CAS/images/3/3/8/3387756.jpg","categoryIds":["pantry"],"packageSize":"94g","cupPrice":"$2.13 per 100G","isAvailable":true,"locations":["vic","sa","nsw","wa","tas"]},{"id":"nescafe-coffe-sachets-cokies-cream","store":"coles","brand":"Nescafe","name":"Cookies & Cream Coffee Sachets","price":3.15,"orgPrice":6.3,"imagePath":"https://shop.coles.com.au/wcsstore/Coles-CAS/images/3/7/7/3776510.jpg","categoryIds":["pantry","drinks"],"packageSize":"10 pack","cupPrice":"$0.32 per 1Ea","isAvailable":true,"locations":["vic","sa","qld","nsw","wa","tas","act"]},{"id":"campbells-country-ladle-soup-pumpkin-rich-creamy","store":"coles","brand":"Campbell's","name":"Country Ladle Rich & Creamy Pumpkin Soup Can","price":1.75,"orgPrice":3.5,"imagePath":"https://shop.coles.com.au/wcsstore/Coles-CAS/images/8/0/2/8027055.jpg","categoryIds":["pantry"],"packageSize":"500g","cupPrice":"$0.35 per 100G","isAvailable":true,"locations":["vic","sa","nsw","wa","tas","act"]},{"id":"lavazza-coffee-beans-qualita-oro","store":"coles","brand":"Lavazza","name":"Qualita Oro Medium Roast Smooth Coffee Beans","price":8,"orgPrice":16,"imagePath":"https://shop.coles.com.au/wcsstore/Coles-CAS/images/6/8/5/6851099.jpg","categoryIds":["pantry","drinks"],"packageSize":"500g","cupPrice":"$1.60 per 100G","isAvailable":true,"locations":["vic","sa","qld","nsw","wa","tas","act"]},{"id":"nestle-violet-crumble-chocolate-bar","store":"coles","brand":"Violet Crumble","name":"Gluten Free Chocolate Bar","price":1,"orgPrice":2,"imagePath":"https://shop.coles.com.au/wcsstore/Coles-CAS/images/5/1/9/5192521.jpg","categoryIds":["pantry"],"packageSize":"50g","cupPrice":"$2.00 per 100G","isAvailable":true,"locations":["vic","sa","nsw","wa","tas","act"]},{"id":"nice-and-natural-mixed-berry-nut-bar","store":"coles","brand":"Nice & Natural","name":"Mixed Berry Roasted Nut Bars 6 pack","price":2,"orgPrice":4,"imagePath":"https://shop.coles.com.au/wcsstore/Coles-CAS/images/2/1/2/2129449.jpg","categoryIds":["pantry"],"packageSize":"192g","cupPrice":"$1.04 per 100G","isAvailable":true,"locations":["vic","sa","nsw","wa","tas","act"]},{"id":"sour-patch-kidz","store":"coles","brand":"The Natural Confectionary Co.","name":"Sour Patch Kids","price":2,"orgPrice":4,"imagePath":"https://shop.coles.com.au/wcsstore/Coles-CAS/images/2/3/5/2352916.jpg","categoryIds":["pantry"],"packageSize":"220g","cupPrice":"$0.91 per 100G","isAvailable":true,"locations":["vic","sa","nsw","wa","tas","act"]},{"id":"pascall-pineapple-lumps-2351877p","store":"coles","brand":"Pascall","name":"Pineapple Lumps","price":2,"orgPrice":4,"imagePath":"https://shop.coles.com.au/wcsstore/Coles-CAS/images/2/3/5/2351877.jpg","categoryIds":["pantry"],"packageSize":"185g","cupPrice":"$1.08 per 100G","isAvailable":true,"locations":["vic","sa","nsw","wa","tas","act"]},{"id":"nice-natural--roasted-choc-apricot-nut-bar","store":"coles","brand":"Nice & Natural","name":"Chocolate Peanut Apricot Bars 6 Pack","price":2,"orgPrice":4,"imagePath":"https://shop.coles.com.au/wcsstore/Coles-CAS/images/2/6/0/2605931.jpg","categoryIds":["pantry"],"packageSize":"180g","cupPrice":"$1.11 per 100G","isAvailable":true,"locations":["vic","sa","nsw","wa","tas","act"]},{"id":"sunsol-muesli-lovers-blend","store":"coles","brand":"Sunsol","name":"Almonds Cashew Macadamia & Walnut Muesli","price":3,"orgPrice":6,"imagePath":"https://shop.coles.com.au/wcsstore/Coles-CAS/images/2/8/5/2855597.jpg","categoryIds":["pantry"],"packageSize":"500g","cupPrice":"$0.60 per 100G","isAvailable":true,"locations":["vic","sa","nsw","wa","tas","act"]},{"id":"cadbury-marv-creations-spiders-block-lemonade","store":"coles","brand":"Cadbury","name":"Dairy Milk Boost","price":2.5,"orgPrice":5,"imagePath":"https://shop.coles.com.au/wcsstore/Coles-CAS/images/2/8/9/2898793.jpg","categoryIds":["pantry"],"packageSize":"162g","cupPrice":"$1.54 per 100G","isAvailable":true,"locations":["vic","sa","nsw","wa","tas","act"]},{"id":"campbells-chunky-soup-peppered-steak-potato","store":"coles","brand":"Campbell's","name":"Chunky Peppered Steak & Potato Beef Soup","price":1.75,"orgPrice":3.5,"imagePath":"https://shop.coles.com.au/wcsstore/Coles-CAS/images/3/4/1/3414270.jpg","categoryIds":["pantry"],"packageSize":"505g","cupPrice":"$0.35 per 100G","isAvailable":true,"locations":["vic","sa","nsw","wa","tas","act"]},{"id":"nescafe-gold-coffee-sachets-creme-brulee","store":"coles","brand":"Nescafe","name":"Gold Creme Brulee Latte Coffee Sachets  8 pack","price":3.15,"orgPrice":6.3,"imagePath":"https://shop.coles.com.au/wcsstore/Coles-CAS/images/3/5/1/3511403.jpg","categoryIds":["pantry","drinks"],"packageSize":"140g","cupPrice":"$2.25 per 100G","isAvailable":true,"locations":["vic","sa","qld","nsw","wa","tas","act"]},{"id":"the-god-harvest-plain-flour","store":"coles","brand":"The Good Harvest","name":"Plain Flour","price":1.25,"orgPrice":2.5,"imagePath":"https://shop.coles.com.au/wcsstore/Coles-CAS/images/3/7/6/3767780.jpg","categoryIds":["pantry"],"packageSize":"1kg","cupPrice":"$1.25 per 1Kg","isAvailable":true,"locations":["vic","nsw","act"]},{"id":"cadbury-giant-freddo-dairy-milk","store":"coles","brand":"Cadbury","name":"Dairy Milk Chocolate  Freddo","price":0.5,"orgPrice":1,"imagePath":"https://shop.coles.com.au/wcsstore/Coles-CAS/images/5/2/4/5248149.jpg","categoryIds":["pantry"],"packageSize":"35g","cupPrice":"$1.43 per 100G","isAvailable":true,"locations":["vic","sa","nsw","wa","tas","act"]},{"id":"uncle-tobys-muesli-bars-chewy-forest-fruits","store":"coles","brand":"Uncle Tobys","name":"Chewy Muesli Bars Forest Fruits 6 Pack","price":2.15,"orgPrice":4.3,"imagePath":"https://shop.coles.com.au/wcsstore/Coles-CAS/images/4/9/7/4975206.jpg","categoryIds":["pantry"],"packageSize":"185g","cupPrice":"$1.16 per 100G","isAvailable":true,"locations":["vic","sa","nsw","wa","tas","act"]},{"id":"natural-chip-company-chips-sea-salt-cracked-pepper","store":"coles","brand":"Natural Chip Co.","name":"Sea Salt & Cracked Pepper Potato Chips","price":1.75,"orgPrice":1.75,"imagePath":"https://shop.coles.com.au/wcsstore/Coles-CAS/images/1/2/6/1260346.jpg","categoryIds":["pantry"],"packageSize":"175g","cupPrice":"$1.00 per 100G","isAvailable":true,"locations":["vic","sa","nsw","tas","act"]},{"id":"cadbury-caramels","store":"coles","brand":"Cadbury","name":"Caramels","price":2,"orgPrice":4,"imagePath":"https://shop.coles.com.au/wcsstore/Coles-CAS/images/2/3/5/2351899.jpg","categoryIds":["pantry"],"packageSize":"160g","cupPrice":"$1.25 per 100G","isAvailable":true,"locations":["vic","sa","nsw","wa","tas","act"]},{"id":"cadbury-caramello-koala-2395362p","store":"coles","brand":"Cadbury","name":"Caramello Koala Chocolate","price":0.5,"orgPrice":1,"imagePath":"https://shop.coles.com.au/wcsstore/Coles-CAS/images/2/3/9/2395362.jpg","categoryIds":["pantry"],"packageSize":"35g","cupPrice":"$1.43 per 100G","isAvailable":true,"locations":["vic","sa","nsw","wa","tas","act"]},{"id":"continental-homestyle-chicken-noodle-cup-a-soup-2-pack","store":"coles","brand":"Continental","name":"Cup A Soup Homestyle Chicken Noodle 2 pack","price":1,"orgPrice":2,"imagePath":"https://shop.coles.com.au/wcsstore/Coles-CAS/images/2/6/6/2667633.jpg","categoryIds":["pantry"],"packageSize":"40g","cupPrice":"$2.50 per 100G","isAvailable":true,"locations":["vic","sa","nsw","wa","tas","act"]},{"id":"cadbury-bitesize-bitsa-wispa","store":"coles","brand":"Cadbury","name":"Curly Wurly Squirlies","price":2,"orgPrice":2,"imagePath":"https://shop.coles.com.au/wcsstore/Coles-CAS/images/2/9/1/2912840.jpg","categoryIds":["pantry"],"packageSize":"110g","cupPrice":"$1.82 per 100G","isAvailable":true,"locations":["vic","sa","nsw","wa","tas","act"]},{"id":"dole-tropical-gold-pineapple-pieces-in-juice","store":"coles","brand":"Dole","name":"Pineapple Pieces in Juice Pouch","price":1.5,"orgPrice":3,"imagePath":"https://shop.coles.com.au/wcsstore/Coles-CAS/images/3/2/1/3215003.jpg","categoryIds":["pantry"],"packageSize":"400g","cupPrice":"$3.75 per 1Kg","isAvailable":true,"locations":["vic","sa","qld","nsw","wa","tas","act"]},{"id":"sunbites-snack-5-pack-crackers-cheddar-chive","store":"coles","brand":"Sunbites","name":"Cheddar & Chive Snack Crackers With Quinoa 5 Pack","price":1.75,"orgPrice":3.5,"imagePath":"https://shop.coles.com.au/wcsstore/Coles-CAS/images/2/9/9/2992420.jpg","categoryIds":["pantry"],"packageSize":"120g","cupPrice":"$1.46 per 100G","isAvailable":true,"locations":["vic","sa","nsw","tas","act"]},{"id":"wild-tides-tuna-spicy-chilli","store":"coles","brand":"Wild Tides","name":"Spicy Chilli Fished Tuna","price":1,"orgPrice":2,"imagePath":"https://shop.coles.com.au/wcsstore/Coles-CAS/images/3/2/9/3294972.jpg","categoryIds":["pantry"],"packageSize":"95g","cupPrice":"$10.53 per 1Kg","isAvailable":true,"locations":["vic","sa","nsw","wa","tas","act"]},{"id":"wild-tides-tuna-lem-pepper","store":"coles","brand":"Wild Tides","name":"Lemon And Pepper Tuna","price":1,"orgPrice":2,"imagePath":"https://shop.coles.com.au/wcsstore/Coles-CAS/images/3/2/9/3294859.jpg","categoryIds":["pantry"],"packageSize":"95g","cupPrice":"$10.53 per 1Kg","isAvailable":true,"locations":["vic","sa","nsw","wa","tas","act"]},{"id":"nescafe-gold-coffe-sachets-coconut-latte","store":"coles","brand":"Nescafe","name":"Gold Coconut Latte Coffee Sachets","price":3.15,"orgPrice":6.3,"imagePath":"https://shop.coles.com.au/wcsstore/Coles-CAS/images/3/7/3/3739263.jpg","categoryIds":["pantry","drinks"],"packageSize":"6 pack","cupPrice":"$0.53 per 1Ea","isAvailable":true,"locations":["vic","sa","qld","nsw","wa","tas","act"]},{"id":"nice-natural-nut-bar-choc-apricot","store":"coles","brand":"Nice & Natural","name":"Sweet & Salty Roasted Nut Bars 6 pack","price":2,"orgPrice":4,"imagePath":"https://shop.coles.com.au/wcsstore/Coles-CAS/images/1/0/1/1018271.jpg","categoryIds":["pantry"],"packageSize":"192g","cupPrice":"$1.04 per 100G","isAvailable":true,"locations":["vic","sa","nsw","wa","tas","act"]},{"id":"campbells-country-ladle-garden-vegetable-soup","store":"coles","brand":"Campbell's","name":"Country Ladle Garden Vegetable Soup Can","price":1.75,"orgPrice":3.5,"imagePath":"https://shop.coles.com.au/wcsstore/Coles-CAS/images/6/8/1/6815812.jpg","categoryIds":["pantry"],"packageSize":"500g","cupPrice":"$0.35 per 100G","isAvailable":true,"locations":["vic","sa","nsw","wa","tas","act"]},{"id":"continental-cup-a-soup-asian-red-thai-curry","store":"coles","brand":"Continental","name":"Cup A Soup Thai Red Curry 2 pack","price":1,"orgPrice":2,"imagePath":"https://shop.coles.com.au/wcsstore/Coles-CAS/images/9/1/9/9194846.jpg","categoryIds":["pantry"],"packageSize":"60g","cupPrice":"$1.67 per 100G","isAvailable":true,"locations":["vic","sa","nsw","wa","tas","act"]},{"id":"twinings--tea-bags-assam-bold","store":"coles","brand":"Twinings","name":"Assam Bold Tea Bags 80 pack","price":5.5,"orgPrice":11,"imagePath":"https://shop.coles.com.au/wcsstore/Coles-CAS/images/9/8/9/9896060.jpg","categoryIds":["pantry","drinks"],"packageSize":"200g","cupPrice":"$2.75 per 100G","isAvailable":true,"locations":["vic","sa","qld","nsw","wa","tas","act"]},{"id":"continental-cup-a-soup-creamy-pumpkin-with-croutons","store":"coles","brand":"Continental","name":"Cup A Soup Creamy Pumpkin with Croutons 2 pack","price":1,"orgPrice":2,"imagePath":"https://shop.coles.com.au/wcsstore/Coles-CAS/images/9/1/5/9151537.jpg","categoryIds":["pantry"],"packageSize":"55g","cupPrice":"$1.82 per 100G","isAvailable":true,"locations":["vic","sa","nsw","wa","tas","act"]},{"id":"the-spice-tailor-sauce-curry-delicate-korma","store":"coles","brand":"The Spice Tailor","name":"Delicate Korma Curry Pouch Mild","price":2.75,"orgPrice":5.5,"imagePath":"https://shop.coles.com.au/wcsstore/Coles-CAS/images/1/3/3/1330168.jpg","categoryIds":["pantry","international-foods"],"packageSize":"300g","cupPrice":"$0.92 per 100G","isAvailable":true,"locations":["vic","sa","qld","nsw","wa","tas","act"]},{"id":"continental-pepper-steak-mushroom-cup-a-soup-2-pack","store":"coles","brand":"Continental","name":"Cup A Soup Pepper Steak & Mushroom with Croutons 2 pack","price":1,"orgPrice":2,"imagePath":"https://shop.coles.com.au/wcsstore/Coles-CAS/images/2/2/8/2286516.jpg","categoryIds":["pantry"],"packageSize":"52g","cupPrice":"$1.92 per 100G","isAvailable":true,"locations":["vic","sa","nsw","wa","tas","act"]},{"id":"campbells-chunky-soup-beef-stroganoff","store":"coles","brand":"Campbell's","name":"Chunky Beef Stroganoff Soup","price":1.75,"orgPrice":3.5,"imagePath":"https://shop.coles.com.au/wcsstore/Coles-CAS/images/3/4/1/3414305.jpg","categoryIds":["pantry"],"packageSize":"505g","cupPrice":"$0.35 per 100G","isAvailable":true,"locations":["vic","sa","nsw","wa","tas","act"]},{"id":"nescafe-gold-coffee-sachets-cappuccino-inten","store":"coles","brand":"Nescafe","name":"Gold Cappuccino Intense Coffee Sachets Strong 8 pack","price":3.15,"orgPrice":6.3,"imagePath":"https://shop.coles.com.au/wcsstore/Coles-CAS/images/3/5/1/3511844.jpg","categoryIds":["pantry","drinks"],"packageSize":"123g","cupPrice":"$2.56 per 100G","isAvailable":true,"locations":["vic","sa","qld","nsw","wa","tas","act"]},{"id":"nestle-kit-kat-gold","store":"coles","brand":"Nestle","name":"KitKat Gold White Chocolate With Caramelised Break","price":1,"orgPrice":2,"imagePath":"https://shop.coles.com.au/wcsstore/Coles-CAS/images/3/5/6/3569888.jpg","categoryIds":["pantry"],"packageSize":"45g","cupPrice":"$2.22 per 100G","isAvailable":true,"locations":["vic","sa","nsw","wa","tas","act"]},{"id":"kezs-kitchen-flourless-chocolate-brownie-gf","store":"coles","brand":"Kez's Kitchen","name":"Gluten Free Chewy Flourless Chocolate Brownies 6 Pack","price":3.5,"orgPrice":7,"imagePath":"https://shop.coles.com.au/wcsstore/Coles-CAS/images/3/5/5/3550380.jpg","categoryIds":["pantry","health-beauty"],"packageSize":"210g","cupPrice":"$1.67 per 100G","isAvailable":true,"locations":["vic","sa","qld","nsw","wa","tas","act"]},{"id":"arnotts-shapes-crackers-meat-pie","store":"coles","brand":"Arnott's","name":"Shapes Meat Pie","price":1.6,"orgPrice":3.2,"imagePath":"https://shop.coles.com.au/wcsstore/Coles-CAS/images/3/6/9/3697141.jpg","categoryIds":["pantry"],"packageSize":"165g","cupPrice":"$0.97 per 100G","isAvailable":true,"locations":["vic","sa","nsw","wa","tas","act"]},{"id":"cadbury-bitesize-twirl","store":"coles","brand":"Cadbury Bitesize","name":"Twirl","price":2,"orgPrice":4,"imagePath":"https://shop.coles.com.au/wcsstore/Coles-CAS/images/3/7/3/3738442.jpg","categoryIds":["pantry"],"packageSize":"135g","cupPrice":"$1.48 per 100G","isAvailable":true,"locations":["vic","sa","nsw","wa","tas","act"]},{"id":"twinings-tea-bags-vanilla-chai","store":"coles","brand":"Twining's","name":"Vanilla Chai Tea Bags","price":5.5,"orgPrice":11,"imagePath":"https://shop.coles.com.au/wcsstore/Coles-CAS/images/3/7/0/3708645.jpg","categoryIds":["pantry","drinks"],"packageSize":"80 pack","cupPrice":"$0.07 per 1Ea","isAvailable":true,"locations":["vic","sa","qld","nsw","wa","tas","act"]},{"id":"nice-natural--roasted-almond-nut-bar-6-pack","store":"coles","brand":"Nice & Natural","name":"Roasted Peanut Almond Bars 6 Pack","price":2,"orgPrice":4,"imagePath":"https://shop.coles.com.au/wcsstore/Coles-CAS/images/2/6/0/2605910.jpg","categoryIds":["pantry"],"packageSize":"192g","cupPrice":"$1.04 per 100G","isAvailable":true,"locations":["vic","sa","nsw","wa","tas","act"]},{"id":"twinings-tea-bags-morning-2872938p","store":"coles","brand":"Twinings","name":"Morning Tea Bags 100 pack","price":5.5,"orgPrice":11,"imagePath":"https://shop.coles.com.au/wcsstore/Coles-CAS/images/2/8/7/2872938.jpg","categoryIds":["pantry","drinks"],"packageSize":"200g","cupPrice":"$2.50 per 100G","isAvailable":true,"locations":["vic","sa","qld","nsw","wa","tas","act"]},{"id":"carmans-gourmet-porridge-almond-pecan-hazelnut","store":"coles","brand":"Carmans","name":"Gourmet Porridge Almond Pecan & Hazelnut","price":3,"orgPrice":6,"imagePath":"https://shop.coles.com.au/wcsstore/Coles-CAS/images/3/1/8/3185343.jpg","categoryIds":["pantry"],"packageSize":"320g","cupPrice":"$0.94 per 100G","isAvailable":true,"locations":["vic","sa","nsw","wa","tas","act"]},{"id":"nescafe-gold-coffee-sachets-cappuccino-orig","store":"coles","brand":"Nescafe","name":"Gold Cappuccino Original Coffee Sachets Medium 8 pack","price":3.15,"orgPrice":6.3,"imagePath":"https://shop.coles.com.au/wcsstore/Coles-CAS/images/3/5/1/3511822.jpg","categoryIds":["pantry","drinks"],"packageSize":"123g","cupPrice":"$2.56 per 100G","isAvailable":true,"locations":["vic","sa","qld","nsw","wa","tas","act"]},{"id":"arnotts-shapes-crackers-sausage-sizzle","store":"coles","brand":"Arnott's","name":"Shapes Crackers Sausage Sizzle","price":1.6,"orgPrice":3.2,"imagePath":"https://shop.coles.com.au/wcsstore/Coles-CAS/images/3/6/9/3697120.jpg","categoryIds":["pantry"],"packageSize":"165g","cupPrice":"$0.97 per 100G","isAvailable":true,"locations":["vic","sa","nsw","wa","tas"]},{"id":"nescafe-gold-coffe-sachets-tiramisu-mocha","store":"coles","brand":"Nescafe","name":"Gold Tiramisu Mocha Coffee Sachets","price":3.15,"orgPrice":6.3,"imagePath":"https://shop.coles.com.au/wcsstore/Coles-CAS/images/3/7/7/3776521.jpg","categoryIds":["pantry","drinks"],"packageSize":"8 pack","cupPrice":"$0.39 per 1Ea","isAvailable":true,"locations":["vic","sa","qld","nsw","wa","tas","act"]},{"id":"nice-natural-nut-bar-original-6-pack","store":"coles","brand":"Nice & Natural","name":"Roasted Peanut Nut Bars 6 Pack","price":2,"orgPrice":4,"imagePath":"https://shop.coles.com.au/wcsstore/Coles-CAS/images/9/8/2/9827148.jpg","categoryIds":["pantry"],"packageSize":"192g","cupPrice":"$1.04 per 100G","isAvailable":true,"locations":["vic","sa","nsw","wa","tas"]},{"id":"the-spice-tailor-sauce-curry-original-tikka-masala","store":"coles","brand":"The Spice Tailor","name":"Original Tikka Masala","price":2.75,"orgPrice":5.5,"imagePath":"https://shop.coles.com.au/wcsstore/Coles-CAS/images/1/3/3/1330204.jpg","categoryIds":["pantry","international-foods"],"packageSize":"300g","cupPrice":"$0.92 per 100G","isAvailable":true,"locations":["vic","sa","qld","nsw","wa","tas","act"]},{"id":"carmans-honey-roasted-nut-gourmet-porridge-sachets-8-pack","store":"coles","brand":"Carman's","name":"Honey Roasted Nut Gourmet Porridge Sachets 8 pack","price":3,"orgPrice":6,"imagePath":"https://shop.coles.com.au/wcsstore/Coles-CAS/images/1/7/3/1736774.jpg","categoryIds":["pantry"],"packageSize":"320g","cupPrice":"$0.94 per 100G","isAvailable":true,"locations":["vic","sa","nsw","wa","tas"]},{"id":"nestle-chunky-caramel-chocolate-kit-kat","store":"coles","brand":"Nestle","name":"KitKat Chunky Caramel","price":1,"orgPrice":2,"imagePath":"https://shop.coles.com.au/wcsstore/Coles-CAS/images/2/0/2/2026140.jpg","categoryIds":["pantry"],"packageSize":"55g","cupPrice":"$1.82 per 100G","isAvailable":true,"locations":["vic","sa","nsw","wa","tas"]},{"id":"kelloggs-breakfast-biscuits-cran-almond","store":"coles","brand":"Kellogg's","name":"Baked Muesli Breakfast Biscuits With Cranberries Almonds And A Hint Of Honey","price":2.25,"orgPrice":4.5,"imagePath":"https://shop.coles.com.au/wcsstore/Coles-CAS/images/2/8/1/2815082.jpg","categoryIds":["pantry"],"packageSize":"200g","cupPrice":"$1.13 per 100G","isAvailable":true,"locations":["vic","sa","nsw","wa","tas"]},{"id":"fulfil-protein-bar-peanut-caramel","store":"coles","brand":"Fulfil","name":"Vitamin & Protein Bar Peanut & Caramel Flavour","price":2,"orgPrice":4,"imagePath":"https://shop.coles.com.au/wcsstore/Coles-CAS/images/3/1/2/3129240.jpg","categoryIds":["pantry","health-beauty"],"packageSize":"55g","cupPrice":"$3.64 per 100G","isAvailable":true,"locations":["vic","sa","qld","nsw","wa","tas","act"]},{"id":"wild-tides-tuna-onion-savoury-sauce","store":"coles","brand":"Wild Tides","name":"Tuna Onion And Tomato Savoury Sauce","price":1,"orgPrice":2,"imagePath":"https://shop.coles.com.au/wcsstore/Coles-CAS/images/3/2/9/3294906.jpg","categoryIds":["pantry"],"packageSize":"95g","cupPrice":"$10.53 per 1Kg","isAvailable":true,"locations":["vic","sa","nsw","wa","tas"]},{"id":"wild-tides-tuna-sweet-chilli","store":"coles","brand":"Wild Tides","name":"Sweet Chilli Fished Tuna","price":1,"orgPrice":2,"imagePath":"https://shop.coles.com.au/wcsstore/Coles-CAS/images/3/2/9/3295024.jpg","categoryIds":["pantry"],"packageSize":"95g","cupPrice":"$1.05 per 100G","isAvailable":true,"locations":["vic","sa","nsw","wa","tas"]},{"id":"wild-tides-tuna-smokey","store":"coles","brand":"Wild Tides","name":"Smoke Flavour Tuna","price":1,"orgPrice":2,"imagePath":"https://shop.coles.com.au/wcsstore/Coles-CAS/images/3/2/9/3295090.jpg","categoryIds":["pantry"],"packageSize":"95g","cupPrice":"$1.05 per 100G","isAvailable":true,"locations":["vic","sa","nsw","wa","tas"]},{"id":"well-yes-hearty-lentil-vegetable-soup","store":"coles","brand":"Well Yes","name":"Hearty Lentil With Vegetable Soup","price":1.75,"orgPrice":3.5,"imagePath":"https://shop.coles.com.au/wcsstore/Coles-CAS/images/3/4/1/3414167.jpg","categoryIds":["pantry"],"packageSize":"463g","cupPrice":"$0.38 per 100G","isAvailable":true,"locations":["vic","sa","nsw","wa","tas"]},{"id":"wfc-organic-blue-corn-quinoa-chips","store":"coles","brand":"The Wholesome Food Company","name":"Organic Blue Corn & Quinoa Chips","price":2.5,"orgPrice":5,"imagePath":"https://shop.coles.com.au/wcsstore/Coles-CAS/images/3/5/5/3558371.jpg","categoryIds":["pantry","health-beauty"],"packageSize":"150g","cupPrice":"$1.67 per 100G","isAvailable":true,"locations":["vic","sa","qld","nsw","tas","act"]},{"id":"campbells-chunky-soup-chicken-korma","store":"coles","brand":"Campbell's","name":"Chunky Soup Chicken Korma","price":1.75,"orgPrice":3.5,"imagePath":"https://shop.coles.com.au/wcsstore/Coles-CAS/images/3/7/1/3714670.jpg","categoryIds":["pantry"],"packageSize":"505g","cupPrice":"$0.35 per 100G","isAvailable":true,"locations":["vic","sa","nsw","wa","tas"]},{"id":"the-god-harvest-self-raising-flour","store":"coles","brand":"The Good Harvest","name":"Self Raising Flour","price":1.25,"orgPrice":2.5,"imagePath":"https://shop.coles.com.au/wcsstore/Coles-CAS/images/3/7/6/3767790.jpg","categoryIds":["pantry"],"packageSize":"1kg","cupPrice":"$1.25 per 1Kg","isAvailable":true,"locations":["vic","nsw"]},{"id":"nestle-kit-kat-mint-cokie-fudge","store":"coles","brand":"Nestle","name":"Kit Kat Mint Cookie Fudge","price":1,"orgPrice":2,"imagePath":"https://shop.coles.com.au/wcsstore/Coles-CAS/images/3/7/6/3761229.jpg","categoryIds":["pantry"],"packageSize":"45g","cupPrice":"$2.22 per 100G","isAvailable":true,"locations":["vic","sa","nsw","wa","tas"]},{"id":"nescafe-gold-coffe-sachets-oat-latte","store":"coles","brand":"Nescafe","name":"Gold Oat Latte Coffee Sachets","price":3.15,"orgPrice":6.3,"imagePath":"https://shop.coles.com.au/wcsstore/Coles-CAS/images/3/7/3/3739274.jpg","categoryIds":["pantry","drinks"],"packageSize":"6 pack","cupPrice":"$0.53 per 1Ea","isAvailable":true,"locations":["vic","sa","qld","nsw","wa","tas","act"]},{"id":"podravka-beef-goulash","store":"coles","brand":"Podravka","name":"Beef Goulash","price":2,"orgPrice":4,"imagePath":"https://shop.coles.com.au/wcsstore/Coles-CAS/images/6/3/3/6331496.jpg","categoryIds":["pantry"],"packageSize":"300g","cupPrice":"$0.67 per 100G","isAvailable":true,"locations":["vic","sa","nsw","wa","tas"]},{"id":"mars-maltesers-teasers","store":"coles","brand":"Maltesers","name":"Teasers Milk Chocolate Bar","price":1,"orgPrice":2,"imagePath":"https://shop.coles.com.au/wcsstore/Coles-CAS/images/2/4/5/2458509.jpg","categoryIds":["pantry"],"packageSize":"35g","cupPrice":"$2.86 per 100G","isAvailable":true,"locations":["vic","sa","nsw","wa","tas"]},{"id":"kraft-cruchy-peanut-butter","store":"coles","brand":"Bega","name":"Peanut Butter Super Crunchy","price":2.85,"orgPrice":5.7,"imagePath":"https://shop.coles.com.au/wcsstore/Coles-CAS/images/2/7/8/2786257.jpg","categoryIds":["pantry"],"packageSize":"470g","cupPrice":"$0.61 per 100G","isAvailable":true,"locations":["vic","sa","nsw","wa","tas"]},{"id":"natural-chip-co-cheddar-caramelised-onion","store":"coles","brand":"Natural Chip Co.","name":"Chilli Lime Potato Chips","price":1.75,"orgPrice":1.75,"imagePath":"https://shop.coles.com.au/wcsstore/Coles-CAS/images/3/1/6/3168504.jpg","categoryIds":["pantry"],"packageSize":"175g","cupPrice":"$1.00 per 100G","isAvailable":true,"locations":["vic","sa","nsw","wa","tas"]},{"id":"kelloggs-breakfast-biscuts-gold-oat-honey","store":"coles","brand":"Kellogg's","name":"Baked Muesli Breakfast Biscuits With Golden Oats and Honey 5 pack","price":2.25,"orgPrice":4.5,"imagePath":"https://shop.coles.com.au/wcsstore/Coles-CAS/images/3/2/1/3212162.jpg","categoryIds":["pantry"],"packageSize":"200g","cupPrice":"$1.13 per 100G","isAvailable":true,"locations":["vic","sa","nsw","wa","tas"]},{"id":"campbells-chunky-soup-chilli-bef","store":"coles","brand":"Campbell's","name":"Chunky Soup Chilli Beef","price":1.75,"orgPrice":3.5,"imagePath":"https://shop.coles.com.au/wcsstore/Coles-CAS/images/3/7/1/3714681.jpg","categoryIds":["pantry"],"packageSize":"505g","cupPrice":"$0.35 per 100G","isAvailable":true,"locations":["vic","sa","nsw","wa","tas"]},{"id":"nestle-kit-kat-goey-caramel","store":"coles","brand":"Nestle","name":"Kit Kat Gooey Caramel","price":1,"orgPrice":2,"imagePath":"https://shop.coles.com.au/wcsstore/Coles-CAS/images/3/7/6/3761240.jpg","categoryIds":["pantry"],"packageSize":"45g","cupPrice":"$2.22 per 100G","isAvailable":true,"locations":["vic","sa","nsw","wa","tas"]},{"id":"cadbury-block-marvellous-creations-birthday-cake","store":"coles","brand":"Cadbury","name":"Marvellous Creations Birthday Cake Block","price":2.5,"orgPrice":5,"imagePath":"https://shop.coles.com.au/wcsstore/Coles-CAS/images/3/8/1/3816025.jpg","categoryIds":["pantry"],"packageSize":"190g","cupPrice":"$1.32 per 100G","isAvailable":true,"locations":["vic","sa","nsw","wa","tas"]},{"id":"mars-m-ms-milk-chocolate","store":"coles","brand":"M&M's","name":"Milk Chocolate Small Bag","price":1,"orgPrice":2,"imagePath":"https://shop.coles.com.au/wcsstore/Coles-CAS/images/7/2/5/7251224.jpg","categoryIds":["pantry"],"packageSize":"49g","cupPrice":"$2.04 per 100G","isAvailable":true,"locations":["vic","sa","nsw","wa","tas"]},{"id":"continental-homestyle-chicken-cup-a-soup-2-pack","store":"coles","brand":"Continental","name":"Cup A Soup Homestyle Chicken 2 pack","price":1,"orgPrice":2,"imagePath":"https://shop.coles.com.au/wcsstore/Coles-CAS/images/2/6/6/2667622.jpg","categoryIds":["pantry"],"packageSize":"46g","cupPrice":"$2.17 per 100G","isAvailable":true,"locations":["vic","sa","nsw","wa","tas"]},{"id":"mars-chocolate-milky-way","store":"coles","brand":"Milky Way","name":"Chocolate Bar","price":1,"orgPrice":2,"imagePath":"https://shop.coles.com.au/wcsstore/Coles-CAS/images/3/2/9/3293663.jpg","categoryIds":["pantry"],"packageSize":"53g","cupPrice":"$1.89 per 100G","isAvailable":true,"locations":["vic","sa","nsw","wa","tas"]},{"id":"well-yes-roasted-chicken-with-wild-rice-soup","store":"coles","brand":"Well Yes","name":"Roasted Chicken With Wild Rice Soup","price":1.75,"orgPrice":3.5,"imagePath":"https://shop.coles.com.au/wcsstore/Coles-CAS/images/3/4/1/3414156.jpg","categoryIds":["pantry"],"packageSize":"463g","cupPrice":"$0.38 per 100G","isAvailable":true,"locations":["vic","sa","nsw","wa","tas"]},{"id":"well-yes-chicken-noodle-soup","store":"coles","brand":"Well Yes","name":"Chicken Noodle Soup","price":1.75,"orgPrice":3.5,"imagePath":"https://shop.coles.com.au/wcsstore/Coles-CAS/images/3/4/1/3414123.jpg","categoryIds":["pantry"],"packageSize":"458g","cupPrice":"$0.38 per 100G","isAvailable":true,"locations":["vic","sa","nsw","wa","tas"]},{"id":"vegeta-beef-stew-w-mshrom-potato","store":"coles","brand":"Vegeta","name":"Beef Stew With Mushrooms & Potatoes","price":2,"orgPrice":4,"imagePath":"https://shop.coles.com.au/wcsstore/Coles-CAS/images/3/5/3/3532640.jpg","categoryIds":["pantry"],"packageSize":"400g","cupPrice":"$0.50 per 100G","isAvailable":true,"locations":["vic","sa","nsw","wa","tas"]},{"id":"mars-maltesers-truffles","store":"coles","brand":"Maltesers","name":"Truffles","price":7,"orgPrice":14,"imagePath":"https://shop.coles.com.au/wcsstore/Coles-CAS/images/3/5/7/3571868.jpg","categoryIds":["pantry"],"packageSize":"196g","cupPrice":"$3.57 per 100G","isAvailable":true,"locations":["vic","sa","nsw","wa","tas"]},{"id":"pascall-milk-bottles","store":"coles","brand":"Pascall","name":"Milk Bottles","price":2,"orgPrice":4,"imagePath":"https://shop.coles.com.au/wcsstore/Coles-CAS/images/3/6/1/3611532.jpg","categoryIds":["pantry"],"packageSize":"210g","cupPrice":"$0.95 per 100G","isAvailable":true,"locations":["vic","sa","nsw","wa","tas"]},{"id":"carmans-fibre-rich-probiotic-honey-almond","store":"coles","brand":"Carman's","name":"Fibre Rich Probiotic Honey & Almond","price":3,"orgPrice":6,"imagePath":"https://shop.coles.com.au/wcsstore/Coles-CAS/images/3/7/4/3741673.jpg","categoryIds":["pantry"],"packageSize":"240g","cupPrice":"$1.25 per 100G","isAvailable":true,"locations":["vic","sa","nsw","wa","tas"]},{"id":"the-spice-tailor-sauce-curry-keralan-coconut","store":"coles","brand":"The Spice Tailor","name":"Keralan Coconut Curry","price":2.75,"orgPrice":5.5,"imagePath":"https://shop.coles.com.au/wcsstore/Coles-CAS/images/1/3/1/1311345.jpg","categoryIds":["pantry","international-foods"],"packageSize":"225g","cupPrice":"$1.22 per 100G","isAvailable":true,"locations":["vic","sa","qld","nsw","wa","tas","act"]},{"id":"sunsol-muesli-ancient-grains-superfruits","store":"coles","brand":"Sunsol","name":"Blueberries Chia Goji Berries & Coconut Muesli","price":3,"orgPrice":6,"imagePath":"https://shop.coles.com.au/wcsstore/Coles-CAS/images/2/8/5/2855622.jpg","categoryIds":["pantry"],"packageSize":"500g","cupPrice":"$0.60 per 100G","isAvailable":true,"locations":["vic","sa","nsw","wa","tas"]},{"id":"wild-tides-tuna-tomato-basil","store":"coles","brand":"Wild Tides","name":"Tomato & Basil Fished Tuna","price":1,"orgPrice":2,"imagePath":"https://shop.coles.com.au/wcsstore/Coles-CAS/images/3/2/9/3295080.jpg","categoryIds":["pantry"],"packageSize":"95g","cupPrice":"$1.05 per 100G","isAvailable":true,"locations":["vic","sa","nsw","wa","tas"]},{"id":"sunsol-probiotic-almond-cashew-chia","store":"coles","brand":"Sunsol","name":"Probiotic Almond Cashew & Chia Toasted Muesli","price":3.5,"orgPrice":7,"imagePath":"https://shop.coles.com.au/wcsstore/Coles-CAS/images/3/5/1/3515721.jpg","categoryIds":["pantry"],"packageSize":"400g","cupPrice":"$0.88 per 100G","isAvailable":true,"locations":["vic","sa","nsw","wa","tas"]},{"id":"pascall-party-pack-3611485p","store":"coles","brand":"Pascall","name":"Party Pack","price":2,"orgPrice":4,"imagePath":"https://shop.coles.com.au/wcsstore/Coles-CAS/images/3/6/1/3611485.jpg","categoryIds":["pantry"],"packageSize":"240g","cupPrice":"$0.83 per 100G","isAvailable":true,"locations":["vic","sa","nsw","wa","tas"]},{"id":"wild-tides-tuna-teriyaki","store":"coles","brand":"Wild Tides","name":"Responsibly Fished Tuna Teriyaki","price":1,"orgPrice":2,"imagePath":"https://shop.coles.com.au/wcsstore/Coles-CAS/images/3/6/0/3608913.jpg","categoryIds":["pantry"],"packageSize":"95g","cupPrice":"$10.53 per 1Kg","isAvailable":true,"locations":["vic","sa","nsw","wa","tas"]},{"id":"oreo-family-pack-biscuits-creme-chocolate","store":"coles","brand":"Oreo","name":"Chocolate Creme Biscuits Family Pack","price":2.25,"orgPrice":4.5,"imagePath":"https://shop.coles.com.au/wcsstore/Coles-CAS/images/3/7/1/3711220.jpg","categoryIds":["pantry"],"packageSize":"370g","cupPrice":"$0.61 per 100G","isAvailable":true,"locations":["vic","sa","nsw","wa","tas"]},{"id":"sour-patch-kids-cola","store":"coles","brand":"Sour Patch","name":"Kids Cola","price":2,"orgPrice":4,"imagePath":"https://shop.coles.com.au/wcsstore/Coles-CAS/images/3/7/3/3739547.jpg","categoryIds":["pantry"],"packageSize":"220g","cupPrice":"$0.91 per 100G","isAvailable":true,"locations":["vic","sa","nsw","wa","tas"]},{"id":"sour-patch-watermelon","store":"coles","brand":"The Natural Confectionary Co.","name":"Sour Patch Watermelon","price":2,"orgPrice":4,"imagePath":"https://shop.coles.com.au/wcsstore/Coles-CAS/images/2/2/1/2213104.jpg","categoryIds":["pantry"],"packageSize":"220g","cupPrice":"$0.91 per 100G","isAvailable":true,"locations":["vic","sa","nsw","wa","tas"]},{"id":"wholesome-foods-hummus-chips","store":"coles","brand":"The Wholesome Food Company","name":"Hommus Chips","price":2.5,"orgPrice":5,"imagePath":"https://shop.coles.com.au/wcsstore/Coles-CAS/images/2/5/1/2510020.jpg","categoryIds":["pantry","health-beauty"],"packageSize":"120g","cupPrice":"$2.08 per 100G","isAvailable":true,"locations":["vic","sa","qld","nsw","tas","act"]},{"id":"pringles-sweet-spicy-bbq-flavour-potato-chips","store":"coles","brand":"Pringles","name":"Limited Edition Potato Chips","price":2,"orgPrice":4,"imagePath":"https://shop.coles.com.au/wcsstore/Coles-CAS/images/2/8/7/2871990.jpg","categoryIds":["pantry"],"packageSize":"134g","cupPrice":"$1.49 per 100G","isAvailable":true,"locations":["vic","sa","nsw","wa","tas"]},{"id":"carmans-gourmet-porridge-sachet-5-grain","store":"coles","brand":"Carman's","name":"Natural 5 Grain & Super Seed Gourmet Porridge Sachets","price":3,"orgPrice":6,"imagePath":"https://shop.coles.com.au/wcsstore/Coles-CAS/images/2/8/7/2877104.jpg","categoryIds":["pantry"],"packageSize":"320g","cupPrice":"$0.94 per 100G","isAvailable":true,"locations":["vic","sa","wa","tas"]},{"id":"fulfil-protein-bar-choc-mint","store":"coles","brand":"Fulfil","name":"Milk Chocolate And Mint Flavour Vitamin And Protein Bar","price":2,"orgPrice":4,"imagePath":"https://shop.coles.com.au/wcsstore/Coles-CAS/images/3/1/2/3129218.jpg","categoryIds":["pantry","health-beauty"],"packageSize":"55g","cupPrice":"$3.64 per 100G","isAvailable":true,"locations":["vic","sa","qld","nsw","wa","tas","act"]},{"id":"wild-tides-tuna-mayo-w-sw-corn","store":"coles","brand":"Wild Tides","name":"Sweetcorn And Mayonnaise Responsibly Fished Tuna","price":1,"orgPrice":2,"imagePath":"https://shop.coles.com.au/wcsstore/Coles-CAS/images/3/2/9/3295104.jpg","categoryIds":["pantry"],"packageSize":"95g","cupPrice":"$10.53 per 1Kg","isAvailable":true,"locations":["vic","sa","wa","tas"]},{"id":"vegeta-chicken-cass-w-spring-veg","store":"coles","brand":"Vegeta","name":"Chicken Casserole With Spring Vegetables","price":2,"orgPrice":4,"imagePath":"https://shop.coles.com.au/wcsstore/Coles-CAS/images/3/5/3/3532550.jpg","categoryIds":["pantry"],"packageSize":"400g","cupPrice":"$0.50 per 100G","isAvailable":true,"locations":["vic","sa","wa","tas"]},{"id":"vegeta-pork-cass-w-pot-carrot","store":"coles","brand":"Vegeta","name":"Pork Casserole With Potatoes & Carrots","price":2,"orgPrice":4,"imagePath":"https://shop.coles.com.au/wcsstore/Coles-CAS/images/3/5/3/3532673.jpg","categoryIds":["pantry"],"packageSize":"400g","cupPrice":"$0.50 per 100G","isAvailable":true,"locations":["vic","sa","wa","tas"]},{"id":"starburst-fruit-chews-original","store":"coles","brand":"Starburst","name":"Original Fruit Chews Lollies Stick","price":1,"orgPrice":2,"imagePath":"https://shop.coles.com.au/wcsstore/Coles-CAS/images/3/5/0/3502016.jpg","categoryIds":["pantry"],"packageSize":"45g","cupPrice":"$2.22 per 100G","isAvailable":true,"locations":["vic","sa","wa","tas"]},{"id":"camrmans-fibre-rich-probiotic-vanila-bean","store":"coles","brand":"Carman's","name":"Fibre Rich Probiotic Cereal Vanilla Bean & Seed","price":3,"orgPrice":6,"imagePath":"https://shop.coles.com.au/wcsstore/Coles-CAS/images/3/7/4/3741684.jpg","categoryIds":["pantry"],"packageSize":"240g","cupPrice":"$1.25 per 100G","isAvailable":true,"locations":["vic","sa","wa","tas"]},{"id":"the-spice-tailor-sauce-curry-rustic-rogan-josh","store":"coles","brand":"The Spice Tailor","name":"Rustic Rogan Josh Curry Pouch Mild","price":2.75,"orgPrice":5.5,"imagePath":"https://shop.coles.com.au/wcsstore/Coles-CAS/images/1/3/3/1330180.jpg","categoryIds":["pantry","international-foods"],"packageSize":"300g","cupPrice":"$0.92 per 100G","isAvailable":true,"locations":["vic","sa","qld","nsw","wa","tas","act"]},{"id":"the-spice-tailor-fiery-goan-curry-sauce","store":"coles","brand":"The Spice Tailor","name":"Fiery Goan Curry","price":2.75,"orgPrice":5.5,"imagePath":"https://shop.coles.com.au/wcsstore/Coles-CAS/images/2/3/6/2361203.jpg","categoryIds":["pantry","international-foods"],"packageSize":"300g","cupPrice":"$0.92 per 100G","isAvailable":true,"locations":["vic","sa","qld","nsw","wa","tas","act"]},{"id":"wholesome-foods-original-falafel-chips","store":"coles","brand":"Wholesome Food Company","name":"Gluten Free Original Falafel Chips","price":2.5,"orgPrice":5,"imagePath":"https://shop.coles.com.au/wcsstore/Coles-CAS/images/2/5/0/2509654.jpg","categoryIds":["pantry","health-beauty"],"packageSize":"175g","cupPrice":"$1.43 per 100G","isAvailable":true,"locations":["vic","sa","qld","nsw","wa","tas","act"]},{"id":"pringles-southern-fried-chicken-flavour-potato-chips","store":"coles","brand":"Pringles","name":"Chicken Schnitty Flavour Potato Chips","price":2,"orgPrice":4,"imagePath":"https://shop.coles.com.au/wcsstore/Coles-CAS/images/2/7/8/2784080.jpg","categoryIds":["pantry"],"packageSize":"134g","cupPrice":"$1.49 per 100G","isAvailable":true,"locations":["vic","sa","tas"]},{"id":"well-yes-minestrone-with-kale-soup","store":"coles","brand":"Campbell's","name":"Well Yes Minestrone With Kale Soup","price":1.75,"orgPrice":3.5,"imagePath":"https://shop.coles.com.au/wcsstore/Coles-CAS/images/3/4/1/3414190.jpg","categoryIds":["pantry"],"packageSize":"458g","cupPrice":"$0.38 per 100G","isAvailable":true,"locations":["vic","sa","wa","tas"]},{"id":"pascall-choc-mallows-raspberry","store":"coles","brand":"Pascall","name":"Raspberry Flavour Chocolate Mallow Bites","price":2,"orgPrice":4,"imagePath":"https://shop.coles.com.au/wcsstore/Coles-CAS/images/3/5/3/3532083.jpg","categoryIds":["pantry"],"packageSize":"160g","cupPrice":"$1.25 per 100G","isAvailable":true,"locations":["vic","sa","wa","tas"]},{"id":"wild-tides-tuna-green-curry","store":"coles","brand":"Wild Tides","name":"Responsibly Fished Tuna Thai Green Curry Mild","price":1,"orgPrice":2,"imagePath":"https://shop.coles.com.au/wcsstore/Coles-CAS/images/3/6/0/3608924.jpg","categoryIds":["pantry"],"packageSize":"95g","cupPrice":"$10.53 per 1Kg","isAvailable":true,"locations":["vic","sa","wa","tas"]},{"id":"nestle-kit-kat-double-cokies-cream","store":"coles","brand":"Nestle","name":"Kit Kat Double Cookies & Cream","price":1,"orgPrice":2,"imagePath":"https://shop.coles.com.au/wcsstore/Coles-CAS/images/3/7/1/3710192.jpg","categoryIds":["pantry"],"packageSize":"45g","cupPrice":"$2.22 per 100G","isAvailable":true,"locations":["vic","sa","wa","tas"]},{"id":"kez-s-kitchen-gluten-fre-peanut-butter-brownies","store":"coles","brand":"Kez's Kitchen","name":"Gluten Free Peanut Butter Brownies","price":3.5,"orgPrice":7,"imagePath":"https://shop.coles.com.au/wcsstore/Coles-CAS/images/3/7/5/3757152.jpg","categoryIds":["pantry","health-beauty"],"packageSize":"210g","cupPrice":"$1.67 per 100G","isAvailable":true,"locations":["vic","sa","qld","nsw","tas","act"]},{"id":"sour-patch-kids-mega-duos","store":"coles","brand":"Sour Patch","name":"Kids Mega Duos","price":2,"orgPrice":4,"imagePath":"https://shop.coles.com.au/wcsstore/Coles-CAS/images/3/7/3/3739503.jpg","categoryIds":["pantry"],"packageSize":"220g","cupPrice":"$0.91 per 100G","isAvailable":true,"locations":["vic","sa","wa","tas"]},{"id":"mars-chocolate-snickers-crispers","store":"coles","brand":"Mars","name":"Chocolate Snickers Crispers","price":1,"orgPrice":2,"imagePath":"https://shop.coles.com.au/wcsstore/Coles-CAS/images/3/7/7/3773159.jpg","categoryIds":["pantry"],"packageSize":"40g","cupPrice":"$2.50 per 100G","isAvailable":true,"locations":["vic","sa","wa","tas"]},{"id":"wholesome-foods-protein-chips","store":"coles","brand":"Wholesome Food Company","name":"Gluten Free Roasted Jalapeno Protein Chips","price":2.5,"orgPrice":5,"imagePath":"https://shop.coles.com.au/wcsstore/Coles-CAS/images/2/9/9/2995891.jpg","categoryIds":["pantry","health-beauty"],"packageSize":"70g","cupPrice":"$3.57 per 100G","isAvailable":true,"locations":["vic","sa","qld","nsw","tas","act"]},{"id":"gold-sunset-canola-oil","store":"coles","brand":"Gold Sunset","name":"Canola Oil","price":9,"orgPrice":18,"imagePath":"https://shop.coles.com.au/wcsstore/Coles-CAS/images/3/2/3/3234008.jpg","categoryIds":["pantry"],"packageSize":"4L","cupPrice":"$0.23 per 100mL","isAvailable":true,"locations":["vic","sa","wa","tas"]},{"id":"wholesome-food-veg-corn-cauli-cheese-chips-gf","store":"coles","brand":"Wholesome Food Company","name":"Gluten Free Corn Chips With Veg Cauliflower Linseed & Cheddar Cheese","price":2.5,"orgPrice":5,"imagePath":"https://shop.coles.com.au/wcsstore/Coles-CAS/images/3/1/4/3145010.jpg","categoryIds":["pantry","health-beauty"],"packageSize":"150g","cupPrice":"$1.67 per 100G","isAvailable":true,"locations":["vic","sa","qld","nsw","tas","act"]},{"id":"bega-peanut-butter-dark-roast-crunchy","store":"coles","brand":"Bega","name":"Dark Roast Crunchy Peanut Butter","price":2.85,"orgPrice":5.7,"imagePath":"https://shop.coles.com.au/wcsstore/Coles-CAS/images/3/2/1/3213653.jpg","categoryIds":["pantry"],"packageSize":"470g","cupPrice":"$0.61 per 100G","isAvailable":true,"locations":["vic","sa","wa","tas"]},{"id":"sunsol-probiotic-manuka-honey-almond","store":"coles","brand":"Sunsol","name":"Probiotic Almond & Manuka Honey Toasted Muesli","price":3.5,"orgPrice":7,"imagePath":"https://shop.coles.com.au/wcsstore/Coles-CAS/images/3/5/1/3515710.jpg","categoryIds":["pantry"],"packageSize":"400g","cupPrice":"$0.88 per 100G","isAvailable":true,"locations":["vic","sa","wa","tas"]},{"id":"lindt-lindor-bar","store":"coles","brand":"Lindt","name":"Lindor Milk Chocolate Bar","price":1,"orgPrice":2,"imagePath":"https://shop.coles.com.au/wcsstore/Coles-CAS/images/1/2/5/1255244.jpg","categoryIds":["pantry"],"packageSize":"38g","cupPrice":"$2.63 per 100G","isAvailable":true,"locations":["vic","sa","wa","tas"]},{"id":"wholesome-foods-straws-wasabi-mayo-chips-gf","store":"coles","brand":"Wholesome Food Company","name":"Gluten Free Quinoa & Chia Straws With Wasabi Chips","price":2.5,"orgPrice":5,"imagePath":"https://shop.coles.com.au/wcsstore/Coles-CAS/images/3/1/4/3145000.jpg","categoryIds":["pantry","health-beauty"],"packageSize":"120g","cupPrice":"$2.08 per 100G","isAvailable":true,"locations":["vic","sa","qld","nsw","tas","act"]},{"id":"europe-bitesize-summer-roll","store":"coles","brand":"Europe","name":"Minis Summer Roll","price":2,"orgPrice":4,"imagePath":"https://shop.coles.com.au/wcsstore/Coles-CAS/images/3/5/4/3542462.jpg","categoryIds":["pantry"],"packageSize":"135g","cupPrice":"$1.48 per 100G","isAvailable":true,"locations":["vic","sa","wa","tas"]},{"id":"wild-tides-tuna-triple-chilli","store":"coles","brand":"Wild Tides","name":"Responsibly Fished Tuna Triple Chilli Medium","price":1,"orgPrice":2,"imagePath":"https://shop.coles.com.au/wcsstore/Coles-CAS/images/3/6/0/3608946.jpg","categoryIds":["pantry"],"packageSize":"95g","cupPrice":"$10.53 per 1Kg","isAvailable":true,"locations":["vic","sa","wa","tas"]},{"id":"arnotts-shapes-crackers-lamb-rosemary","store":"coles","brand":"Arnott's","name":"Shapes Crackers Lamb Rosemary","price":1.6,"orgPrice":3.2,"imagePath":"https://shop.coles.com.au/wcsstore/Coles-CAS/images/3/8/0/3806870.jpg","categoryIds":["pantry"],"packageSize":"165g","cupPrice":"$0.97 per 100G","isAvailable":true,"locations":["vic","sa","wa","tas"]},{"id":"steggles-chicken-breast-fingers-frozen","store":"coles","brand":"Steggles","name":"Frozen Crumbed Chicken Breast Fingers","price":3.5,"orgPrice":7,"imagePath":"https://shop.coles.com.au/wcsstore/Coles-CAS/images/6/6/3/6632528.jpg","categoryIds":["freezer"],"packageSize":"400g","cupPrice":"$8.75 per 1Kg","isAvailable":true,"locations":["vic","act"]},{"id":"patties-party-pack-frozen","store":"coles","brand":"Patties","name":"Frozen Party Pack 30 Pieces","price":7.75,"orgPrice":15.5,"imagePath":"https://shop.coles.com.au/wcsstore/Coles-CAS/images/6/0/7/6079240.jpg","categoryIds":["freezer"],"packageSize":"1.25kg","cupPrice":"$0.62 per 100G","isAvailable":true,"locations":["vic","act"]},{"id":"patties-pies-party-sausage-rolls-combo-frozen","store":"coles","brand":"Patties","name":"Frozen Mini Combo Party Pies & Sausage Rolls 40 pack","price":7.75,"orgPrice":15.5,"imagePath":"https://shop.coles.com.au/wcsstore/Coles-CAS/images/8/9/4/8949591.jpg","categoryIds":["freezer"],"packageSize":"1kg","cupPrice":"$0.78 per 100G","isAvailable":true,"locations":["vic","act"]},{"id":"steggles-crumbed-breast-goujons","store":"coles","brand":"Steggles","name":"Frozen Chicken Breast Goujons","price":10,"orgPrice":20,"imagePath":"https://shop.coles.com.au/wcsstore/Coles-CAS/images/8/4/3/8434332.jpg","categoryIds":["freezer"],"packageSize":"1kg","cupPrice":"$10.00 per 1Kg","isAvailable":true,"locations":["vic","act"]},{"id":"steggles-tempura-breast-pops","store":"coles","brand":"Steggles","name":"Frozen Tempura Chicken Breast Pops","price":10,"orgPrice":20,"imagePath":"https://shop.coles.com.au/wcsstore/Coles-CAS/images/3/2/3/3236976.jpg","categoryIds":["freezer"],"packageSize":"1kg","cupPrice":"$10.00 per 1Kg","isAvailable":true,"locations":["vic","act"]},{"id":"bulla-creamy-classics-ice-cream-vanilla","store":"coles","brand":"Bulla","name":"Creamy Classics Vanilla Ice Cream Tub","price":4.25,"orgPrice":8.5,"imagePath":"https://shop.coles.com.au/wcsstore/Coles-CAS/images/9/4/8/9486590.jpg","categoryIds":["freezer"],"packageSize":"2L","cupPrice":"$0.21 per 100mL","isAvailable":true,"locations":["vic","act"]},{"id":"bulla-creamy-classics-ice-cream-cookies-cream","store":"coles","brand":"Bulla","name":"Creamy Classics Cookies & Cream Ice Cream Tub","price":4.25,"orgPrice":8.5,"imagePath":"https://shop.coles.com.au/wcsstore/Coles-CAS/images/9/4/8/9486411.jpg","categoryIds":["freezer"],"packageSize":"2L","cupPrice":"$0.21 per 100mL","isAvailable":true,"locations":["vic","act"]},{"id":"steggles-chicken-breast-fingers-salt-pepper-frozen","store":"coles","brand":"Steggles","name":"Frozen Salt & Pepper Chicken Breast Fingers","price":4.25,"orgPrice":8.5,"imagePath":"https://shop.coles.com.au/wcsstore/Coles-CAS/images/6/6/3/6632200.jpg","categoryIds":["freezer"],"packageSize":"400g","cupPrice":"$10.63 per 1Kg","isAvailable":true,"locations":["vic","act"]},{"id":"bulla-creamy-classics-ice-cream-choc-chip","store":"coles","brand":"Bulla","name":"Creamy Classics Choc Chip Ice Cream Tub","price":4.25,"orgPrice":8.5,"imagePath":"https://shop.coles.com.au/wcsstore/Coles-CAS/images/9/4/8/9486397.jpg","categoryIds":["freezer"],"packageSize":"2L","cupPrice":"$0.21 per 100mL","isAvailable":true,"locations":["vic","act"]},{"id":"birds-eye-frozen-mediterranean-mix","store":"coles","brand":"Birds Eye","name":"Frozen Seasoned Sides Mediterranean Mix","price":2.5,"orgPrice":5,"imagePath":"https://shop.coles.com.au/wcsstore/Coles-CAS/images/2/2/5/2257620.jpg","categoryIds":["freezer"],"packageSize":"600g","cupPrice":"$4.17 per 1Kg","isAvailable":true,"locations":["vic","act"]},{"id":"pacific-west-spring-rolls-cocktail-frozen","store":"coles","brand":"Pacific West","name":"Frozen Cocktail Spring Rolls 24 pack","price":3,"orgPrice":6,"imagePath":"https://shop.coles.com.au/wcsstore/Coles-CAS/images/5/2/0/5201236.jpg","categoryIds":["freezer"],"packageSize":"430g","cupPrice":"$0.70 per 100G","isAvailable":true,"locations":["vic","act"]},{"id":"bulla-creamy-classic-boysenberry","store":"coles","brand":"Bulla","name":"Creamy Classics Vanilla & Boysenberry Ice Cream Tub","price":4.25,"orgPrice":8.5,"imagePath":"https://shop.coles.com.au/wcsstore/Coles-CAS/images/2/8/5/2858336.jpg","categoryIds":["freezer"],"packageSize":"2L","cupPrice":"$0.21 per 100mL","isAvailable":true,"locations":["vic","act"]},{"id":"weight-watchers-mushroom-pumpkn-risotto","store":"coles","brand":"Weight Watchers","name":"Snap Frozen Mushroom & Pumpkin Risotto","price":2.9,"orgPrice":5.8,"imagePath":"https://shop.coles.com.au/wcsstore/Coles-CAS/images/3/5/8/3581544.jpg","categoryIds":["freezer"],"packageSize":"320g","cupPrice":"$0.91 per 100G","isAvailable":true,"locations":["vic","act"]},{"id":"birds-eye-steamfresh-plus-frozen-pearl-couscous-with-chick-peas-carrot-peas-spinach-onion","store":"coles","brand":"Birds Eye","name":"Frozen Steam Fresh Plus Pearl CousCous With Chick Peas 2 pack","price":2.5,"orgPrice":5,"imagePath":"https://shop.coles.com.au/wcsstore/Coles-CAS/images/2/2/5/2257278.jpg","categoryIds":["freezer"],"packageSize":"400g","cupPrice":"$6.25 per 1Kg","isAvailable":true,"locations":["vic"]},{"id":"weight-watchers-meal-frozen-tuna-bake","store":"coles","brand":"Weight Watchers","name":"Frozen Creamy Tuna Bake Meal","price":2.9,"orgPrice":5.8,"imagePath":"https://shop.coles.com.au/wcsstore/Coles-CAS/images/5/0/0/5006762.jpg","categoryIds":["freezer"],"packageSize":"320g","cupPrice":"$0.91 per 100G","isAvailable":true,"locations":["vic","act"]},{"id":"weight-watchers-chilli-con-carne","store":"coles","brand":"Weight Watchers","name":"Chilli Con Carne","price":2.9,"orgPrice":5.8,"imagePath":"https://shop.coles.com.au/wcsstore/Coles-CAS/images/3/5/8/3581522.jpg","categoryIds":["freezer"],"packageSize":"330g","cupPrice":"$0.88 per 100G","isAvailable":true,"locations":["vic","act"]},{"id":"weight-watchers-meals-chicken-mushroom-fettucine","store":"coles","brand":"Weight Watchers","name":"Frozen Chicken & Mushroom Fettuccine","price":2.9,"orgPrice":5.8,"imagePath":"https://shop.coles.com.au/wcsstore/Coles-CAS/images/8/0/7/8071046.jpg","categoryIds":["freezer"],"packageSize":"300g","cupPrice":"$0.97 per 100G","isAvailable":true,"locations":["vic","act"]},{"id":"weight-watchers-meal-frozen-cottage-pie","store":"coles","brand":"Weight Watchers","name":"Frozen Beef Cottage Pie Meal","price":2.9,"orgPrice":5.8,"imagePath":"https://shop.coles.com.au/wcsstore/Coles-CAS/images/5/0/0/5006900.jpg","categoryIds":["freezer"],"packageSize":"320g","cupPrice":"$0.91 per 100G","isAvailable":true,"locations":["vic","act"]},{"id":"weight-watchers--chicken-vegitable-risotto-frozen-meal","store":"coles","brand":"Weight Watchers","name":"Frozen Meal Chicken & Vegetable Risotto","price":2.9,"orgPrice":5.8,"imagePath":"https://shop.coles.com.au/wcsstore/Coles-CAS/images/9/7/8/9789912.jpg","categoryIds":["freezer"],"packageSize":"320g","cupPrice":"$0.91 per 100G","isAvailable":true,"locations":["vic","act"]},{"id":"weight-watchers-lasagne-beef-frozen","store":"coles","brand":"Weight Watchers","name":"Frozen Beef Lasagne Meal","price":2.9,"orgPrice":5.8,"imagePath":"https://shop.coles.com.au/wcsstore/Coles-CAS/images/5/3/2/5325024.jpg","categoryIds":["freezer"],"packageSize":"370g","cupPrice":"$0.78 per 100G","isAvailable":true,"locations":["vic","act"]},{"id":"birds-eye-steamfresh-plus-frozen-quinoa-with-brown-rice-cherry-tomatoes-onion-capsicum-peas","store":"coles","brand":"Birds Eye","name":"Frozen Steam Fresh Plus Quinoa with Brown Rice","price":2.5,"orgPrice":5,"imagePath":"https://shop.coles.com.au/wcsstore/Coles-CAS/images/2/2/5/2257290.jpg","categoryIds":["freezer"],"packageSize":"400g","cupPrice":"$6.25 per 1Kg","isAvailable":true,"locations":["vic"]},{"id":"weight-watchers-beef-hot-pot-meal-frozen","store":"coles","brand":"Weight Watchers","name":"Frozen Beef Hot Pot Meal","price":2.9,"orgPrice":5.8,"imagePath":"https://shop.coles.com.au/wcsstore/Coles-CAS/images/9/6/3/9632717.jpg","categoryIds":["freezer"],"packageSize":"320g","cupPrice":"$0.91 per 100G","isAvailable":true,"locations":["vic","act"]},{"id":"weight-watchers-beef-bolognese","store":"coles","brand":"Weight Watchers","name":"Beef Bolognese","price":2.9,"orgPrice":5.8,"imagePath":"https://shop.coles.com.au/wcsstore/Coles-CAS/images/3/5/8/3581533.jpg","categoryIds":["freezer"],"packageSize":"320g","cupPrice":"$0.91 per 100G","isAvailable":true,"locations":["vic","act"]},{"id":"bulla-murray-st-icecream-sticks-van-bean-choc-al","store":"coles","brand":"Bulla","name":"Murray St Vanilla Bean & Chocolate Almonds Ice cream Sticks 4 Pack","price":5,"orgPrice":10,"imagePath":"https://shop.coles.com.au/wcsstore/Coles-CAS/images/3/6/9/3697083.jpg","categoryIds":["freezer"],"packageSize":"400mL","cupPrice":"$1.25 per 100mL","isAvailable":true,"locations":["vic","act"]},{"id":"bulla-murray-st-icecream-caramelised-peanut-britle","store":"coles","brand":"Bulla","name":"Murray St Caramelised Peanut Brittle Ice Cream Tub","price":5,"orgPrice":10,"imagePath":"https://shop.coles.com.au/wcsstore/Coles-CAS/images/3/6/9/3697017.jpg","categoryIds":["freezer"],"packageSize":"460mL","cupPrice":"$1.09 per 100mL","isAvailable":true,"locations":["vic","act"]},{"id":"bulla-murray-st-icecream-sticks-caramel-maple-maca","store":"coles","brand":"Bulla","name":"Murray St Caramel Maple Macadamia Ice Cream Sticks 4 pack","price":5,"orgPrice":10,"imagePath":"https://shop.coles.com.au/wcsstore/Coles-CAS/images/3/6/9/3697040.jpg","categoryIds":["freezer"],"packageSize":"400mL","cupPrice":"$1.25 per 100mL","isAvailable":true,"locations":["vic","act"]},{"id":"bulla-murray-st-icecream-vanilla-bean-choc-alm","store":"coles","brand":"Bulla","name":"Murray St Vanilla Bean & Chocolate Almond Ice Cream Tub","price":5,"orgPrice":10,"imagePath":"https://shop.coles.com.au/wcsstore/Coles-CAS/images/3/6/9/3697006.jpg","categoryIds":["freezer"],"packageSize":"460mL","cupPrice":"$1.09 per 100mL","isAvailable":true,"locations":["vic","act"]},{"id":"steggles-chicken-tempura-crackles--frozen","store":"coles","brand":"Steggles","name":"Frozen Chicken Breast Tempura Crackles","price":4.25,"orgPrice":8.5,"imagePath":"https://shop.coles.com.au/wcsstore/Coles-CAS/images/5/4/0/5405881.jpg","categoryIds":["freezer"],"packageSize":"400g","cupPrice":"$10.63 per 1Kg","isAvailable":true,"locations":["vic"]},{"id":"v-original-green-energy-drink-4-x-275ml-cans","store":"coles","brand":"V","name":"Original Green Energy Drink 275mL Cans","price":4.67,"orgPrice":9.35,"imagePath":"https://shop.coles.com.au/wcsstore/Coles-CAS/images/2/3/8/2383341.jpg","categoryIds":["drinks"],"packageSize":"4 pack","cupPrice":"$4.25 per 1L","isAvailable":true,"locations":["vic","sa","qld","nsw","wa","tas","act"]},{"id":"vitasoy-milk-long-life-oat","store":"coles","brand":"Vitasoy","name":"Oat Long Life Milk","price":1.45,"orgPrice":2.9,"imagePath":"https://shop.coles.com.au/wcsstore/Coles-CAS/images/7/2/9/7292254.jpg","categoryIds":["drinks"],"packageSize":"1L","cupPrice":"$1.45 per 1L","isAvailable":true,"locations":["vic","sa","qld","nsw","wa","tas","act"]},{"id":"vitasoy-unsweetened-almond-long-life-milk","store":"coles","brand":"Vitasoy","name":"Unsweetened Almond UHT Milk 1L","price":1.5,"orgPrice":3,"imagePath":"https://shop.coles.com.au/wcsstore/Coles-CAS/images/2/4/1/2412734.jpg","categoryIds":["drinks"],"packageSize":"1L","cupPrice":"$1.50 per 1L","isAvailable":true,"locations":["vic","sa","qld","wa","tas","act"]},{"id":"vitasoy-milk-long-life-rice","store":"coles","brand":"Vitasoy","name":"Unsweetened Long Life Rice Milk","price":1.5,"orgPrice":3,"imagePath":"https://shop.coles.com.au/wcsstore/Coles-CAS/images/9/6/7/9671628.jpg","categoryIds":["drinks"],"packageSize":"1L","cupPrice":"$1.50 per 1L","isAvailable":true,"locations":["vic","sa","qld","nsw","wa","tas","act"]},{"id":"v-energy-drink-original-sugar-free-4-x-275ml-cans","store":"coles","brand":"V","name":"Energy Drink Original Sugar Free 4 x 275ml cans","price":4.67,"orgPrice":9.35,"imagePath":"https://shop.coles.com.au/wcsstore/Coles-CAS/images/2/3/8/2383352.jpg","categoryIds":["drinks"],"packageSize":"4 pack","cupPrice":"$4.25 per 1L","isAvailable":true,"locations":["vic","sa","qld","nsw","wa","tas","act"]},{"id":"lipton-drink-ice-tea-peach-6344308p","store":"coles","brand":"Lipton","name":"Peach Ice Tea","price":1.9,"orgPrice":3.8,"imagePath":"https://shop.coles.com.au/wcsstore/Coles-CAS/images/6/3/4/6344308.jpg","categoryIds":["drinks"],"packageSize":"1.5L","cupPrice":"$1.27 per 1L","isAvailable":true,"locations":["vic","sa","qld","nsw","wa","tas","act"]},{"id":"v-energy-drink-blue-4-x-275ml-cans","store":"coles","brand":"V","name":"Energy Drink Blue 4 x 275ml Cans","price":4.67,"orgPrice":9.35,"imagePath":"https://shop.coles.com.au/wcsstore/Coles-CAS/images/2/3/8/2383363.jpg","categoryIds":["drinks"],"packageSize":"4 pack","cupPrice":"$4.25 per 1L","isAvailable":true,"locations":["vic","sa","qld","nsw","wa","tas","act"]},{"id":"lipton-drink-ice-tea-lemon-6344294p","store":"coles","brand":"Lipton","name":"Lemon Ice Tea","price":1.9,"orgPrice":3.8,"imagePath":"https://shop.coles.com.au/wcsstore/Coles-CAS/images/6/3/4/6344294.jpg","categoryIds":["drinks"],"packageSize":"1.5L","cupPrice":"$1.27 per 1L","isAvailable":true,"locations":["vic","sa","qld","nsw","wa","tas","act"]},{"id":"vitasoy-unsweetened-coconut-milk-uht","store":"coles","brand":"Vitasoy","name":"Unsweetened Coconut Milk UHT","price":1.5,"orgPrice":3,"imagePath":"https://shop.coles.com.au/wcsstore/Coles-CAS/images/2/0/8/2088512.jpg","categoryIds":["drinks","health-beauty"],"packageSize":"1L","cupPrice":"$1.50 per 1L","isAvailable":true,"locations":["vic","sa","qld","nsw","wa","tas","act"]},{"id":"lipton-drink-ice-tea-peach-light-6344476p","store":"coles","brand":"Lipton","name":"Light Peach Ice Tea","price":1.9,"orgPrice":3.8,"imagePath":"https://shop.coles.com.au/wcsstore/Coles-CAS/images/6/3/4/6344476.jpg","categoryIds":["drinks"],"packageSize":"1.5L","cupPrice":"$1.27 per 1L","isAvailable":true,"locations":["vic","sa","qld","nsw","wa","tas","act"]},{"id":"v-energy-drink-rasp-lemonade-3734736p","store":"coles","brand":"V Energy","name":"Drink Rasp Lemonade 275mL","price":4.67,"orgPrice":9.35,"imagePath":"https://shop.coles.com.au/wcsstore/Coles-CAS/images/3/7/3/3734736.jpg","categoryIds":["drinks"],"packageSize":"4 pack","cupPrice":"$4.25 per 1L","isAvailable":true,"locations":["vic","sa","qld","nsw","wa","tas","act"]},{"id":"lipton-drink-ice-tea-mango","store":"coles","brand":"Lipton","name":"Mango Ice Tea","price":1.9,"orgPrice":3.8,"imagePath":"https://shop.coles.com.au/wcsstore/Coles-CAS/images/6/3/4/6344487.jpg","categoryIds":["drinks"],"packageSize":"1.5L","cupPrice":"$1.27 per 1L","isAvailable":true,"locations":["vic","sa","qld","nsw","wa","tas","act"]},{"id":"lipton-drink-ice-tea-raspberry","store":"coles","brand":"Lipton","name":"Raspberry Ice Tea","price":1.9,"orgPrice":3.8,"imagePath":"https://shop.coles.com.au/wcsstore/Coles-CAS/images/7/3/8/7386664.jpg","categoryIds":["drinks"],"packageSize":"1.5L","cupPrice":"$1.27 per 1L","isAvailable":true,"locations":["vic","sa","qld","nsw","wa","tas","act"]},{"id":"lipton-ice-tea-drink-tea-green-citrus","store":"coles","brand":"Lipton","name":"Citrus Green Ice Tea","price":1.9,"orgPrice":3.8,"imagePath":"https://shop.coles.com.au/wcsstore/Coles-CAS/images/6/3/4/6344320.jpg","categoryIds":["drinks"],"packageSize":"1.5L","cupPrice":"$1.27 per 1L","isAvailable":true,"locations":["vic","sa","qld","nsw","wa","act"]},{"id":"lipton-ice-tea-drink-tea-lemon-light","store":"coles","brand":"Lipton","name":"Lemon Light Ice Tea Drink","price":1.9,"orgPrice":3.8,"imagePath":"https://shop.coles.com.au/wcsstore/Coles-CAS/images/6/3/4/6344465.jpg","categoryIds":["drinks"],"packageSize":"1.5L","cupPrice":"$1.27 per 1L","isAvailable":true,"locations":["vic","sa","qld","nsw","wa","act"]},{"id":"yaru-sparkling-spring-water","store":"coles","brand":"Yaru","name":"Sparkling Mineral Water","price":1.4,"orgPrice":2.8,"imagePath":"https://shop.coles.com.au/wcsstore/Coles-CAS/images/1/8/2/1828409.jpg","categoryIds":["drinks"],"packageSize":"1L","cupPrice":"$1.40 per 1L","isAvailable":true,"locations":["vic","sa","qld","nsw","act"]},{"id":"yaru-still-spring-water","store":"coles","brand":"Yaru","name":"Still Mineral Water","price":1.4,"orgPrice":2.8,"imagePath":"https://shop.coles.com.au/wcsstore/Coles-CAS/images/1/8/2/1828410.jpg","categoryIds":["drinks"],"packageSize":"1L","cupPrice":"$1.40 per 1L","isAvailable":true,"locations":["vic","sa","qld","nsw","wa","act"]},{"id":"lipton-peach-nectarine-flavour-ice-tea","store":"coles","brand":"Lipton","name":"Peach & Nectarine Flavour Ice Tea","price":1.9,"orgPrice":3.8,"imagePath":"https://shop.coles.com.au/wcsstore/Coles-CAS/images/3/7/0/3709750.jpg","categoryIds":["drinks"],"packageSize":"1.5L","cupPrice":"$1.27 per 1L","isAvailable":true,"locations":["vic","sa","qld","nsw","wa","act"]},{"id":"lavazza-qualita-oro-mountain-grown-ground","store":"coles","brand":"Lavazza","name":"Qualita ORO Mountain Grown Ground Coffee","price":8,"orgPrice":16,"imagePath":"https://shop.coles.com.au/wcsstore/Coles-CAS/images/3/5/1/3515222.jpg","categoryIds":["drinks"],"packageSize":"500g","cupPrice":"$1.60 per 100G","isAvailable":true,"locations":["vic","sa","qld","nsw","wa","act"]},{"id":"natures-way-kids-vitamins-multi-smart-vita-gummys-pastilles","store":"coles","brand":"Nature's Way","name":"Kids Smart Vita Gummies Multivitamin Pastilles","price":13,"orgPrice":26,"imagePath":"https://shop.coles.com.au/wcsstore/Coles-CAS/images/8/0/9/8097221.jpg","categoryIds":["health-beauty"],"packageSize":"120 pack","cupPrice":"$10.83 per 100Ea","isAvailable":true,"locations":["vic","sa","qld","nsw","wa","tas","act"]},{"id":"swisse--ultiboost-odorless-wild-fish-oil-capsules","store":"coles","brand":"Swisse","name":"Odourless High Strength Wild Fish Oil Capsules","price":17.5,"orgPrice":35,"imagePath":"https://shop.coles.com.au/wcsstore/Coles-CAS/images/2/8/6/2869478.jpg","categoryIds":["health-beauty"],"packageSize":"400 pack","cupPrice":"$0.04 per 1Ea","isAvailable":true,"locations":["vic","sa","qld","nsw","wa","tas","act"]},{"id":"blackmores-bio-magnesium-tablets","store":"coles","brand":"Blackmores","name":"Bio Magnesium Tablets","price":12.5,"orgPrice":25,"imagePath":"https://shop.coles.com.au/wcsstore/Coles-CAS/images/8/2/9/8299135.jpg","categoryIds":["health-beauty"],"packageSize":"100 pack","cupPrice":"$12.50 per 100Ea","isAvailable":true,"locations":["vic","sa","qld","nsw","wa","tas","act"]},{"id":"natures-own-supplement-fish-oil-casules-odourless","store":"coles","brand":"Nature's Own","name":"Odourless Fish Oil  2000mg Capsules","price":15,"orgPrice":30,"imagePath":"https://shop.coles.com.au/wcsstore/Coles-CAS/images/8/0/9/8096069.jpg","categoryIds":["health-beauty"],"packageSize":"200 pack","cupPrice":"$7.50 per 100Ea","isAvailable":true,"locations":["vic","sa","qld","nsw","wa","tas","act"]},{"id":"natures-way-vita-gummies-sugar-free-multi-trio","store":"coles","brand":"Nature's Way","name":"Kids Smart Vita Gummies Multi-Vitamin","price":10,"orgPrice":20,"imagePath":"https://shop.coles.com.au/wcsstore/Coles-CAS/images/3/2/7/3279505.jpg","categoryIds":["health-beauty"],"packageSize":"75 pack","cupPrice":"$13.33 per 100Ea","isAvailable":true,"locations":["vic","sa","qld","nsw","wa","tas","act"]},{"id":"natures-own-vitamin-b12-tablets-1000mcg","store":"coles","brand":"Nature's Own","name":"High Strength Vitamin B12 1000mcg Tablets","price":7.5,"orgPrice":15,"imagePath":"https://shop.coles.com.au/wcsstore/Coles-CAS/images/9/6/9/9692854.jpg","categoryIds":["health-beauty"],"packageSize":"60 pack","cupPrice":"$12.50 per 100Ea","isAvailable":true,"locations":["vic","sa","qld","nsw","wa","tas","act"]},{"id":"natures-way-vitagummies-vitamin-c","store":"coles","brand":"Nature's Way","name":"Vita Gummies Vitamin C","price":10,"orgPrice":20,"imagePath":"https://shop.coles.com.au/wcsstore/Coles-CAS/images/9/1/1/9114268.jpg","categoryIds":["health-beauty"],"packageSize":"120 pack","cupPrice":"$8.33 per 100Ea","isAvailable":true,"locations":["vic","sa","qld","nsw","wa","tas","act"]},{"id":"natures-way-womens-multivitamins-vita-gummies","store":"coles","brand":"Nature's Way","name":"Women's Vita Gummies Multivitamins","price":10,"orgPrice":20,"imagePath":"https://shop.coles.com.au/wcsstore/Coles-CAS/images/2/2/6/2265775.jpg","categoryIds":["health-beauty"],"packageSize":"100 pack","cupPrice":"$10.00 per 100Ea","isAvailable":true,"locations":["vic","sa","qld","nsw","wa","tas","act"]},{"id":"cenovis-vitamin-c-250mg","store":"coles","brand":"Cenovis","name":"Vitamin C 250mg Tablets","price":5.25,"orgPrice":10.5,"imagePath":"https://shop.coles.com.au/wcsstore/Coles-CAS/images/2/5/5/2556213.jpg","categoryIds":["health-beauty"],"packageSize":"150 pack","cupPrice":"$0.04 per 1Ea","isAvailable":true,"locations":["vic","sa","qld","nsw","wa","tas","act"]},{"id":"blackmores-vitamin-d3-1000iu","store":"coles","brand":"Blackmores","name":"Vitamin D3 1000iu Capsules","price":15,"orgPrice":30,"imagePath":"https://shop.coles.com.au/wcsstore/Coles-CAS/images/9/0/0/9001782.jpg","categoryIds":["health-beauty"],"packageSize":"200 pack","cupPrice":"$7.50 per 100Ea","isAvailable":true,"locations":["vic","sa","qld","nsw","wa","tas","act"]},{"id":"cenovis-tablets-echinacea-garlic-zinc-c","store":"coles","brand":"Cenovis","name":"Echinacea Garlic Zinc & C Tablets","price":13,"orgPrice":26,"imagePath":"https://shop.coles.com.au/wcsstore/Coles-CAS/images/7/1/0/7103770.jpg","categoryIds":["health-beauty"],"packageSize":"125 pack","cupPrice":"$0.10 per 1Ea","isAvailable":true,"locations":["vic","sa","qld","nsw","wa","tas","act"]},{"id":"cenovis-tablets-value-pack-mega-c-orange-1000mg","store":"coles","brand":"Cenovis","name":"Mega C 1000mg Tablets","price":5,"orgPrice":10,"imagePath":"https://shop.coles.com.au/wcsstore/Coles-CAS/images/9/3/1/9314518.jpg","categoryIds":["health-beauty"],"packageSize":"60 pack","cupPrice":"$0.08 per 1Ea","isAvailable":true,"locations":["vic","sa","qld","nsw","wa","tas","act"]},{"id":"blackmores-fish-oil-1000-capsules-4941770p","store":"coles","brand":"Blackmores","name":"Fish Oil 1000mg Capsules","price":15,"orgPrice":30,"imagePath":"https://shop.coles.com.au/wcsstore/Coles-CAS/images/4/9/4/4941770.jpg","categoryIds":["health-beauty"],"packageSize":"400 pack","cupPrice":"$3.75 per 100Ea","isAvailable":true,"locations":["vic","sa","qld","nsw","wa","tas","act"]},{"id":"natures-way-vita-gummies-hair-skin-nails","store":"coles","brand":"Nature's Way","name":"Vita Gummies Hair- Skin & Nails","price":10,"orgPrice":20,"imagePath":"https://shop.coles.com.au/wcsstore/Coles-CAS/images/2/5/6/2564415.jpg","categoryIds":["health-beauty"],"packageSize":"60 pack","cupPrice":"$16.67 per 100Ea","isAvailable":true,"locations":["vic","sa","qld","nsw","wa","tas","act"]},{"id":"cenovis-iron-plus-tablets-2676124p","store":"coles","brand":"Cenovis","name":"Iron Plus Tablets","price":6.5,"orgPrice":13,"imagePath":"https://shop.coles.com.au/wcsstore/Coles-CAS/images/2/6/7/2676124.jpg","categoryIds":["health-beauty"],"packageSize":"80 pack","cupPrice":"$8.13 per 100Ea","isAvailable":true,"locations":["vic","sa","qld","nsw","wa","tas","act"]},{"id":"natures-way-vitagummies-family-multi-vitamin","store":"coles","brand":"Nature's Way","name":"Vita Gummies 120 Multivitamins Pastilles","price":10,"orgPrice":20,"imagePath":"https://shop.coles.com.au/wcsstore/Coles-CAS/images/9/1/1/9114075.jpg","categoryIds":["health-beauty"],"packageSize":"1 pack","cupPrice":"$10.00 per 1Ea","isAvailable":true,"locations":["vic","sa","qld","wa","tas","act"]},{"id":"natures-way-adlt-vitagummie-immune-sf","store":"coles","brand":"Nature's Way","name":"Vita Gummies Immune Support Sugar Free Tablets","price":10,"orgPrice":20,"imagePath":"https://shop.coles.com.au/wcsstore/Coles-CAS/images/3/4/5/3453260.jpg","categoryIds":["health-beauty"],"packageSize":"65 pack","cupPrice":"$15.38 per 100Ea","isAvailable":true,"locations":["vic","sa","qld","nsw","wa","tas","act"]},{"id":"cenovis-tablets-vitamin-d3","store":"coles","brand":"Cenovis","name":"Vitamin D3 1000IU Tablets","price":7,"orgPrice":7,"imagePath":"https://shop.coles.com.au/wcsstore/Coles-CAS/images/7/9/7/7973921.jpg","categoryIds":["health-beauty"],"packageSize":"200 pack","cupPrice":"$0.04 per 1Ea","isAvailable":true,"locations":["vic","sa","qld","nsw","wa","tas","act"]},{"id":"blackmores-vitamin-c-500mg-tablets","store":"coles","brand":"Blackmores","name":"Vitamin C 500mg Tablets","price":6.25,"orgPrice":12.5,"imagePath":"https://shop.coles.com.au/wcsstore/Coles-CAS/images/2/8/3/2837959.jpg","categoryIds":["health-beauty"],"packageSize":"120 pack","cupPrice":"$5.21 per 100Ea","isAvailable":true,"locations":["vic","sa","qld","nsw","wa","act"]},{"id":"natures-own-tablets-advanced-complete-sleep","store":"coles","brand":"Nature's Own","name":"Advanced Complete Sleep Tablets","price":10.25,"orgPrice":20.5,"imagePath":"https://shop.coles.com.au/wcsstore/Coles-CAS/images/9/4/9/9499446.jpg","categoryIds":["health-beauty"],"packageSize":"30 pack","cupPrice":"$34.17 per 100Ea","isAvailable":true,"locations":["vic","sa","qld","nsw","wa","act"]},{"id":"natures-way-vitamins-vita-gummies-daily-fibre","store":"coles","brand":"Nature's Way","name":"Vita Gummies Daily Fibre Vitamins","price":10,"orgPrice":20,"imagePath":"https://shop.coles.com.au/wcsstore/Coles-CAS/images/1/2/1/1216253.jpg","categoryIds":["health-beauty"],"packageSize":"110 pack","cupPrice":"$9.09 per 100Ea","isAvailable":true,"locations":["vic","sa","qld","nsw","wa","act"]},{"id":"cenovis-turmeric-3100mg","store":"coles","brand":"Cenovis","name":"Turmeric 3100 Capsules","price":8.5,"orgPrice":17,"imagePath":"https://shop.coles.com.au/wcsstore/Coles-CAS/images/2/5/5/2556202.jpg","categoryIds":["health-beauty"],"packageSize":"80 pack","cupPrice":"$0.11 per 1Ea","isAvailable":true,"locations":["vic","sa","qld","nsw","wa","act"]},{"id":"swisse--ultiboost-glucosamine-sulfate-tablets","store":"coles","brand":"Swisse","name":"Ultiboost Glucosamine Sulfate Tablets","price":21,"orgPrice":42,"imagePath":"https://shop.coles.com.au/wcsstore/Coles-CAS/images/2/8/6/2868817.jpg","categoryIds":["health-beauty"],"packageSize":"180 pack","cupPrice":"$0.12 per 1Ea","isAvailable":true,"locations":["vic","sa","qld","nsw","wa","act"]},{"id":"swisse-ultiboost-odless-wld-fshoil-1000mg-400-pck","store":"coles","brand":"Swisse","name":"Ultiboost Odourless Wild Fish Oil 1000mg Capsules","price":14,"orgPrice":28,"imagePath":"https://shop.coles.com.au/wcsstore/Coles-CAS/images/8/0/9/8099067.jpg","categoryIds":["health-beauty"],"packageSize":"400 pack","cupPrice":"$3.50 per 100Ea","isAvailable":true,"locations":["vic","sa","qld","nsw","wa","act"]},{"id":"natures-way-adult-vita-gummies-magnesium","store":"coles","brand":"Nature's Way","name":"Adults Vita Gummies Magnesium","price":10,"orgPrice":20,"imagePath":"https://shop.coles.com.au/wcsstore/Coles-CAS/images/2/8/9/2897327.jpg","categoryIds":["health-beauty"],"packageSize":"80 pack","cupPrice":"$12.50 per 100Ea","isAvailable":true,"locations":["vic","sa","qld","nsw","wa","act"]},{"id":"cenovis-echinacea-garlic-zinc-vitamin-c-tablets","store":"coles","brand":"Cenovis","name":"Echinacea Garlic Zinc & C Tablets","price":8,"orgPrice":16,"imagePath":"https://shop.coles.com.au/wcsstore/Coles-CAS/images/8/1/4/8142439.jpg","categoryIds":["health-beauty"],"packageSize":"60 pack","cupPrice":"$0.13 per 1Ea","isAvailable":true,"locations":["vic","sa","qld","nsw","wa","act"]},{"id":"natures-own-odourless-1500mg-fish-oil-capsules","store":"coles","brand":"Nature's Own","name":"Odourless Fish Oil 1500mg Capsules","price":10.75,"orgPrice":21.5,"imagePath":"https://shop.coles.com.au/wcsstore/Coles-CAS/images/6/8/3/6838443.jpg","categoryIds":["health-beauty"],"packageSize":"200 pack","cupPrice":"$5.38 per 100Ea","isAvailable":true,"locations":["vic","sa","qld","nsw","wa","act"]},{"id":"natures-way-vita-gummies--vitamin-d3-1000iu","store":"coles","brand":"Nature's Way","name":"Vita Gummies Vitamin D3 1000iu","price":10.5,"orgPrice":21,"imagePath":"https://shop.coles.com.au/wcsstore/Coles-CAS/images/9/9/2/9925861.jpg","categoryIds":["health-beauty"],"packageSize":"120 pack","cupPrice":"$8.75 per 100Ea","isAvailable":true,"locations":["vic","sa","qld","nsw","wa","act"]},{"id":"cenovis-once-daily-womens-multi-energy-boost","store":"coles","brand":"Cenovis","name":"Women's Multi+ Energy Boost Once Daily Capsules","price":15,"orgPrice":30,"imagePath":"https://shop.coles.com.au/wcsstore/Coles-CAS/images/2/8/2/2826001.jpg","categoryIds":["health-beauty"],"packageSize":"100 pack","cupPrice":"$0.15 per 1Ea","isAvailable":true,"locations":["vic","sa","qld","nsw","wa","act"]},{"id":"blackmores-glucosamine-1500mg-3465929p","store":"coles","brand":"Blackmores","name":"Glucosamine 150 Tablets","price":22.05,"orgPrice":44.1,"imagePath":"https://shop.coles.com.au/wcsstore/Coles-CAS/images/3/4/6/3465929.jpg","categoryIds":["health-beauty"],"packageSize":"1 pack","cupPrice":"$22.05 per 1Ea","isAvailable":true,"locations":["vic","sa","qld","nsw","wa","act"]},{"id":"swisse-ultiboost-hs-coq10-300mg","store":"coles","brand":"Swisse","name":"Ultiboost High Strength  Co-Enzyme Q10 300mg 90 Capsules","price":19.5,"orgPrice":39,"imagePath":"https://shop.coles.com.au/wcsstore/Coles-CAS/images/3/4/6/3469330.jpg","categoryIds":["health-beauty"],"packageSize":"1 pack","cupPrice":"$19.50 per 1Ea","isAvailable":true,"locations":["vic","sa","qld","nsw","wa","act"]},{"id":"natures-own-odourless-fish-oil-capsules","store":"coles","brand":"Nature's Own","name":"Odourless Fish Oil 1000mg Capsules","price":13.5,"orgPrice":27,"imagePath":"https://shop.coles.com.au/wcsstore/Coles-CAS/images/5/9/8/5984960.jpg","categoryIds":["health-beauty"],"packageSize":"400 pack","cupPrice":"$3.38 per 100Ea","isAvailable":true,"locations":["vic","sa","qld","nsw","wa","act"]},{"id":"blackmores-tablets-bio-c-chewable-500mg-value-pack","store":"coles","brand":"Blackmores","name":"Bio C 500mg Chewable Tablets","price":7.25,"orgPrice":14.5,"imagePath":"https://shop.coles.com.au/wcsstore/Coles-CAS/images/9/6/8/9688926.jpg","categoryIds":["health-beauty"],"packageSize":"125 pack","cupPrice":"$5.80 per 100Ea","isAvailable":true,"locations":["vic","sa","qld","nsw","wa","act"]},{"id":"natures-own-magnesium-capsules-500mg","store":"coles","brand":"Nature's Own","name":"Magnesium Chelate 500mg Tablets","price":6,"orgPrice":12,"imagePath":"https://shop.coles.com.au/wcsstore/Coles-CAS/images/9/6/9/9692923.jpg","categoryIds":["health-beauty"],"packageSize":"75 pack","cupPrice":"$8.00 per 100Ea","isAvailable":true,"locations":["vic","sa","qld","nsw","wa","act"]},{"id":"natures-way-mens-multi-vitamin-vita-gummies","store":"coles","brand":"Nature's Way","name":"Men's Vita Gummies Multivitamins","price":10,"orgPrice":20,"imagePath":"https://shop.coles.com.au/wcsstore/Coles-CAS/images/2/2/6/2265764.jpg","categoryIds":["health-beauty"],"packageSize":"100 pack","cupPrice":"$10.00 per 100Ea","isAvailable":true,"locations":["vic","sa","qld","nsw","wa","act"]},{"id":"cenovis-caps-cranberry-30000mg","store":"coles","brand":"Cenovis","name":"Cranberry 30000Mg 30 Capsules","price":9,"orgPrice":18,"imagePath":"https://shop.coles.com.au/wcsstore/Coles-CAS/images/2/6/7/2676088.jpg","categoryIds":["health-beauty"],"packageSize":"1 Pack","cupPrice":"$9.00 per 1Ea","isAvailable":true,"locations":["vic","sa","qld","nsw","wa","act"]},{"id":"cenovis-once-daily-mens-multi-capsules","store":"coles","brand":"Cenovis","name":"Men's Multi Once Daily Capsules","price":12,"orgPrice":24,"imagePath":"https://shop.coles.com.au/wcsstore/Coles-CAS/images/2/8/2/2826090.jpg","categoryIds":["health-beauty"],"packageSize":"100 pack","cupPrice":"$12.00 per 100Ea","isAvailable":true,"locations":["vic","sa","qld","nsw","wa","act"]},{"id":"natures-way-adlt-vitagummies-calcm-sf","store":"coles","brand":"Nature's Way","name":"Adult Vita Gummies Calcium + Vitamin D Tablets","price":10,"orgPrice":20,"imagePath":"https://shop.coles.com.au/wcsstore/Coles-CAS/images/3/4/5/3453250.jpg","categoryIds":["health-beauty"],"packageSize":"65 pack","cupPrice":"$0.15 per 1Ea","isAvailable":true,"locations":["vic","sa","qld","nsw","wa","act"]},{"id":"cenovis-echinacea-5000mg-capsules","store":"coles","brand":"Cenovis","name":"Echinacea 5000 Capsules","price":7.5,"orgPrice":15,"imagePath":"https://shop.coles.com.au/wcsstore/Coles-CAS/images/9/6/7/9677125.jpg","categoryIds":["health-beauty"],"packageSize":"60 pack","cupPrice":"$0.13 per 1Ea","isAvailable":true,"locations":["vic","sa","qld","nsw","wa","act"]},{"id":"loma-linda-thai-green-curry-meal","store":"coles","brand":"Loma Linda","name":"Gluten Free Thai Green Curry With Chik'N And Rice","price":2.5,"orgPrice":5,"imagePath":"https://shop.coles.com.au/wcsstore/Coles-CAS/images/3/4/1/3411329.jpg","categoryIds":["health-beauty"],"packageSize":"285g","cupPrice":"$0.88 per 100G","isAvailable":true,"locations":["vic","sa","qld","nsw","wa","act"]},{"id":"nature-s-way-kids-vita-gummies-vit-c-sugar-fre","store":"coles","brand":"Nature's Way","name":"Kids Vita Gummies Vit C Sugar Free","price":10,"orgPrice":20,"imagePath":"https://shop.coles.com.au/wcsstore/Coles-CAS/images/3/7/5/3753151.jpg","categoryIds":["health-beauty"],"packageSize":"70 pack","cupPrice":"$14.29 per 100Ea","isAvailable":true,"locations":["vic","sa","qld","nsw","wa","act"]},{"id":"cenovis-sugarless-vitamin-c","store":"coles","brand":"Cenovis","name":"Sugarless Vitamin C","price":6,"orgPrice":12,"imagePath":"https://shop.coles.com.au/wcsstore/Coles-CAS/images/3/7/6/3765445.jpg","categoryIds":["health-beauty"],"packageSize":"160 pack","cupPrice":"$3.75 per 100Ea","isAvailable":true,"locations":["vic","sa","qld","nsw","wa","act"]},{"id":"natures-way-vita-gummies-omega-3-fish-oil","store":"coles","brand":"Nature's Way","name":"Vita Gummies Omega 3","price":10,"orgPrice":20,"imagePath":"https://shop.coles.com.au/wcsstore/Coles-CAS/images/9/1/1/9114086.jpg","categoryIds":["health-beauty"],"packageSize":"110 pack","cupPrice":"$9.09 per 100Ea","isAvailable":true,"locations":["vic","sa","qld","nsw","wa","act"]},{"id":"natures-own-double-strength-cold-sore-relief","store":"coles","brand":"Nature?s Own","name":"Double Strength Cold Sore Relief Tablets","price":6,"orgPrice":12,"imagePath":"https://shop.coles.com.au/wcsstore/Coles-CAS/images/1/8/1/1810174.jpg","categoryIds":["health-beauty"],"packageSize":"50 pack","cupPrice":"$0.12 per 1Ea","isAvailable":true,"locations":["vic","sa","qld","nsw","wa","act"]},{"id":"cenovis-co-enzyme-q10-150mg","store":"coles","brand":"Cenovis","name":"Co-Enzyme Q10 150mg Capsules","price":10.5,"orgPrice":21,"imagePath":"https://shop.coles.com.au/wcsstore/Coles-CAS/images/2/2/6/2269073.jpg","categoryIds":["health-beauty"],"packageSize":"30 pack","cupPrice":"$0.35 per 1Ea","isAvailable":true,"locations":["vic","sa","qld","nsw","wa","act"]},{"id":"natures-own--triple-strength-garlic-c-horseradish-2279383p","store":"coles","brand":"Nature's Own","name":"Triple Strength Garlic + C Horseradish Tablets","price":10,"orgPrice":20,"imagePath":"https://shop.coles.com.au/wcsstore/Coles-CAS/images/2/2/7/2279383.jpg","categoryIds":["health-beauty"],"packageSize":"60 pack","cupPrice":"$0.17 per 1Ea","isAvailable":true,"locations":["vic","sa","qld","nsw","wa","act"]},{"id":"loma-linda-chipotle-bowl-meal","store":"coles","brand":"Loma Linda","name":"Gluten Free Chipotle Bowl With Black Beans Meal","price":2.5,"orgPrice":5,"imagePath":"https://shop.coles.com.au/wcsstore/Coles-CAS/images/3/4/1/3411318.jpg","categoryIds":["health-beauty"],"packageSize":"285g","cupPrice":"$0.88 per 100G","isAvailable":true,"locations":["vic","qld","nsw","wa","act"]},{"id":"wellgrove-immunity-olive-leaf-capsules","store":"coles","brand":"Wellgrove","name":"Immune Support Olive Leaf Extract 60 Capsules","price":10,"orgPrice":20,"imagePath":"https://shop.coles.com.au/wcsstore/Coles-CAS/images/3/4/7/3470394.jpg","categoryIds":["health-beauty"],"packageSize":"1 Pack","cupPrice":"$10.00 per 1Ea","isAvailable":true,"locations":["vic","sa","qld","nsw","wa","act"]},{"id":"cenovis-garlic-horseradish--c-complex-capsules","store":"coles","brand":"Cenovis","name":"Garlic Horseradish + C Complex Capsules","price":8.25,"orgPrice":16.5,"imagePath":"https://shop.coles.com.au/wcsstore/Coles-CAS/images/4/7/7/4779773.jpg","categoryIds":["health-beauty"],"packageSize":"120 pack","cupPrice":"$0.07 per 1Ea","isAvailable":true,"locations":["vic","sa","qld","nsw","wa","act"]},{"id":"cenovis-b-complex-tablets-2827740p","store":"coles","brand":"Cenovis","name":"B Complex Tablets","price":7,"orgPrice":14,"imagePath":"https://shop.coles.com.au/wcsstore/Coles-CAS/images/2/8/2/2827740.jpg","categoryIds":["health-beauty"],"packageSize":"150 pack","cupPrice":"$4.67 per 100Ea","isAvailable":true,"locations":["vic","sa","qld","nsw","wa","act"]},{"id":"natures-own-super-b-complex","store":"coles","brand":"Nature's Own","name":"Super B Complex Tablets","price":13.5,"orgPrice":27,"imagePath":"https://shop.coles.com.au/wcsstore/Coles-CAS/images/3/4/7/3470260.jpg","categoryIds":["health-beauty"],"packageSize":"75 pack","cupPrice":"$0.18 per 1Ea","isAvailable":true,"locations":["vic","sa","qld","nsw","wa","act"]},{"id":"cenovis-hair-skin-and-nails","store":"coles","brand":"Cenovis","name":"Hair Skin And Nails Tablets","price":8.25,"orgPrice":16.5,"imagePath":"https://shop.coles.com.au/wcsstore/Coles-CAS/images/3/4/7/3470317.jpg","categoryIds":["health-beauty"],"packageSize":"60 pack","cupPrice":"$0.14 per 1Ea","isAvailable":true,"locations":["vic","sa","qld","nsw","wa","act"]},{"id":"cenovis-caps-mega-e-500mg","store":"coles","brand":"Cenovis","name":"Mega E 500IU Capsules","price":18.5,"orgPrice":37,"imagePath":"https://shop.coles.com.au/wcsstore/Coles-CAS/images/5/6/0/5602383.jpg","categoryIds":["health-beauty"],"packageSize":"250 pack","cupPrice":"$0.07 per 1Ea","isAvailable":true,"locations":["vic","sa","qld","nsw","wa","act"]},{"id":"natures-own-vitamin-b3-500mg","store":"coles","brand":"Nature's Own","name":"Vitamin B3 500mg Tablets","price":6,"orgPrice":12,"imagePath":"https://shop.coles.com.au/wcsstore/Coles-CAS/images/3/4/7/3470292.jpg","categoryIds":["health-beauty"],"packageSize":"60 pack","cupPrice":"$10.00 per 100Ea","isAvailable":true,"locations":["vic","sa","qld","nsw","wa","act"]},{"id":"nature-s-way-acv-gummmies","store":"coles","brand":"Nature's Way","name":"Apple Cider Vinegar Gummmies","price":10,"orgPrice":20,"imagePath":"https://shop.coles.com.au/wcsstore/Coles-CAS/images/3/7/5/3753210.jpg","categoryIds":["health-beauty"],"packageSize":"65 pack","cupPrice":"$15.38 per 100Ea","isAvailable":true,"locations":["vic","sa","qld","nsw","wa","act"]},{"id":"cenovis-mega-c","store":"coles","brand":"Cenovis","name":"Mega C","price":7.5,"orgPrice":15,"imagePath":"https://shop.coles.com.au/wcsstore/Coles-CAS/images/3/7/6/3765456.jpg","categoryIds":["health-beauty"],"packageSize":"100 pack","cupPrice":"$7.50 per 100Ea","isAvailable":true,"locations":["vic","sa","qld","nsw","wa","act"]},{"id":"cenovis-once-daily-mens-multi-perform--caps","store":"coles","brand":"Cenovis","name":"Men's Multi+ Performance Once Daily Capsules","price":15,"orgPrice":30,"imagePath":"https://shop.coles.com.au/wcsstore/Coles-CAS/images/2/8/2/2825993.jpg","categoryIds":["health-beauty"],"packageSize":"100 pack","cupPrice":"$0.15 per 1Ea","isAvailable":true,"locations":["vic","sa","qld","nsw","wa","act"]},{"id":"nature-s-own-b12-activated-methyl","store":"coles","brand":"Nature's Own","name":"B12 Activated Methyl","price":11,"orgPrice":22,"imagePath":"https://shop.coles.com.au/wcsstore/Coles-CAS/images/3/7/5/3758519.jpg","categoryIds":["health-beauty"],"packageSize":"60 pack","cupPrice":"$18.33 per 100Ea","isAvailable":true,"locations":["vic","qld","nsw","wa","act"]},{"id":"kleenex-special-care-facial-tissues-3-ply-aloe-vera","store":"coles","brand":"Kleenex","name":"3 Ply Wellbeing Aloe Vera & Vitamin E Facial Tissues","price":1.3,"orgPrice":1.3,"imagePath":"https://shop.coles.com.au/wcsstore/Coles-CAS/images/5/7/4/5749086.jpg","categoryIds":["household"],"packageSize":"95 pack","cupPrice":"$0.01 per 1Ea","isAvailable":true,"locations":["vic","sa","qld","nsw","wa","tas","act"]},{"id":"finish-dishwasher-rinse-aid-regular","store":"coles","brand":"Finish","name":"Regular Rinse Aid for Dishwashers","price":4.5,"orgPrice":4.5,"imagePath":"https://shop.coles.com.au/wcsstore/Coles-CAS/images/5/8/7/5870735.jpg","categoryIds":["household"],"packageSize":"500mL","cupPrice":"$0.90 per 100mL","isAvailable":true,"locations":["vic","sa","qld","nsw","wa","tas","act"]},{"id":"finish-dishwash-quantum-ultimate-pro-lemon","store":"coles","brand":"Finish","name":"Quantum Ultimate Pro Lemon Dishwash Tablets","price":19,"orgPrice":38,"imagePath":"https://shop.coles.com.au/wcsstore/Coles-CAS/images/3/6/7/3679161.jpg","categoryIds":["household"],"packageSize":"48 pack","cupPrice":"$0.40 per 1Ea","isAvailable":true,"locations":["vic","sa","qld","nsw","wa","tas","act"]},{"id":"dynamo-prof-l-liquid-7-in-1-3774344p","store":"coles","brand":"Dynamo","name":"Profession 7 In 1 Laundry Liquid","price":10,"orgPrice":20,"imagePath":"https://shop.coles.com.au/wcsstore/Coles-CAS/images/3/7/7/3774344.jpg","categoryIds":["household"],"packageSize":"1.8L","cupPrice":"$5.56 per 1L","isAvailable":true,"locations":["vic","sa","qld","nsw","wa","tas","act"]},{"id":"omo-ultimate-front-top-loader-laundry-liquid-2731696p","store":"coles","brand":"OMO","name":"Ultimate Front & Top Loader Laundry Liquid Detergent","price":11,"orgPrice":22,"imagePath":"https://shop.coles.com.au/wcsstore/Coles-CAS/images/2/7/3/2731696.jpg","categoryIds":["household"],"packageSize":"1.8L","cupPrice":"$6.11 per 1L","isAvailable":true,"locations":["vic","sa","qld","nsw","wa","tas","act"]},{"id":"finish-0-dishwashing-tablets-3513329p","store":"coles","brand":"Finish","name":"Dishwashing Tablets","price":19,"orgPrice":38,"imagePath":"https://shop.coles.com.au/wcsstore/Coles-CAS/images/3/5/1/3513329.jpg","categoryIds":["household"],"packageSize":"60 pack","cupPrice":"$0.32 per 1Ea","isAvailable":true,"locations":["vic","sa","qld","nsw","wa","tas","act"]},{"id":"dynamo-prof-l-liquid-odour-eliminator","store":"coles","brand":"Dynamo","name":"Profession Odour Eliminator Liquid","price":10,"orgPrice":20,"imagePath":"https://shop.coles.com.au/wcsstore/Coles-CAS/images/3/7/7/3774355.jpg","categoryIds":["household"],"packageSize":"1.8L","cupPrice":"$5.56 per 1L","isAvailable":true,"locations":["vic","sa","qld","nsw","wa","tas","act"]},{"id":"fluffy-ultra-fabric-softener-spice-allure-7945008p","store":"coles","brand":"Fluffy","name":"Fragrance Temptations Spice Allure Fabric Softener","price":3.5,"orgPrice":7,"imagePath":"https://shop.coles.com.au/wcsstore/Coles-CAS/images/7/9/4/7945008.jpg","categoryIds":["household"],"packageSize":"1L","cupPrice":"$3.50 per 1L","isAvailable":true,"locations":["vic","sa","qld","nsw","wa","tas","act"]},{"id":"kleenex-special-care-eucalyptus-facial-tissues","store":"coles","brand":"Kleenex","name":"Wellbeing Eucalyptus Facial Tissues","price":1.3,"orgPrice":1.3,"imagePath":"https://shop.coles.com.au/wcsstore/Coles-CAS/images/1/2/8/1281572.jpg","categoryIds":["household"],"packageSize":"95 pack","cupPrice":"$0.01 per 1Ea","isAvailable":true,"locations":["vic","sa","qld","nsw","wa","tas","act"]},{"id":"fluffy-divine-blends-ultra-vanilla-coconut-fabric-softener","store":"coles","brand":"Fluffy","name":"Divine Blends Warm Vanilla & Creamy Coconut Concentrated Fabric Softener","price":3.5,"orgPrice":7,"imagePath":"https://shop.coles.com.au/wcsstore/Coles-CAS/images/2/2/2/2223662.jpg","categoryIds":["household"],"packageSize":"900mL","cupPrice":"$3.89 per 1L","isAvailable":true,"locations":["vic","sa","qld","nsw","wa","tas","act"]},{"id":"sistema-ultra-container-13-litre","store":"coles","brand":"Sistema","name":"Ultra Clear Tritan Container 1.3L","price":6,"orgPrice":12,"imagePath":"https://shop.coles.com.au/wcsstore/Coles-CAS/images/3/6/3/3633160.jpg","categoryIds":["household"],"packageSize":"","cupPrice":"$6.00 per 1Ea","isAvailable":true,"locations":["vic","sa","qld","nsw","wa","tas","act"]},{"id":"sistema-ultra-container-920ml","store":"coles","brand":"Sistema","name":"Ultra Clear Tritan Container 920mL","price":5,"orgPrice":10,"imagePath":"https://shop.coles.com.au/wcsstore/Coles-CAS/images/3/6/3/3633149.jpg","categoryIds":["household"],"packageSize":"","cupPrice":"$5.00 per 1Ea","isAvailable":true,"locations":["vic","sa","qld","nsw","wa","tas","act"]},{"id":"dynamo-prof-l-liquid-oxi-plus-3774300p","store":"coles","brand":"Dynamo","name":"Profession Oxi Plus Laundry Liquid","price":10,"orgPrice":20,"imagePath":"https://shop.coles.com.au/wcsstore/Coles-CAS/images/3/7/7/3774300.jpg","categoryIds":["household"],"packageSize":"1.8L","cupPrice":"$5.56 per 1L","isAvailable":true,"locations":["vic","sa","qld","nsw","wa","tas","act"]},{"id":"harpic-eco-fresh-toilet-gel-eucalyptus","store":"coles","brand":"Harpic","name":"Eco Fresh Toilet Gel Eucalyptus","price":2.5,"orgPrice":5,"imagePath":"https://shop.coles.com.au/wcsstore/Coles-CAS/images/3/7/4/3744490.jpg","categoryIds":["household"],"packageSize":"500mL","cupPrice":"$0.50 per 100mL","isAvailable":true,"locations":["vic","sa","qld","nsw","wa","tas","act"]},{"id":"harpic-fresh-power-6-itb-toilet-cleaner-tropical-blossom","store":"coles","brand":"Harpic","name":"Fresh Power6 Toilet Cleaner Tropical Blossom","price":2.5,"orgPrice":5,"imagePath":"https://shop.coles.com.au/wcsstore/Coles-CAS/images/3/0/3/3035012.jpg","categoryIds":["household"],"packageSize":"39g","cupPrice":"$6.41 per 100G","isAvailable":true,"locations":["vic","sa","qld","nsw","wa","tas","act"]},{"id":"harpic-fresh-power-toilet-cleaner-tropical-blossom","store":"coles","brand":"Harpic","name":"Fresh Power Toilet Cleaner Tropical Blossom","price":5,"orgPrice":5,"imagePath":"https://shop.coles.com.au/wcsstore/Coles-CAS/images/3/0/3/3035067.jpg","categoryIds":["household"],"packageSize":"700mL","cupPrice":"$0.71 per 100mL","isAvailable":true,"locations":["vic","sa","qld","nsw","wa","tas","act"]},{"id":"omo-laundry-powder-ultimate-front-top","store":"coles","brand":"OMO","name":"Ultimate Front & Top Laundry Powder","price":11,"orgPrice":22,"imagePath":"https://shop.coles.com.au/wcsstore/Coles-CAS/images/3/5/3/3536233.jpg","categoryIds":["household"],"packageSize":"1.8kg","cupPrice":"$6.11 per 1Kg","isAvailable":true,"locations":["vic","sa","qld","nsw","wa","tas","act"]},{"id":"finish-0-dishwashing-tablets","store":"coles","brand":"Finish","name":"DishwasherTablets","price":8.5,"orgPrice":17,"imagePath":"https://shop.coles.com.au/wcsstore/Coles-CAS/images/3/5/0/3509092.jpg","categoryIds":["household"],"packageSize":"22 pack","cupPrice":"$0.39 per 1Ea","isAvailable":true,"locations":["vic","sa","qld","nsw","wa","tas","act"]},{"id":"harpic-platinum-pro-shield-marine-explosion","store":"coles","brand":"Harpic","name":"Platinum Pro Shield Marine Explosion Liquid Toilet Cleaner","price":2.5,"orgPrice":5,"imagePath":"https://shop.coles.com.au/wcsstore/Coles-CAS/images/3/5/2/3527673.jpg","categoryIds":["household"],"packageSize":"500mL","cupPrice":"$0.50 per 100mL","isAvailable":true,"locations":["vic","sa","qld","nsw","wa","tas","act"]},{"id":"fluffy-fabric-softener-ultra-lotus-blend","store":"coles","brand":"Fluffy","name":"Divine Blends Lotus Flower & Sea Minerals Fabric Softener","price":3.5,"orgPrice":7,"imagePath":"https://shop.coles.com.au/wcsstore/Coles-CAS/images/1/5/8/1586183.jpg","categoryIds":["household"],"packageSize":"900mL","cupPrice":"$3.89 per 1L","isAvailable":true,"locations":["vic","sa","qld","nsw","wa","tas","act"]},{"id":"omo-ultimate-sensitive-laundry-liquid","store":"coles","brand":"OMO","name":"Ultimate Sensitive Laundry Liquid","price":11,"orgPrice":22,"imagePath":"https://shop.coles.com.au/wcsstore/Coles-CAS/images/3/6/7/3671024.jpg","categoryIds":["household"],"packageSize":"1.8L","cupPrice":"$6.11 per 1L","isAvailable":true,"locations":["vic","sa","qld","nsw","wa","tas","act"]},{"id":"harpic-itb-toilet-cleaner-blue-power","store":"coles","brand":"Harpic","name":"Blue Power Toilet Cleaner","price":2.5,"orgPrice":5,"imagePath":"https://shop.coles.com.au/wcsstore/Coles-CAS/images/3/2/2/3224955.jpg","categoryIds":["household"],"packageSize":"39g","cupPrice":"$6.41 per 100G","isAvailable":true,"locations":["vic","sa","qld","nsw","wa","tas","act"]},{"id":"duck-itb-fresh-discs-citrus","store":"coles","brand":"Duck","name":"Toilet Fresh Disc Bleach Citrus","price":3,"orgPrice":6,"imagePath":"https://shop.coles.com.au/wcsstore/Coles-CAS/images/3/0/2/3026420.jpg","categoryIds":["household"],"packageSize":"36mL","cupPrice":"$8.33 per 100mL","isAvailable":true,"locations":["vic","sa","qld","nsw","wa","tas","act"]},{"id":"harpic-platinum-pro-shield-pine-forest","store":"coles","brand":"Harpic","name":"Platinum Pro Shield Pine Forest Liquid Toilet Cleaner","price":2.5,"orgPrice":5,"imagePath":"https://shop.coles.com.au/wcsstore/Coles-CAS/images/3/5/2/3527695.jpg","categoryIds":["household"],"packageSize":"500mL","cupPrice":"$0.50 per 100mL","isAvailable":true,"locations":["vic","sa","qld","nsw","wa","tas","act"]},{"id":"finish-dishwash-quantum-ultimate-pro-lemon-3679128p","store":"coles","brand":"Finish","name":"Quantum Ultimate Pro Lemon Dishwash Tablets","price":8.5,"orgPrice":17,"imagePath":"https://shop.coles.com.au/wcsstore/Coles-CAS/images/3/6/7/3679128.jpg","categoryIds":["household"],"packageSize":"16 pack","cupPrice":"$0.53 per 1Ea","isAvailable":true,"locations":["vic","sa","qld","nsw","wa","tas","act"]},{"id":"dynamo-prof-l-liquid-fre-clear","store":"coles","brand":"Dynamo","name":"Profession Free & Clear Laundry Liquid","price":10,"orgPrice":20,"imagePath":"https://shop.coles.com.au/wcsstore/Coles-CAS/images/3/7/7/3774322.jpg","categoryIds":["household"],"packageSize":"1.8L","cupPrice":"$5.56 per 1L","isAvailable":true,"locations":["vic","sa","qld","nsw","wa","tas","act"]},{"id":"depend-real-fit-womens-large-underwear","store":"coles","brand":"Depend","name":"Real Fit Large Fitted Briefs for Women","price":6,"orgPrice":12,"imagePath":"https://shop.coles.com.au/wcsstore/Coles-CAS/images/2/0/6/2065867.jpg","categoryIds":["household","health-beauty"],"packageSize":"8 pack","cupPrice":"$0.75 per 1Ea","isAvailable":true,"locations":["vic","sa","qld","nsw","wa","tas","act"]},{"id":"duck-fresh-discs-toilet-cleaner-limited-edition","store":"coles","brand":"Duck","name":"Fresh Discs Toilet Cleaner Limited Edition","price":3,"orgPrice":6,"imagePath":"https://shop.coles.com.au/wcsstore/Coles-CAS/images/3/2/2/3229824.jpg","categoryIds":["household"],"packageSize":"36mL","cupPrice":"$8.33 per 100mL","isAvailable":true,"locations":["vic","sa","qld","nsw","wa","tas","act"]},{"id":"harpic-fresh-power-6-itb-toilet-cleaner-marine-splash","store":"coles","brand":"Harpic","name":"Fresh Power6 Toilet Cleaner Marine Splash","price":2.5,"orgPrice":5,"imagePath":"https://shop.coles.com.au/wcsstore/Coles-CAS/images/3/0/3/3035023.jpg","categoryIds":["household"],"packageSize":"39g","cupPrice":"$6.41 per 100G","isAvailable":true,"locations":["vic","sa","qld","nsw","wa","tas","act"]},{"id":"harpic-white-shine-itb-toilet-cleaner-bleach","store":"coles","brand":"Harpic","name":"Lime Fresh White & Shine Toilet Cleaner Bleach","price":2.5,"orgPrice":5,"imagePath":"https://shop.coles.com.au/wcsstore/Coles-CAS/images/3/4/7/3476084.jpg","categoryIds":["household"],"packageSize":"39g","cupPrice":"$6.41 per 100G","isAvailable":true,"locations":["vic","sa","qld","nsw","wa","tas","act"]},{"id":"depend-real-fit-underwear-for-men-large","store":"coles","brand":"Depend","name":"Real Fit Large Underwear for Men","price":6.5,"orgPrice":13,"imagePath":"https://shop.coles.com.au/wcsstore/Coles-CAS/images/1/1/7/1173194.jpg","categoryIds":["household","health-beauty"],"packageSize":"8 pack","cupPrice":"$0.81 per 1Ea","isAvailable":true,"locations":["vic","sa","qld","nsw","wa","tas","act"]},{"id":"harpic-itb-toilet-cleaner-turquoise-power","store":"coles","brand":"Harpic","name":"Turquoise Power 6 Tropical Lagoon Scent","price":2.5,"orgPrice":5,"imagePath":"https://shop.coles.com.au/wcsstore/Coles-CAS/images/3/2/2/3224944.jpg","categoryIds":["household"],"packageSize":"39g","cupPrice":"$6.41 per 100G","isAvailable":true,"locations":["vic","sa","qld","nsw","wa","tas","act"]},{"id":"fluffy-pure-scents-fab-con-creamy-coconut","store":"coles","brand":"Fluffy","name":"Pure Scents Creamy Coconut Concentrated Fabric Conditioner","price":3.5,"orgPrice":7,"imagePath":"https://shop.coles.com.au/wcsstore/Coles-CAS/images/3/5/6/3565322.jpg","categoryIds":["household"],"packageSize":"1L","cupPrice":"$3.50 per 1L","isAvailable":true,"locations":["vic","sa","qld","nsw","wa","tas","act"]},{"id":"shower-power-bathrom-cleaner-gel","store":"coles","brand":"Shower Power","name":"Bathroom Cleaner Gel","price":3.9,"orgPrice":7.8,"imagePath":"https://shop.coles.com.au/wcsstore/Coles-CAS/images/3/7/4/3740353.jpg","categoryIds":["household"],"packageSize":"750mL","cupPrice":"$0.52 per 100mL","isAvailable":true,"locations":["vic","sa","qld","nsw","wa","tas","act"]},{"id":"finish-dishwash-quantum-ultimate-pro-original-3679139p","store":"coles","brand":"Finish","name":"Quantum Ultimate Pro Original Dishwash Tablets","price":8.5,"orgPrice":17,"imagePath":"https://shop.coles.com.au/wcsstore/Coles-CAS/images/3/6/7/3679139.jpg","categoryIds":["household"],"packageSize":"16 pack","cupPrice":"$0.53 per 1Ea","isAvailable":true,"locations":["vic","sa","qld","nsw","wa","tas","act"]},{"id":"harpic-eco-fresh-toilet-gel-marine","store":"coles","brand":"Harpic","name":"Eco Fresh Toilet Gel Marine","price":2.5,"orgPrice":5,"imagePath":"https://shop.coles.com.au/wcsstore/Coles-CAS/images/3/7/4/3744503.jpg","categoryIds":["household"],"packageSize":"500mL","cupPrice":"$0.50 per 100mL","isAvailable":true,"locations":["vic","sa","qld","nsw","wa","tas","act"]},{"id":"harpic-fresh-power-6-itb-toilet-cleaner-summer-breeze","store":"coles","brand":"Harpic","name":"Fresh Power6 Toilet Cleaner Summer Breeze","price":2.5,"orgPrice":5,"imagePath":"https://shop.coles.com.au/wcsstore/Coles-CAS/images/3/0/3/3035001.jpg","categoryIds":["household"],"packageSize":"39g","cupPrice":"$6.41 per 100G","isAvailable":true,"locations":["vic","sa","qld","nsw","wa","tas","act"]},{"id":"harpic-itb-toilet-cleaner-purple-power","store":"coles","brand":"Harpic","name":"ITB Purple Power Toilet Cleaner","price":2.5,"orgPrice":5,"imagePath":"https://shop.coles.com.au/wcsstore/Coles-CAS/images/3/2/2/3224933.jpg","categoryIds":["household"],"packageSize":"39g","cupPrice":"$2.50 per 1Ea","isAvailable":true,"locations":["vic","sa","qld","nsw","wa","tas","act"]},{"id":"omo-laundry-liquid-expert-odour-eliminator","store":"coles","brand":"OMO","name":"Laundry Liquid Expert Odour Eliminator","price":11,"orgPrice":22,"imagePath":"https://shop.coles.com.au/wcsstore/Coles-CAS/images/3/7/8/3788360.jpg","categoryIds":["household"],"packageSize":"1.8L","cupPrice":"$6.11 per 1L","isAvailable":true,"locations":["vic","sa","qld","nsw","wa","tas","act"]},{"id":"harpic-eco-fresh-in-bowl-cleaner-eucalyptis-twin","store":"coles","brand":"Harpic","name":"Eco Fresh In Bowl Cleaner Eucalyptus 2 Pack","price":3,"orgPrice":6,"imagePath":"https://shop.coles.com.au/wcsstore/Coles-CAS/images/3/7/4/3744467.jpg","categoryIds":["household"],"packageSize":"70g","cupPrice":"$1.50 per 1Ea","isAvailable":true,"locations":["vic","sa","qld","nsw","wa","tas","act"]},{"id":"harpic-eco-fresh-in-bowl-cleaner-citrus-twin-pack","store":"coles","brand":"Harpic","name":"Eco Fresh In Bowl Cleaner Citrus 2 Pack","price":3,"orgPrice":6,"imagePath":"https://shop.coles.com.au/wcsstore/Coles-CAS/images/3/7/4/3744489.jpg","categoryIds":["household"],"packageSize":"70g","cupPrice":"$1.50 per 1Ea","isAvailable":true,"locations":["vic","sa","qld","nsw","wa","tas","act"]},{"id":"harpic-fresh-power-itb-toilet-cleaner-pine-fores","store":"coles","brand":"Harpic","name":"Pine Forest Toilet Block Cleaner","price":2.5,"orgPrice":5,"imagePath":"https://shop.coles.com.au/wcsstore/Coles-CAS/images/3/5/2/3527709.jpg","categoryIds":["household"],"packageSize":"39g","cupPrice":"$6.41 per 100G","isAvailable":true,"locations":["vic","sa","qld","nsw","wa","tas","act"]},{"id":"palmolive-eco-dishwashing-liquid-coconut-lime","store":"coles","brand":"Palmolive","name":"Eco Dishwashing Liquid Coconut & Lime","price":2.5,"orgPrice":5,"imagePath":"https://shop.coles.com.au/wcsstore/Coles-CAS/images/3/7/4/3743351.jpg","categoryIds":["household"],"packageSize":"450mL","cupPrice":"$0.56 per 100mL","isAvailable":true,"locations":["vic","sa","qld","nsw","wa","tas","act"]},{"id":"harpic-germ-fighting-hok-bleach-lime-twin-pack","store":"coles","brand":"Harpic","name":"Germ Fighting Hook Bleach Lime 2 Pack","price":3,"orgPrice":6,"imagePath":"https://shop.coles.com.au/wcsstore/Coles-CAS/images/3/7/4/3744343.jpg","categoryIds":["household"],"packageSize":"70g","cupPrice":"$1.50 per 1Ea","isAvailable":true,"locations":["vic","sa","qld","nsw","wa","tas"]},{"id":"harpic-itb-blue-power-floral-sensations","store":"coles","brand":"Harpic","name":"ITB Blue Power Floral Sensations","price":2.5,"orgPrice":5,"imagePath":"https://shop.coles.com.au/wcsstore/Coles-CAS/images/3/7/8/3785420.jpg","categoryIds":["household"],"packageSize":"39 GRAM","cupPrice":"","isAvailable":true,"locations":["vic","sa","qld","wa","tas"]},{"id":"sukin-signature-cleansing-hand-wash-refill","store":"coles","brand":"Sukin","name":"Signature Cleansing Hand Wash","price":8.97,"orgPrice":17.950000000000003,"imagePath":"https://shop.coles.com.au/wcsstore/Coles-CAS/images/3/5/1/3516848.jpg","categoryIds":["health-beauty"],"packageSize":"1L","cupPrice":"$8.97 per 1L","isAvailable":true,"locations":["vic","sa","qld","nsw","wa","tas","act"]},{"id":"sukin-signature-cleansing-hand-wash-pump","store":"coles","brand":"Sukin","name":"Signature Cleansing Hand Wash","price":4.97,"orgPrice":9.95,"imagePath":"https://shop.coles.com.au/wcsstore/Coles-CAS/images/3/5/1/3516724.jpg","categoryIds":["health-beauty"],"packageSize":"500mL","cupPrice":"$0.99 per 100mL","isAvailable":true,"locations":["vic","sa","qld","nsw","wa","tas","act"]},{"id":"sukin-hand-wash-lime-coconut","store":"coles","brand":"Sukin","name":"Lime & Coconut Cleansing Hand Wash","price":4.97,"orgPrice":9.95,"imagePath":"https://shop.coles.com.au/wcsstore/Coles-CAS/images/3/5/5/3552149.jpg","categoryIds":["health-beauty"],"packageSize":"500mL","cupPrice":"$0.99 per 100mL","isAvailable":true,"locations":["vic","sa","qld","nsw","wa","tas","act"]},{"id":"sukin-botanical-body-wash-pump","store":"coles","brand":"Sukin","name":"Signature Botanical Body Wash","price":8.97,"orgPrice":17.950000000000003,"imagePath":"https://shop.coles.com.au/wcsstore/Coles-CAS/images/2/9/9/2994050.jpg","categoryIds":["health-beauty"],"packageSize":"1L","cupPrice":"$8.97 per 1L","isAvailable":true,"locations":["vic","sa","qld","nsw","wa","tas","act"]},{"id":"oral-b--gum-care-sensitivity-repair-toothpaste","store":"coles","brand":"Oral-B","name":"Gum Care & Sensitivity Repair Toothpaste","price":5,"orgPrice":10,"imagePath":"https://shop.coles.com.au/wcsstore/Coles-CAS/images/2/8/6/2868690.jpg","categoryIds":["health-beauty"],"packageSize":"110g","cupPrice":"$4.55 per 100G","isAvailable":true,"locations":["vic","sa","qld","nsw","wa","tas","act"]},{"id":"oral-b--gum-care-enamel-restore-toothpaste","store":"coles","brand":"Oral-B","name":"Gum Care & Enamel Restore Toothpaste","price":5,"orgPrice":10,"imagePath":"https://shop.coles.com.au/wcsstore/Coles-CAS/images/2/8/6/2868679.jpg","categoryIds":["health-beauty"],"packageSize":"110g","cupPrice":"$4.55 per 100G","isAvailable":true,"locations":["vic","sa","qld","nsw","wa","tas","act"]},{"id":"poise-pads-overnight","store":"coles","brand":"Poise","name":"Overnight Pads","price":2.95,"orgPrice":5.9,"imagePath":"https://shop.coles.com.au/wcsstore/Coles-CAS/images/6/8/0/6802708.jpg","categoryIds":["health-beauty"],"packageSize":"8 pack","cupPrice":"$0.37 per 1Ea","isAvailable":true,"locations":["vic","sa","qld","nsw","wa","tas","act"]},{"id":"poise-pads-extra-plus-1026553p","store":"coles","brand":"Poise","name":"Extra Plus Pads","price":3,"orgPrice":6,"imagePath":"https://shop.coles.com.au/wcsstore/Coles-CAS/images/1/0/2/1026553.jpg","categoryIds":["health-beauty"],"packageSize":"10 pack","cupPrice":"$0.30 per 1Ea","isAvailable":true,"locations":["vic","sa","qld","nsw","wa","tas","act"]},{"id":"oral-b-pro-health-advanced-deep-clean-toothpaste","store":"coles","brand":"Oral-B","name":"Pro Health Advanced Deep Clean Mint Fluoride Toothpaste","price":2.5,"orgPrice":5,"imagePath":"https://shop.coles.com.au/wcsstore/Coles-CAS/images/2/6/2/2621075.jpg","categoryIds":["health-beauty"],"packageSize":"110g","cupPrice":"$2.27 per 100G","isAvailable":true,"locations":["vic","sa","qld","nsw","wa","tas","act"]},{"id":"poise-pads-regular-1025222p","store":"coles","brand":"Poise","name":"Regular Pads","price":3,"orgPrice":6,"imagePath":"https://shop.coles.com.au/wcsstore/Coles-CAS/images/1/0/2/1025222.jpg","categoryIds":["health-beauty"],"packageSize":"16 pack","cupPrice":"$0.19 per 1Ea","isAvailable":true,"locations":["vic","sa","qld","nsw","wa","tas","act"]},{"id":"oral-b-3d-white-luxe-perfection","store":"coles","brand":"Oral-B","name":"3D White Luxe Perfection Toothpaste","price":4.5,"orgPrice":9,"imagePath":"https://shop.coles.com.au/wcsstore/Coles-CAS/images/3/1/3/3130567.jpg","categoryIds":["health-beauty"],"packageSize":"95g","cupPrice":"$4.74 per 100G","isAvailable":true,"locations":["vic","sa","qld","nsw","wa","tas","act"]},{"id":"oral-b--pro-health-advance-whitening","store":"coles","brand":"Oral-B","name":"Pro Health Advanced Whitening Toothpaste","price":2.5,"orgPrice":5,"imagePath":"https://shop.coles.com.au/wcsstore/Coles-CAS/images/2/6/2/2621097.jpg","categoryIds":["health-beauty"],"packageSize":"110g","cupPrice":"$2.27 per 100G","isAvailable":true,"locations":["vic","sa","qld","nsw","wa","tas","act"]},{"id":"poise-pads-super-1026510p","store":"coles","brand":"Poise","name":"Super Pads","price":3,"orgPrice":6,"imagePath":"https://shop.coles.com.au/wcsstore/Coles-CAS/images/1/0/2/1026510.jpg","categoryIds":["health-beauty"],"packageSize":"14 pack","cupPrice":"$0.21 per 1Ea","isAvailable":true,"locations":["vic","sa","qld","nsw","wa","tas","act"]},{"id":"oral-b-3d-white-luxe-glamorous-white","store":"coles","brand":"Oral-B","name":"3D White Luxe Glamorous White Toothpaste","price":4.5,"orgPrice":9,"imagePath":"https://shop.coles.com.au/wcsstore/Coles-CAS/images/3/1/3/3130487.jpg","categoryIds":["health-beauty"],"packageSize":"95g","cupPrice":"$4.74 per 100G","isAvailable":true,"locations":["vic","sa","qld","nsw","wa","tas","act"]},{"id":"poise-liners-light","store":"coles","brand":"Poise","name":"Light Liners","price":1.5,"orgPrice":3,"imagePath":"https://shop.coles.com.au/wcsstore/Coles-CAS/images/4/2/1/4216227.jpg","categoryIds":["health-beauty"],"packageSize":"18 pack","cupPrice":"$0.08 per 1Ea","isAvailable":true,"locations":["vic","sa","qld","nsw","wa","tas","act"]},{"id":"poise-pads-extra","store":"coles","brand":"Poise","name":"Extra Pads","price":3,"orgPrice":6,"imagePath":"https://shop.coles.com.au/wcsstore/Coles-CAS/images/1/0/2/1026531.jpg","categoryIds":["health-beauty"],"packageSize":"12 pack","cupPrice":"$0.25 per 1Ea","isAvailable":true,"locations":["vic","sa","qld","nsw","wa","tas","act"]},{"id":"vaseline-intensive-care-dry-skin-moisturiser","store":"coles","brand":"Vaseline","name":"Intensive Care Body Lotion Deep Restore","price":6.5,"orgPrice":13,"imagePath":"https://shop.coles.com.au/wcsstore/Coles-CAS/images/9/4/9/9494759.jpg","categoryIds":["health-beauty"],"packageSize":"750mL","cupPrice":"$0.87 per 100mL","isAvailable":true,"locations":["vic","sa","qld","nsw","wa","tas","act"]},{"id":"schwarzkopf-extra-care-shampoo-marrakesh-oil","store":"coles","brand":"Schwarzkopf","name":"Extra Care Shampoo Marrakesh Oil & Coconut","price":7,"orgPrice":14,"imagePath":"https://shop.coles.com.au/wcsstore/Coles-CAS/images/3/1/5/3156210.jpg","categoryIds":["health-beauty"],"packageSize":"900mL","cupPrice":"$0.78 per 100mL","isAvailable":true,"locations":["vic","sa","qld","nsw","wa","tas","act"]},{"id":"simple-facial-cleansing-wipes","store":"coles","brand":"Simple","name":"Cleansing Facial Wipes","price":3.75,"orgPrice":7.5,"imagePath":"https://shop.coles.com.au/wcsstore/Coles-CAS/images/4/9/2/4920339.jpg","categoryIds":["health-beauty"],"packageSize":"25 pack","cupPrice":"$0.15 per 1Ea","isAvailable":true,"locations":["vic","sa","qld","nsw","wa","tas","act"]},{"id":"oral-b-starwars-power-vitality-kids-toothbrush","store":"coles","brand":"Oral-B","name":"Stages Power Electric Toothbrush Star Wars","price":22.5,"orgPrice":45,"imagePath":"https://shop.coles.com.au/wcsstore/Coles-CAS/images/2/8/6/2868974.jpg","categoryIds":["health-beauty"],"packageSize":"1 pack","cupPrice":"$22.50 per 1Ea","isAvailable":true,"locations":["vic","sa","qld","nsw","wa","tas","act"]},{"id":"schwarzkopf-extra-care-conditioner-marrakesh-oil","store":"coles","brand":"Schwarzkopf","name":"Extra Care Conditioner Marrakesh Oil & Coconut","price":7,"orgPrice":14,"imagePath":"https://shop.coles.com.au/wcsstore/Coles-CAS/images/3/1/5/3156221.jpg","categoryIds":["health-beauty"],"packageSize":"900mL","cupPrice":"$0.78 per 100mL","isAvailable":true,"locations":["vic","sa","qld","nsw","wa","tas","act"]},{"id":"sukin-botanical-body-wash-pineapple-coconut","store":"coles","brand":"Sukin","name":"Botanical Body Wash Pineapple & Coconut","price":4.97,"orgPrice":9.95,"imagePath":"https://shop.coles.com.au/wcsstore/Coles-CAS/images/3/7/1/3714331.jpg","categoryIds":["health-beauty"],"packageSize":"500mL","cupPrice":"$0.99 per 100mL","isAvailable":true,"locations":["vic","sa","qld","nsw","wa","tas","act"]},{"id":"depend-large-fitted-briefs-for-men-women","store":"coles","brand":"Depend","name":"Real Fit Extra Large Fitted Briefs for Women","price":6,"orgPrice":12,"imagePath":"https://shop.coles.com.au/wcsstore/Coles-CAS/images/1/7/2/1721471.jpg","categoryIds":["health-beauty"],"packageSize":"8 pack","cupPrice":"$0.75 per 1Ea","isAvailable":true,"locations":["vic","sa","qld","nsw","wa"]},{"id":"depend-real-fit-medium-underwear-for-women","store":"coles","brand":"Depend","name":"Real Fit Medium Underwear For Women","price":6,"orgPrice":12,"imagePath":"https://shop.coles.com.au/wcsstore/Coles-CAS/images/2/0/6/2065878.jpg","categoryIds":["health-beauty"],"packageSize":"8 pack","cupPrice":"$0.75 per 1Ea","isAvailable":true,"locations":["vic","sa","qld","nsw","wa"]},{"id":"sukin-botanical-body-wash-2994618p","store":"coles","brand":"Sukin","name":"Signature Botanical Body Wash","price":4.97,"orgPrice":9.95,"imagePath":"https://shop.coles.com.au/wcsstore/Coles-CAS/images/2/9/9/2994618.jpg","categoryIds":["health-beauty"],"packageSize":"500mL","cupPrice":"$0.99 per 100mL","isAvailable":true,"locations":["vic","sa","qld","nsw","wa"]},{"id":"poise-overnight-pads","store":"coles","brand":"Poise","name":"Overnight Heavy Pads","price":5,"orgPrice":10,"imagePath":"https://shop.coles.com.au/wcsstore/Coles-CAS/images/3/6/1/3610143.jpg","categoryIds":["health-beauty"],"packageSize":"16 pack","cupPrice":"$0.31 per 1Ea","isAvailable":true,"locations":["vic","sa","qld","nsw"]},{"id":"vaseline-lotion-aloe-fresh-hydrating-value-pack","store":"coles","brand":"Vaseline","name":"Intensive Care Aloe Soothe Body Lotion","price":6.5,"orgPrice":13,"imagePath":"https://shop.coles.com.au/wcsstore/Coles-CAS/images/9/8/3/9831892.jpg","categoryIds":["health-beauty"],"packageSize":"750mL","cupPrice":"$0.87 per 100mL","isAvailable":true,"locations":["vic","sa","qld","nsw","wa"]},{"id":"depend-underwear-real-fit-for-men-medium","store":"coles","brand":"Depend","name":"Real Fit Medium Underwear For Men","price":6.5,"orgPrice":13,"imagePath":"https://shop.coles.com.au/wcsstore/Coles-CAS/images/1/1/7/1173172.jpg","categoryIds":["health-beauty"],"packageSize":"8 pack","cupPrice":"$0.81 per 1Ea","isAvailable":true,"locations":["vic","sa","qld","nsw","wa"]},{"id":"poise-active-ultrathin-super-pads","store":"coles","brand":"Poise","name":"Ultrathins Super Light Pads","price":2.5,"orgPrice":5,"imagePath":"https://shop.coles.com.au/wcsstore/Coles-CAS/images/2/3/7/2373563.jpg","categoryIds":["health-beauty"],"packageSize":"12 pack","cupPrice":"$0.21 per 1Ea","isAvailable":true,"locations":["vic","sa","qld","nsw","wa"]},{"id":"oral-b-complete-clean-5-way-toothbrush","store":"coles","brand":"Oral-B","name":"Complete Clean 5 Way Toothbrush","price":5,"orgPrice":10,"imagePath":"https://shop.coles.com.au/wcsstore/Coles-CAS/images/3/1/3/3130658.jpg","categoryIds":["health-beauty"],"packageSize":"3 pack","cupPrice":"$1.67 per 1Ea","isAvailable":true,"locations":["vic","sa","qld","nsw","wa"]},{"id":"oral-b-vitality-power-toothbrush--adult-floss-action","store":"coles","brand":"Oral-B","name":"Vitality Plus Floss Action Electric Toothbrush","price":22.5,"orgPrice":45,"imagePath":"https://shop.coles.com.au/wcsstore/Coles-CAS/images/8/0/6/8069838.jpg","categoryIds":["health-beauty"],"packageSize":"1 pack","cupPrice":"$22.50 per 1Ea","isAvailable":true,"locations":["vic","sa","qld","nsw","wa"]},{"id":"schwarzkopf-extra-care-shampoo-ultimate-repair-3156232p","store":"coles","brand":"Schwarzkopf","name":"Extra Care Shampoo Ultimate Repair","price":7,"orgPrice":14,"imagePath":"https://shop.coles.com.au/wcsstore/Coles-CAS/images/3/1/5/3156232.jpg","categoryIds":["health-beauty"],"packageSize":"900mL","cupPrice":"$0.78 per 100mL","isAvailable":true,"locations":["vic","sa","qld","nsw","wa"]},{"id":"oral-b-pro-health-clean-mint-toothpaste","store":"coles","brand":"Oral-B","name":"Pro-Health Clean Mint Toothpaste","price":3.5,"orgPrice":7,"imagePath":"https://shop.coles.com.au/wcsstore/Coles-CAS/images/3/1/3/3131129.jpg","categoryIds":["health-beauty"],"packageSize":"190g","cupPrice":"$1.84 per 100G","isAvailable":true,"locations":["vic","sa","qld","nsw","wa"]},{"id":"oral-b-pro-health-fresh-mint-toothpaste","store":"coles","brand":"Oral-B","name":"Pro-Health Fresh Mint Toothpaste","price":3.5,"orgPrice":7,"imagePath":"https://shop.coles.com.au/wcsstore/Coles-CAS/images/3/1/3/3131082.jpg","categoryIds":["health-beauty"],"packageSize":"190g","cupPrice":"$1.84 per 100G","isAvailable":true,"locations":["vic","sa","qld","nsw","wa"]},{"id":"poise-extra-plus-value-pack-pads","store":"coles","brand":"Poise","name":"Extra Plus Value Pack Pads","price":5,"orgPrice":10,"imagePath":"https://shop.coles.com.au/wcsstore/Coles-CAS/images/3/2/9/3293528.jpg","categoryIds":["health-beauty"],"packageSize":"20 pack","cupPrice":"$0.25 per 1Ea","isAvailable":true,"locations":["vic","sa","qld","nsw"]},{"id":"sukin-botanical-body-wash-bergamot-patchouli","store":"coles","brand":"Sukin","name":"Botanical Body Wash Bergamot & Patchouli","price":4.97,"orgPrice":9.95,"imagePath":"https://shop.coles.com.au/wcsstore/Coles-CAS/images/3/7/1/3714353.jpg","categoryIds":["health-beauty"],"packageSize":"500mL","cupPrice":"$0.99 per 100mL","isAvailable":true,"locations":["vic","sa","qld","nsw"]},{"id":"schwarzkopf-extra-care-shampoo-ultimate-repair","store":"coles","brand":"Schwarzkopf","name":"Extra Care Ultimate Repair Shampoo","price":3.45,"orgPrice":6.9,"imagePath":"https://shop.coles.com.au/wcsstore/Coles-CAS/images/8/1/4/8143001.jpg","categoryIds":["health-beauty"],"packageSize":"400mL","cupPrice":"$0.86 per 100mL","isAvailable":true,"locations":["vic","sa","qld","nsw","wa"]},{"id":"schwarzkopf-extra-care-hair-conditioner-liquid-silk","store":"coles","brand":"Schwarzkopf","name":"Extra Care Ultimate Hair Repair Conditioner","price":3.45,"orgPrice":6.9,"imagePath":"https://shop.coles.com.au/wcsstore/Coles-CAS/images/8/1/4/8143012.jpg","categoryIds":["health-beauty"],"packageSize":"400mL","cupPrice":"$0.86 per 100mL","isAvailable":true,"locations":["vic","sa","qld","nsw","wa"]},{"id":"depend-real-fit-for-women-x-large-super-underwear","store":"coles","brand":"Depend","name":"Real Fit Extra Large Super Underwear For Women","price":8.5,"orgPrice":17,"imagePath":"https://shop.coles.com.au/wcsstore/Coles-CAS/images/2/6/2/2622497.jpg","categoryIds":["health-beauty"],"packageSize":"8 pack","cupPrice":"$1.06 per 1Ea","isAvailable":true,"locations":["vic","sa","qld","nsw","wa"]},{"id":"oral-b-gum-detoxify-deep-clean-toothpaste","store":"coles","brand":"Oral-B","name":"Gum Detoxify Intensive Clean Toothpaste","price":6,"orgPrice":12,"imagePath":"https://shop.coles.com.au/wcsstore/Coles-CAS/images/3/4/0/3400366.jpg","categoryIds":["health-beauty"],"packageSize":"110g","cupPrice":"$5.45 per 100G","isAvailable":true,"locations":["vic","sa","qld","nsw","wa"]},{"id":"oral-b-3d-white-whitening-therapy-sensitivity-care","store":"coles","brand":"Oral-B","name":"3D White Whitening Therapy Sensitivity Care Toothpaste","price":6,"orgPrice":12,"imagePath":"https://shop.coles.com.au/wcsstore/Coles-CAS/images/3/4/0/3400355.jpg","categoryIds":["health-beauty"],"packageSize":"95g","cupPrice":"$6.32 per 100G","isAvailable":true,"locations":["vic","sa","qld","nsw","wa"]},{"id":"oral-b-3d-white-whitening-therapy-enamel-care","store":"coles","brand":"Oral-B","name":"3D White Whitening Therapy Enamel Care Toothpaste","price":6,"orgPrice":12,"imagePath":"https://shop.coles.com.au/wcsstore/Coles-CAS/images/3/4/0/3400344.jpg","categoryIds":["health-beauty"],"packageSize":"95g","cupPrice":"$6.32 per 100G","isAvailable":true,"locations":["vic","sa","qld","nsw","wa"]},{"id":"vaseline-lotion-cocoa-butter-deep-conditioning-value-pack","store":"coles","brand":"Vaseline","name":"Intensive Care Cocoa Glow Body Lotion","price":6.5,"orgPrice":13,"imagePath":"https://shop.coles.com.au/wcsstore/Coles-CAS/images/7/4/5/7455858.jpg","categoryIds":["health-beauty"],"packageSize":"750mL","cupPrice":"$0.87 per 100mL","isAvailable":true,"locations":["vic","sa","qld","nsw","wa"]},{"id":"oral-b-vitality-toothbrush-rechargeable-precision-clean--2-refills","store":"coles","brand":"Oral-B","name":"Vitality Precision Clean Electric Toothbrush","price":22.5,"orgPrice":45,"imagePath":"https://shop.coles.com.au/wcsstore/Coles-CAS/images/7/2/8/7285102.jpg","categoryIds":["health-beauty"],"packageSize":"1 pack","cupPrice":"$22.50 per 1Ea","isAvailable":true,"locations":["vic","sa","qld","nsw","wa","act"]},{"id":"simple-moisturiser-light","store":"coles","brand":"Simple","name":"Light Moisturiser","price":5.25,"orgPrice":10.5,"imagePath":"https://shop.coles.com.au/wcsstore/Coles-CAS/images/4/9/2/4920882.jpg","categoryIds":["health-beauty"],"packageSize":"125mL","cupPrice":"$4.20 per 100mL","isAvailable":true,"locations":["vic","sa","qld","nsw","wa","act"]},{"id":"schwarzkopf-conditioner-extra-care-marrakesh","store":"coles","brand":"Schwarzkopf","name":"Extra Care Marrakesh oil And Coconut Conditioner","price":3.45,"orgPrice":6.9,"imagePath":"https://shop.coles.com.au/wcsstore/Coles-CAS/images/9/1/9/9192862.jpg","categoryIds":["health-beauty"],"packageSize":"400mL","cupPrice":"$0.86 per 100mL","isAvailable":true,"locations":["vic","sa","qld","nsw","wa","act"]},{"id":"schwarzkopf-shampoo-extra-care-marrakesh","store":"coles","brand":"Schwarzkopf","name":"Extra Care Marrakesh Oil And Coconut Shampoo","price":3.45,"orgPrice":6.9,"imagePath":"https://shop.coles.com.au/wcsstore/Coles-CAS/images/9/1/9/9192851.jpg","categoryIds":["health-beauty"],"packageSize":"400mL","cupPrice":"$0.86 per 100mL","isAvailable":true,"locations":["vic","sa","qld","nsw","wa","act"]},{"id":"oral-b-compact-gum-care-brush","store":"coles","brand":"Oral-B","name":"Compact Gum Care Ultrathin Toothbrush Extra Soft","price":2,"orgPrice":4,"imagePath":"https://shop.coles.com.au/wcsstore/Coles-CAS/images/2/8/6/2868759.jpg","categoryIds":["health-beauty"],"packageSize":"1 pack","cupPrice":"$2.00 per 1Ea","isAvailable":true,"locations":["vic","sa","qld","nsw","wa","act"]},{"id":"simple-kind-skin-facial-wipes-biodegradable","store":"coles","brand":"Simple","name":"Kind To Skin Biodegradable Facial Wipes","price":3.75,"orgPrice":7.5,"imagePath":"https://shop.coles.com.au/wcsstore/Coles-CAS/images/3/4/4/3445499.jpg","categoryIds":["health-beauty"],"packageSize":"","cupPrice":"$0.15 per 1Ea","isAvailable":true,"locations":["vic","sa","qld","nsw","wa","act"]},{"id":"oral-b-3d-whitening-therapy-charcoal","store":"coles","brand":"Oral B","name":"3d Whitening Therapy Charcoal","price":6,"orgPrice":12,"imagePath":"https://shop.coles.com.au/wcsstore/Coles-CAS/images/3/6/9/3696160.jpg","categoryIds":["health-beauty"],"packageSize":"95g","cupPrice":"$6.32 per 100G","isAvailable":true,"locations":["vic","sa","qld","nsw","wa","act"]},{"id":"poise--active-microliner-long","store":"coles","brand":"Poise","name":"Extra Light Liner Pads","price":1,"orgPrice":2,"imagePath":"https://shop.coles.com.au/wcsstore/Coles-CAS/images/2/3/7/2373541.jpg","categoryIds":["health-beauty"],"packageSize":"10 pack","cupPrice":"$0.10 per 1Ea","isAvailable":true,"locations":["vic","sa","qld","nsw","wa","act"]},{"id":"oral-b-3d-white-toothbrush","store":"coles","brand":"Oral-B","name":"3D White Toothbrush","price":5,"orgPrice":10,"imagePath":"https://shop.coles.com.au/wcsstore/Coles-CAS/images/3/1/3/3130400.jpg","categoryIds":["health-beauty"],"packageSize":"3 pack","cupPrice":"$1.67 per 1Ea","isAvailable":true,"locations":["vic","sa","qld","nsw","wa","act"]},{"id":"schwarzkopf-extra-care-balance-leavein-condition","store":"coles","brand":"Schwarzkopf","name":"Extra Care Normal Balance Leave In Conditioner","price":4.5,"orgPrice":9,"imagePath":"https://shop.coles.com.au/wcsstore/Coles-CAS/images/3/4/6/3467731.jpg","categoryIds":["health-beauty"],"packageSize":"250mL","cupPrice":"$1.80 per 100mL","isAvailable":true,"locations":["vic","sa","qld","nsw","wa","act"]},{"id":"poise-adult-care-pad-discret-regular","store":"coles","brand":"Poise","name":"Thin & Discreet Pad Regular","price":3,"orgPrice":6,"imagePath":"https://shop.coles.com.au/wcsstore/Coles-CAS/images/3/7/6/3761874.jpg","categoryIds":["health-beauty"],"packageSize":"","cupPrice":"","isAvailable":true,"locations":["vic","sa","qld","nsw","wa","act"]},{"id":"oral-b-toothbrush-vitality-power-sensitive","store":"coles","brand":"Oral-B","name":"Vitality Sensitive Clean Electric Toothbrush","price":22.5,"orgPrice":45,"imagePath":"https://shop.coles.com.au/wcsstore/Coles-CAS/images/8/0/6/8069769.jpg","categoryIds":["health-beauty"],"packageSize":"1 pack","cupPrice":"$22.50 per 1Ea","isAvailable":true,"locations":["vic","sa","qld","nsw","wa","act"]},{"id":"oral-b-power-vitality-plus-cross-action","store":"coles","brand":"Oral-B","name":"Power Vitality Plus Cross Action Rechargeable Electric Toothbrush","price":22.5,"orgPrice":45,"imagePath":"https://shop.coles.com.au/wcsstore/Coles-CAS/images/2/8/6/2868760.jpg","categoryIds":["health-beauty"],"packageSize":"1 pack","cupPrice":"$22.50 per 1Ea","isAvailable":true,"locations":["vic","sa","qld","nsw","wa","act"]},{"id":"poise-adult-care-pad-discret-extra","store":"coles","brand":"Poise","name":"Thin & Discreet Pad Extra","price":3,"orgPrice":6,"imagePath":"https://shop.coles.com.au/wcsstore/Coles-CAS/images/3/7/8/3781179.jpg","categoryIds":["health-beauty"],"packageSize":"","cupPrice":"$1.22 per 1KGM","isAvailable":true,"locations":["vic","sa","qld","nsw","wa","act"]},{"id":"oral-b-advantage-complete-whitening-toothbrush-adult-40-medium","store":"coles","brand":"Oral-B","name":"Advantage Complete Whitening Toothbrush Medium","price":2,"orgPrice":4,"imagePath":"https://shop.coles.com.au/wcsstore/Coles-CAS/images/4/4/0/4408818.jpg","categoryIds":["health-beauty"],"packageSize":"1 pack","cupPrice":"$2.00 per 1Ea","isAvailable":true,"locations":["vic","sa","qld","nsw","wa","act"]},{"id":"oral-b-cross-action-power-toothbrush-medium","store":"coles","brand":"Oral-B","name":"Cross Action Power Dual Clean Electric Toothbrush Medium","price":8.75,"orgPrice":17.5,"imagePath":"https://shop.coles.com.au/wcsstore/Coles-CAS/images/9/5/8/9589345.jpg","categoryIds":["health-beauty"],"packageSize":"1 pack","cupPrice":"$8.75 per 1Ea","isAvailable":true,"locations":["vic","sa","qld","nsw","wa","act"]},{"id":"depend-real-fit-for-women-large-super-underwear","store":"coles","brand":"Depend","name":"Real Fit Large Super Underwear For Women","price":8.5,"orgPrice":17,"imagePath":"https://shop.coles.com.au/wcsstore/Coles-CAS/images/2/6/2/2622464.jpg","categoryIds":["health-beauty"],"packageSize":"8 pack","cupPrice":"$1.06 per 1Ea","isAvailable":true,"locations":["vic","sa","qld","nsw","act"]},{"id":"oral-b-power-vitality-handle-gum-care","store":"coles","brand":"Oral-B","name":"Vitality Gum Care Power Electric Toothbrush","price":22.5,"orgPrice":45,"imagePath":"https://shop.coles.com.au/wcsstore/Coles-CAS/images/3/1/3/3131151.jpg","categoryIds":["health-beauty"],"packageSize":"1 pack","cupPrice":"$22.50 per 1Ea","isAvailable":true,"locations":["vic","sa","qld","nsw","wa","act"]},{"id":"oral-b-gum-detoxify-gentle-whiten-toothpaste","store":"coles","brand":"Oral-B","name":"Gum Detoxify Gentle Whitening Toothpaste","price":6,"orgPrice":12,"imagePath":"https://shop.coles.com.au/wcsstore/Coles-CAS/images/3/4/0/3400388.jpg","categoryIds":["health-beauty"],"packageSize":"110g","cupPrice":"$5.45 per 100G","isAvailable":true,"locations":["vic","sa","qld","nsw","wa","act"]},{"id":"poise-adult-care-pad-discret-super","store":"coles","brand":"Poise","name":"Thin & Discreet Pad Super","price":3,"orgPrice":6,"imagePath":"https://shop.coles.com.au/wcsstore/Coles-CAS/images/3/7/6/3761896.jpg","categoryIds":["health-beauty"],"packageSize":"","cupPrice":"$1.35 per 1KGM","isAvailable":true,"locations":["vic","sa","qld","nsw","wa","act"]},{"id":"cadbury-chocolate-mini-roll-10pk","store":"coles","brand":"Cadbury","name":"Milk Chocolate Mini Rolls 10 Pack","price":2.5,"orgPrice":5.5,"imagePath":"https://shop.coles.com.au/wcsstore/Coles-CAS/images/3/4/7/3475569.jpg","categoryIds":["bakery"],"packageSize":"230g","cupPrice":"$1.09 per 100G","isAvailable":true,"locations":["sa","qld","wa","tas","act"]},{"id":"mr-kipling-unicorn-fancies-8pk","store":"coles","brand":"Mr Kipling","name":"Unicorn Fancies 8 Pack","price":2.5,"orgPrice":5,"imagePath":"https://shop.coles.com.au/wcsstore/Coles-CAS/images/3/4/7/3475490.jpg","categoryIds":["bakery"],"packageSize":"205g","cupPrice":"$1.22 per 100G","isAvailable":true,"locations":["sa","qld","nsw","wa","tas","act"]},{"id":"cadbury-favourites-party-pack-3571686p","store":"coles","brand":"Cadbury","name":"Favourites Party Pack","price":10,"orgPrice":20,"imagePath":"https://shop.coles.com.au/wcsstore/Coles-CAS/images/3/5/7/3571686.jpg","categoryIds":["pantry"],"packageSize":"570g","cupPrice":"$1.75 per 100G","isAvailable":true,"locations":["sa","nsw","wa"]},{"id":"campbells-country-ladle-soup-potato-leek","store":"coles","brand":"Campbell's","name":"Country Ladle Potato & Leek Soup Can","price":1.75,"orgPrice":3.5,"imagePath":"https://shop.coles.com.au/wcsstore/Coles-CAS/images/9/1/9/9190856.jpg","categoryIds":["pantry"],"packageSize":"505g","cupPrice":"$0.35 per 100G","isAvailable":true,"locations":["sa","nsw","wa","tas"]},{"id":"nice-natural-toasted-oat-bars-chocolate-chip","store":"coles","brand":"Nice & Natural","name":"Chocolate Chip Toasted Oat Bars","price":2,"orgPrice":4,"imagePath":"https://shop.coles.com.au/wcsstore/Coles-CAS/images/3/6/1/3618269.jpg","categoryIds":["pantry"],"packageSize":"150g","cupPrice":"$1.33 per 100G","isAvailable":true,"locations":["sa","nsw","wa","tas"]},{"id":"campbells-country-ladle-soup-beef-vegetable","store":"coles","brand":"Campbell's","name":"Country Ladle Hearty Beef & Vegetable Soup Carton","price":1.75,"orgPrice":3.5,"imagePath":"https://shop.coles.com.au/wcsstore/Coles-CAS/images/8/9/2/8925800.jpg","categoryIds":["pantry"],"packageSize":"500g","cupPrice":"$0.35 per 100G","isAvailable":true,"locations":["sa","nsw","wa","tas","act"]},{"id":"violet-crumble-dark-choc-honeycomb-bag","store":"coles","brand":"Violet Crumble","name":"Dark Choc Honeycomb Bag","price":2.2,"orgPrice":4.4,"imagePath":"https://shop.coles.com.au/wcsstore/Coles-CAS/images/3/7/3/3735580.jpg","categoryIds":["pantry"],"packageSize":"180g","cupPrice":"$1.22 per 100G","isAvailable":true,"locations":["sa","nsw","wa","tas","act"]},{"id":"campbells-country-ladle-soup-pea-ham","store":"coles","brand":"Campbell's","name":"Country Ladle Pea & Ham Soup Can","price":1.75,"orgPrice":3.5,"imagePath":"https://shop.coles.com.au/wcsstore/Coles-CAS/images/7/9/7/7974323.jpg","categoryIds":["pantry"],"packageSize":"500g","cupPrice":"$0.35 per 100G","isAvailable":true,"locations":["sa","nsw","wa","tas","act"]},{"id":"continental-cup-a-soup-lots-a-noodles-chicken-curry","store":"coles","brand":"Continental","name":"Cup A Soup Mild Chicken Curry with Lots of Noodles 2 pack","price":1,"orgPrice":2,"imagePath":"https://shop.coles.com.au/wcsstore/Coles-CAS/images/7/9/7/7979236.jpg","categoryIds":["pantry"],"packageSize":"58g","cupPrice":"$1.72 per 100G","isAvailable":true,"locations":["sa","nsw","wa","tas","act"]},{"id":"guylian-chocolate-belgian-sea-shells","store":"coles","brand":"Guylian","name":"Chocolate Sea Shells","price":8,"orgPrice":16,"imagePath":"https://shop.coles.com.au/wcsstore/Coles-CAS/images/9/8/2/9825685.jpg","categoryIds":["pantry"],"packageSize":"250g","cupPrice":"$3.20 per 100G","isAvailable":true,"locations":["sa","nsw","wa","tas","act"]},{"id":"nice-natural-toasted-oat-bars-peanut-butter","store":"coles","brand":"Nice & Natural","name":"Toasted Oat Bars Peanut Butter & Real Milk Chocolate 5 Bars","price":2,"orgPrice":4,"imagePath":"https://shop.coles.com.au/wcsstore/Coles-CAS/images/3/6/1/3618258.jpg","categoryIds":["pantry"],"packageSize":"150g","cupPrice":"$1.33 per 100G","isAvailable":true,"locations":["sa","nsw","wa","tas"]},{"id":"vegeta-beef-w-peas-carrot","store":"coles","brand":"Vegeta","name":"Beef Stew With Green Peas & Potatoes Medium Spicy","price":2,"orgPrice":4,"imagePath":"https://shop.coles.com.au/wcsstore/Coles-CAS/images/3/5/3/3532651.jpg","categoryIds":["pantry"],"packageSize":"400g","cupPrice":"$0.50 per 100G","isAvailable":true,"locations":["sa","wa","tas"]},{"id":"wild-tides-no-drain-tuna-soy-ginger","store":"coles","brand":"Wild Tides","name":"No Drain, No Mess Responsibly Fished Tuna Soy & Ginger","price":1.25,"orgPrice":2.5,"imagePath":"https://shop.coles.com.au/wcsstore/Coles-CAS/images/3/5/9/3590895.jpg","categoryIds":["pantry"],"packageSize":"80g","cupPrice":"$15.63 per 1Kg","isAvailable":true,"locations":["sa","wa","tas"]},{"id":"fulfil-protein-bar-cookie-dough","store":"coles","brand":"Fulfil","name":"Vitamin And Protein Bar Chocolete Caramel & Cookie Dough Flavour","price":2,"orgPrice":4,"imagePath":"https://shop.coles.com.au/wcsstore/Coles-CAS/images/3/1/2/3129251.jpg","categoryIds":["pantry","health-beauty"],"packageSize":"55g","cupPrice":"$3.64 per 100G","isAvailable":true,"locations":["sa","qld","nsw","tas","act"]},{"id":"dole-tropical-fruit-chunks-in-juice","store":"coles","brand":"Dole","name":"Tropical Fruit Chunks in Juice Pouch","price":1.5,"orgPrice":3,"imagePath":"https://shop.coles.com.au/wcsstore/Coles-CAS/images/3/2/1/3215025.jpg","categoryIds":["pantry"],"packageSize":"400g","cupPrice":"$3.75 per 1Kg","isAvailable":true,"locations":["sa","qld","wa","tas"]},{"id":"wild-tides-no-drain-tuna-jalapeno","store":"coles","brand":"Wild Tides","name":"No Drain, No Mess Responsibly Fished Tuna Jalapeno Mild","price":1.25,"orgPrice":2.5,"imagePath":"https://shop.coles.com.au/wcsstore/Coles-CAS/images/3/5/9/3590920.jpg","categoryIds":["pantry"],"packageSize":"80g","cupPrice":"$15.63 per 1Kg","isAvailable":true,"locations":["sa","wa","tas"]},{"id":"well-yes-soup-hearty-tomato-sweet-potato","store":"coles","brand":"Well Yes","name":"Hearty Tomato Carrot & Sweet Potato Soup Pouch","price":1.75,"orgPrice":3.5,"imagePath":"https://shop.coles.com.au/wcsstore/Coles-CAS/images/3/4/1/3414225.jpg","categoryIds":["pantry"],"packageSize":"470g","cupPrice":"$0.37 per 100G","isAvailable":true,"locations":["sa","wa","tas"]},{"id":"well-yes-sweet-potato-corn-with-rice-soup","store":"coles","brand":"Well Yes","name":"Sweet Potato & Corn With Rice Soup","price":1.75,"orgPrice":3.5,"imagePath":"https://shop.coles.com.au/wcsstore/Coles-CAS/images/3/4/1/3414214.jpg","categoryIds":["pantry"],"packageSize":"463g","cupPrice":"$0.38 per 100G","isAvailable":true,"locations":["sa","wa","tas"]},{"id":"natures-way-beauty-collagen-gummies","store":"coles","brand":"Nature's Way","name":"Beauty Collagen Berry 40 Gummies","price":10,"orgPrice":20,"imagePath":"https://shop.coles.com.au/wcsstore/Coles-CAS/images/2/8/9/2897338.jpg","categoryIds":["health-beauty"],"packageSize":"1 pack","cupPrice":"$10.00 per 1Ea","isAvailable":true,"locations":["sa","qld","nsw","wa","tas","act"]},{"id":"blackmores-superkids-immune-gummies-60-pack","store":"coles","brand":"Blackmores","name":"Superkids Immune Gummies","price":7.5,"orgPrice":15,"imagePath":"https://shop.coles.com.au/wcsstore/Coles-CAS/images/3/0/6/3068033.jpg","categoryIds":["health-beauty"],"packageSize":"60 pack","cupPrice":"$0.13 per 1Ea","isAvailable":true,"locations":["sa","qld","nsw","wa","tas","act"]},{"id":"natures-way-kid-smart-vita-gummies-vit-c-zinc","store":"coles","brand":"Nature's Way","name":"Kids Smart Vita Gummies Vitamin C + Zinc","price":13,"orgPrice":26,"imagePath":"https://shop.coles.com.au/wcsstore/Coles-CAS/images/3/6/2/3629072.jpg","categoryIds":["health-beauty"],"packageSize":"120 pack","cupPrice":"$0.11 per 1Ea","isAvailable":true,"locations":["sa","qld","nsw","wa","tas","act"]},{"id":"natures-way-vitagummie-s-f-probiotic","store":"coles","brand":"Nature's Way","name":"Sugar Kids Smart Free Vita Gummies Probiotics","price":10,"orgPrice":20,"imagePath":"https://shop.coles.com.au/wcsstore/Coles-CAS/images/3/4/7/3470441.jpg","categoryIds":["health-beauty"],"packageSize":"65 pack","cupPrice":"$0.15 per 1Ea","isAvailable":true,"locations":["sa","qld","nsw","wa","act"]},{"id":"sistema-ultra-container-700ml","store":"coles","brand":"Sistema","name":"Ultra Clear Tritan Container 700mL","price":4,"orgPrice":8,"imagePath":"https://shop.coles.com.au/wcsstore/Coles-CAS/images/3/6/3/3633138.jpg","categoryIds":["household"],"packageSize":"","cupPrice":"$4.00 per 1Ea","isAvailable":true,"locations":["sa","qld","nsw","tas","act"]},{"id":"sistema-ultra-container-460ml","store":"coles","brand":"Sistema","name":"Ultra Clear Tritan Container 460mL","price":3,"orgPrice":6,"imagePath":"https://shop.coles.com.au/wcsstore/Coles-CAS/images/3/6/3/3633105.jpg","categoryIds":["household"],"packageSize":"","cupPrice":"$3.00 per 1Ea","isAvailable":true,"locations":["sa","qld","nsw","tas","act"]},{"id":"explorer-socks-mens-kings-short-black-size-11-13","store":"coles","brand":"Explorer","name":"Mens Original Wool Crew Black Size 11-14","price":7,"orgPrice":14,"imagePath":"https://shop.coles.com.au/wcsstore/Coles-CAS/images/7/1/4/7149534.jpg","categoryIds":["household"],"packageSize":"1 pack","cupPrice":"$7.00 per 1Ea","isAvailable":true,"locations":["sa","qld","wa","tas","act"]},{"id":"explorer-socks-mens-short-black-size-6-11","store":"coles","brand":"Explorer","name":"Mens Original Wool Crew Black Size 6-10","price":7,"orgPrice":14,"imagePath":"https://shop.coles.com.au/wcsstore/Coles-CAS/images/5/2/9/5291705.jpg","categoryIds":["household"],"packageSize":"1 pack","cupPrice":"$7.00 per 1Ea","isAvailable":true,"locations":["sa","qld","nsw","wa","tas","act"]},{"id":"fluffy--ultra-fabric-softener-aqua-desire","store":"coles","brand":"Fluffy","name":"Fragrance Temptations Aqua Desire Concentrated Fabric Softener","price":3.5,"orgPrice":7,"imagePath":"https://shop.coles.com.au/wcsstore/Coles-CAS/images/2/7/3/2732076.jpg","categoryIds":["household"],"packageSize":"1L","cupPrice":"$3.50 per 1L","isAvailable":true,"locations":["sa","qld","nsw","tas","act"]},{"id":"kleenex-aromatherapy-facial-tissues-lavender","store":"coles","brand":"Kleenex","name":"Wellbeing Aromatherapy Lavender Facial Tissues","price":1.3,"orgPrice":1.3,"imagePath":"https://shop.coles.com.au/wcsstore/Coles-CAS/images/2/3/7/2372822.jpg","categoryIds":["household"],"packageSize":"85 pack","cupPrice":"$0.02 per 1Ea","isAvailable":true,"locations":["sa","qld","nsw","tas","act"]},{"id":"sukin-arkie-hand-wash","store":"coles","brand":"Sukin","name":"Arkie Hand Wash","price":4.97,"orgPrice":9.95,"imagePath":"https://shop.coles.com.au/wcsstore/Coles-CAS/images/3/7/1/3714375.jpg","categoryIds":["health-beauty"],"packageSize":"500mL","cupPrice":"$0.99 per 100mL","isAvailable":true,"locations":["sa","qld","nsw","wa","tas","act"]},{"id":"sukin-botanical-body-wash-lime-coconut","store":"coles","brand":"Sukin","name":"Botanical Body Wash Lime & Coconut","price":4.97,"orgPrice":9.95,"imagePath":"https://shop.coles.com.au/wcsstore/Coles-CAS/images/3/7/1/3714320.jpg","categoryIds":["health-beauty"],"packageSize":"500mL","cupPrice":"$0.99 per 100mL","isAvailable":true,"locations":["sa","qld","nsw","wa","tas","act"]},{"id":"oral-b-stages-toothpaste","store":"coles","brand":"Oral-B","name":"Stages Berry Bubble Toothpaste For Kids","price":2,"orgPrice":4,"imagePath":"https://shop.coles.com.au/wcsstore/Coles-CAS/images/2/8/6/2869026.jpg","categoryIds":["health-beauty"],"packageSize":"92g","cupPrice":"$2.17 per 100G","isAvailable":true,"locations":["sa","qld","nsw","wa","tas","act"]},{"id":"oral-b-stages-2-toothbrush-2-4-years","store":"coles","brand":"Oral-B","name":"Stages 2 Kids Toothbrush 2-4 Years","price":1.77,"orgPrice":3.55,"imagePath":"https://shop.coles.com.au/wcsstore/Coles-CAS/images/2/8/6/2869004.jpg","categoryIds":["health-beauty"],"packageSize":"1 pack","cupPrice":"$1.77 per 1Ea","isAvailable":true,"locations":["sa","qld","nsw","wa","tas","act"]},{"id":"oral-b--frozen-power-vitality-kids-toothbrush","store":"coles","brand":"Oral-B","name":"Frozen Stages Power Soft Electric Toothbrush 5+ Years","price":22.5,"orgPrice":45,"imagePath":"https://shop.coles.com.au/wcsstore/Coles-CAS/images/2/8/6/2868985.jpg","categoryIds":["health-beauty"],"packageSize":"1 pack","cupPrice":"$22.50 per 1Ea","isAvailable":true,"locations":["sa","qld","nsw","wa"]},{"id":"oral-b-stages-3-toothbrush-5-7-years","store":"coles","brand":"Oral-B","name":"Stages 3 Toothbrush 5-7 Years","price":1.77,"orgPrice":3.55,"imagePath":"https://shop.coles.com.au/wcsstore/Coles-CAS/images/2/8/6/2869015.jpg","categoryIds":["health-beauty"],"packageSize":"1 pack","cupPrice":"$1.77 per 1Ea","isAvailable":true,"locations":["sa","qld","nsw","wa"]},{"id":"schwarzkopf-extra-care-conditioner-ultimate-rep","store":"coles","brand":"Schwarzkopf","name":"Extra Care Ultimate Hair Repair Conditioner","price":7,"orgPrice":14,"imagePath":"https://shop.coles.com.au/wcsstore/Coles-CAS/images/3/1/5/3156243.jpg","categoryIds":["health-beauty"],"packageSize":"900mL","cupPrice":"$0.78 per 100mL","isAvailable":true,"locations":["sa","qld","nsw","wa"]},{"id":"simple-foaming-facial-wash","store":"coles","brand":"Simple","name":"Kind To Skin Facial Wash Moisturising","price":5.5,"orgPrice":11,"imagePath":"https://shop.coles.com.au/wcsstore/Coles-CAS/images/4/9/2/4920408.jpg","categoryIds":["health-beauty"],"packageSize":"150mL","cupPrice":"$3.67 per 100mL","isAvailable":true,"locations":["sa","qld","nsw","wa"]},{"id":"simple-vital-vitamin-foaming-facial-cleanser","store":"coles","brand":"Simple","name":"Vital Vitamin Foaming Cleanser","price":6.25,"orgPrice":12.5,"imagePath":"https://shop.coles.com.au/wcsstore/Coles-CAS/images/1/4/8/1482440.jpg","categoryIds":["health-beauty"],"packageSize":"150mL","cupPrice":"$4.17 per 100mL","isAvailable":true,"locations":["sa","qld","nsw","wa"]},{"id":"schwarzkopf-extra-care-liquid-silk-shampoo","store":"coles","brand":"Schwarzkopf","name":"Extra Care Liquid Silk Shampoo","price":3.45,"orgPrice":6.9,"imagePath":"https://shop.coles.com.au/wcsstore/Coles-CAS/images/9/7/1/9711085.jpg","categoryIds":["health-beauty"],"packageSize":"400mL","cupPrice":"$0.86 per 100mL","isAvailable":true,"locations":["sa","qld","nsw","act"]},{"id":"schwarzkopf-extra-care-shampo-bio-tech-repair","store":"coles","brand":"Schwarzkopf","name":"Extra Care Bio-tech Repair Shampoo","price":8.5,"orgPrice":17,"imagePath":"https://shop.coles.com.au/wcsstore/Coles-CAS/images/3/7/1/3710421.jpg","categoryIds":["health-beauty"],"packageSize":"500mL","cupPrice":"$1.70 per 100mL","isAvailable":true,"locations":["sa","qld","nsw","wa","act"]},{"id":"schwarzkopf-extra-care-conditioner-bio-tech-rep","store":"coles","brand":"Schwarzkopf","name":"Extra Care Bio-tech Repair Conditioner","price":8.5,"orgPrice":17,"imagePath":"https://shop.coles.com.au/wcsstore/Coles-CAS/images/3/7/1/3710476.jpg","categoryIds":["health-beauty"],"packageSize":"500mL","cupPrice":"$1.70 per 100mL","isAvailable":true,"locations":["sa","qld","nsw","wa","act"]},{"id":"vaseline--intensive-care-advanced-strength-moisturiser","store":"coles","brand":"Vaseline","name":"Fragrance Free Advanced Strength Body Lotion","price":6.5,"orgPrice":13,"imagePath":"https://shop.coles.com.au/wcsstore/Coles-CAS/images/2/8/5/2858857.jpg","categoryIds":["health-beauty"],"packageSize":"750mL","cupPrice":"$0.87 per 100mL","isAvailable":true,"locations":["sa","qld","nsw","wa","act"]},{"id":"schwarzkopf-extra-care-colour-protect-shampoo","store":"coles","brand":"Schwarzkopf","name":"Extra Care Colour Protect Shampoo","price":3.45,"orgPrice":6.9,"imagePath":"https://shop.coles.com.au/wcsstore/Coles-CAS/images/9/7/1/9711223.jpg","categoryIds":["health-beauty"],"packageSize":"400mL","cupPrice":"$0.86 per 100mL","isAvailable":true,"locations":["sa","qld","nsw","wa","act"]},{"id":"blackmores-lutein-defence","store":"coles","brand":"Blackmores","name":"Lutein Defence Tablets","price":20,"orgPrice":40,"imagePath":"https://shop.coles.com.au/wcsstore/Coles-CAS/images/1/8/1/1812090.jpg","categoryIds":["health-beauty"],"packageSize":"60 pack","cupPrice":"$33.33 per 100Ea","isAvailable":true,"locations":["sa","qld","nsw","wa","act"]},{"id":"schwarzkopf-extra-care-shampoo-colour-protect","store":"coles","brand":"Schwarzkopf","name":"Extra Care Shampoo Colour Protect & Shine","price":7,"orgPrice":14,"imagePath":"https://shop.coles.com.au/wcsstore/Coles-CAS/images/3/1/5/3156254.jpg","categoryIds":["health-beauty"],"packageSize":"900mL","cupPrice":"$0.78 per 100mL","isAvailable":true,"locations":["sa","qld","nsw","wa","act"]},{"id":"schwarzkopf-extra-care-shampoo-push-up-volume","store":"coles","brand":"Schwarzkopf","name":"Extra Care Hair Repair Shampoo","price":3.45,"orgPrice":6.9,"imagePath":"https://shop.coles.com.au/wcsstore/Coles-CAS/images/7/8/1/7816898.jpg","categoryIds":["health-beauty"],"packageSize":"400mL","cupPrice":"$0.86 per 100mL","isAvailable":true,"locations":["sa","qld","nsw","act"]},{"id":"simple-micellar-facial-wipes","store":"coles","brand":"Simple","name":"Facial Wipes Micellar","price":4,"orgPrice":8,"imagePath":"https://shop.coles.com.au/wcsstore/Coles-CAS/images/2/4/6/2467292.jpg","categoryIds":["health-beauty"],"packageSize":"25 pack","cupPrice":"$0.16 per 1Ea","isAvailable":true,"locations":["sa","qld","nsw","act"]},{"id":"schwarzkopf-extra-care-conditioner-col-protect","store":"coles","brand":"Schwarzkopf","name":"Extra Care Conditioner Colour Protect & Shine","price":7,"orgPrice":14,"imagePath":"https://shop.coles.com.au/wcsstore/Coles-CAS/images/3/1/5/3156265.jpg","categoryIds":["health-beauty"],"packageSize":"900mL","cupPrice":"$0.78 per 100mL","isAvailable":true,"locations":["sa","qld","nsw","wa","act"]},{"id":"bulldog-original-face-wash-3365833p","store":"coles","brand":"Bulldog","name":"Original Face Wash Skincare For Men","price":5,"orgPrice":10,"imagePath":"https://shop.coles.com.au/wcsstore/Coles-CAS/images/3/3/6/3365833.jpg","categoryIds":["health-beauty"],"packageSize":"150mL","cupPrice":"$3.33 per 100mL","isAvailable":true,"locations":["sa","qld","nsw","wa","act"]},{"id":"arnotts-chocolate-biscuits-tim-tams-double-coat-chocolate","store":"coles","brand":"Arnott's","name":"Double Coat Chocolate Tim Tam","price":3.65,"orgPrice":3.65,"imagePath":"https://shop.coles.com.au/wcsstore/Coles-CAS/images/7/0/2/7029292.jpg","categoryIds":["pantry"],"packageSize":"200g","cupPrice":"$1.83 per 100G","isAvailable":true,"locations":["qld"]},{"id":"arnotts-chocolate-biscuits-tim-tams-original","store":"coles","brand":"Arnott's","name":"Original Chocolate Tim Tam","price":3.65,"orgPrice":3.65,"imagePath":"https://shop.coles.com.au/wcsstore/Coles-CAS/images/3/2/9/329607.jpg","categoryIds":["pantry"],"packageSize":"200g","cupPrice":"$1.83 per 100G","isAvailable":true,"locations":["qld"]},{"id":"arnotts-biscuits-scotch-finger-chocolate-coated","store":"coles","brand":"Arnott's","name":"Chocolate Coated Scotch Finger Biscuits","price":3.65,"orgPrice":3.65,"imagePath":"https://shop.coles.com.au/wcsstore/Coles-CAS/images/5/5/1/5514923.jpg","categoryIds":["pantry"],"packageSize":"250g","cupPrice":"$1.46 per 100G","isAvailable":true,"locations":["qld"]},{"id":"arnotts-chocolate-biscuits-tim-tams-chewy-caramel","store":"coles","brand":"Arnott's","name":"Chewy Caramel Tim Tam","price":3.65,"orgPrice":3.65,"imagePath":"https://shop.coles.com.au/wcsstore/Coles-CAS/images/8/6/5/8655375.jpg","categoryIds":["pantry"],"packageSize":"175g","cupPrice":"$2.09 per 100G","isAvailable":true,"locations":["qld"]},{"id":"arnotts-chocolate-biscuits-mint-slice","store":"coles","brand":"Arnott's","name":"Mint Slice Chocolate Biscuits","price":3.65,"orgPrice":3.65,"imagePath":"https://shop.coles.com.au/wcsstore/Coles-CAS/images/3/2/9/329571.jpg","categoryIds":["pantry"],"packageSize":"200g","cupPrice":"$1.83 per 100G","isAvailable":true,"locations":["qld"]},{"id":"uncle-tobys-le-snak-natural-cheese","store":"coles","brand":"Uncle Tobys","name":"Le Snak Cheddar Cheese","price":4.7,"orgPrice":4.7,"imagePath":"https://shop.coles.com.au/wcsstore/Coles-CAS/images/4/9/5/4952890.jpg","categoryIds":["pantry"],"packageSize":"132g","cupPrice":"$3.56 per 100G","isAvailable":true,"locations":["qld"]},{"id":"carmans-dark-choc-and-cranberry-gourmet-and-protein-bars-5-pack","store":"coles","brand":"Carman's","name":"Dark Choc & Cranberry Gourmet Protein Bar 5 pack","price":6.3,"orgPrice":6.3,"imagePath":"https://shop.coles.com.au/wcsstore/Coles-CAS/images/2/1/2/2129482.jpg","categoryIds":["pantry"],"packageSize":"200g","cupPrice":"$3.15 per 100G","isAvailable":true,"locations":["qld"]},{"id":"arnotts-biscuits-teddy-bear-chocolate-coated","store":"coles","brand":"Arnott's","name":"Chocolate Coated Teddy Bear Biscuits","price":3.65,"orgPrice":3.65,"imagePath":"https://shop.coles.com.au/wcsstore/Coles-CAS/images/3/2/9/329582.jpg","categoryIds":["pantry"],"packageSize":"200g","cupPrice":"$1.83 per 100G","isAvailable":true,"locations":["qld"]},{"id":"arnotts-chocolate-biscuits-royals-milk-chocolate","store":"coles","brand":"Arnott's","name":"Milk Chocolate Royals","price":3.65,"orgPrice":3.65,"imagePath":"https://shop.coles.com.au/wcsstore/Coles-CAS/images/3/5/8/358718.jpg","categoryIds":["pantry"],"packageSize":"200g","cupPrice":"$1.83 per 100G","isAvailable":true,"locations":["qld"]},{"id":"arnotts-chocolate-biscuits-caramel-crowns","store":"coles","brand":"Arnott's","name":"Caramel Crowns Chocolate Biscuits","price":3.65,"orgPrice":3.65,"imagePath":"https://shop.coles.com.au/wcsstore/Coles-CAS/images/2/5/0/25078.jpg","categoryIds":["pantry"],"packageSize":"200g","cupPrice":"$1.83 per 100G","isAvailable":true,"locations":["qld"]},{"id":"uncle-tobys-le-snak-tasty-cheese","store":"coles","brand":"Uncle Tobys","name":"Le Snak Tasty Cheese 6 Pack","price":4.7,"orgPrice":4.7,"imagePath":"https://shop.coles.com.au/wcsstore/Coles-CAS/images/4/9/5/4954750.jpg","categoryIds":["pantry"],"packageSize":"132g","cupPrice":"$3.56 per 100G","isAvailable":true,"locations":["qld"]},{"id":"heinz-condensed-big-red-tomato-soup","store":"coles","brand":"Heinz","name":"Big Red Tomato Soup Can","price":2.2,"orgPrice":2.2,"imagePath":"https://shop.coles.com.au/wcsstore/Coles-CAS/images/1/2/8/128503.jpg","categoryIds":["pantry"],"packageSize":"420g","cupPrice":"$0.52 per 100G","isAvailable":true,"locations":["qld"]},{"id":"cadbury-cherry-ripe-chocolate-bar","store":"coles","brand":"Cadbury","name":"Cherry Ripe Chocolate Bar","price":2,"orgPrice":2,"imagePath":"https://shop.coles.com.au/wcsstore/Coles-CAS/images/1/3/6/136534.jpg","categoryIds":["pantry"],"packageSize":"52g","cupPrice":"$3.85 per 100G","isAvailable":true,"locations":["qld"]},{"id":"belvita-chocolate-breakfast-biscuit","store":"coles","brand":"Belvita","name":"Chocolate Breakfast Biscuit 6 Pack","price":4,"orgPrice":4,"imagePath":"https://shop.coles.com.au/wcsstore/Coles-CAS/images/1/8/4/1843763.jpg","categoryIds":["pantry"],"packageSize":"300g","cupPrice":"$1.33 per 100G","isAvailable":true,"locations":["qld"]},{"id":"carmans-golden-oats-coconut-oat-slice","store":"coles","brand":"Carman's","name":"Golden Oats & Coconut Oat Slice","price":6,"orgPrice":6,"imagePath":"https://shop.coles.com.au/wcsstore/Coles-CAS/images/2/3/9/2392488.jpg","categoryIds":["pantry"],"packageSize":"210g","cupPrice":"$2.86 per 100G","isAvailable":true,"locations":["qld"]},{"id":"carmans-coconut-yoghurt-roasted-nut-gourmet-protein","store":"coles","brand":"Carman's","name":"Coconut Yoghurt & Roasted Nut Gourmet Protein Bars 5 pack","price":6.3,"orgPrice":6.3,"imagePath":"https://shop.coles.com.au/wcsstore/Coles-CAS/images/2/7/9/2795542.jpg","categoryIds":["pantry"],"packageSize":"200g","cupPrice":"$3.15 per 100G","isAvailable":true,"locations":["qld"]},{"id":"cadbury-twirl-chocolate-bar","store":"coles","brand":"Cadbury","name":"Twirl Chocolate Bar","price":2,"orgPrice":2,"imagePath":"https://shop.coles.com.au/wcsstore/Coles-CAS/images/5/2/1/5216313.jpg","categoryIds":["pantry"],"packageSize":"39g","cupPrice":"$5.13 per 100G","isAvailable":true,"locations":["qld"]},{"id":"carmans-nut-bars--almond-hazel-vanilla","store":"coles","brand":"Carman's","name":"Almond Hazelnut & Vanilla Nut Bar 5 pack","price":6,"orgPrice":6,"imagePath":"https://shop.coles.com.au/wcsstore/Coles-CAS/images/1/0/1/1018373.jpg","categoryIds":["pantry"],"packageSize":"175g","cupPrice":"$3.43 per 100G","isAvailable":true,"locations":["qld"]},{"id":"cadbury-turkish-delight-chocolate-bar","store":"coles","brand":"Fry's","name":"Turkish Delight Chocolate Bar","price":2,"orgPrice":2,"imagePath":"https://shop.coles.com.au/wcsstore/Coles-CAS/images/1/3/6/136498.jpg","categoryIds":["pantry"],"packageSize":"55g","cupPrice":"$3.64 per 100G","isAvailable":true,"locations":["qld"]},{"id":"arnotts-chocolate-biscuits-tim-tam-white","store":"coles","brand":"Arnott's","name":"Tim Tam White Chocolate Biscuits","price":3.65,"orgPrice":3.65,"imagePath":"https://shop.coles.com.au/wcsstore/Coles-CAS/images/7/2/4/7243805.jpg","categoryIds":["pantry"],"packageSize":"165g","cupPrice":"$2.21 per 100G","isAvailable":true,"locations":["qld"]},{"id":"carmans-greek-yoghurt-berry-protein-bars","store":"coles","brand":"Carman's","name":"Greek Style Yoghurt & Berry Gourmet Protein Bars 5 pack","price":6.3,"orgPrice":6.3,"imagePath":"https://shop.coles.com.au/wcsstore/Coles-CAS/images/2/3/9/2392513.jpg","categoryIds":["pantry"],"packageSize":"200g","cupPrice":"$3.15 per 100G","isAvailable":true,"locations":["qld"]},{"id":"carmans-protein-bars-salted-caramel-nut-butter","store":"coles","brand":"Carman's","name":"Salted Caramel Nut Butter Gourmet Protein Bars 5 pack","price":6.3,"orgPrice":6.3,"imagePath":"https://shop.coles.com.au/wcsstore/Coles-CAS/images/3/3/8/3387869.jpg","categoryIds":["pantry"],"packageSize":"200g","cupPrice":"$3.15 per 100G","isAvailable":true,"locations":["qld"]},{"id":"arnotts-chocolate-biscuits-gaiety","store":"coles","brand":"Arnott's","name":"Gaiety Chocolate Biscuits","price":3.65,"orgPrice":3.65,"imagePath":"https://shop.coles.com.au/wcsstore/Coles-CAS/images/3/2/9/329618.jpg","categoryIds":["pantry"],"packageSize":"160g","cupPrice":"$2.28 per 100G","isAvailable":true,"locations":["qld"]},{"id":"arnotts-chocolate-biscuits-monte","store":"coles","brand":"Arnott's","name":"Monte Chocolate Biscuits","price":3.65,"orgPrice":3.65,"imagePath":"https://shop.coles.com.au/wcsstore/Coles-CAS/images/2/3/5/235060.jpg","categoryIds":["pantry"],"packageSize":"200g","cupPrice":"$1.83 per 100G","isAvailable":true,"locations":["qld"]},{"id":"arnotts-chocolate-biscuits-tim-tams-classic-dark-chocolate","store":"coles","brand":"Arnott's","name":"Classic Dark Chocolate Tim Tam","price":3.65,"orgPrice":3.65,"imagePath":"https://shop.coles.com.au/wcsstore/Coles-CAS/images/6/0/2/6025536.jpg","categoryIds":["pantry"],"packageSize":"200g","cupPrice":"$1.83 per 100G","isAvailable":true,"locations":["qld"]},{"id":"europe-bars-summer-roll","store":"coles","brand":"Europe","name":"Summer Roll","price":2,"orgPrice":2,"imagePath":"https://shop.coles.com.au/wcsstore/Coles-CAS/images/6/7/8/67861.jpg","categoryIds":["pantry"],"packageSize":"40g","cupPrice":"$5.00 per 100G","isAvailable":true,"locations":["qld"]},{"id":"europe-bars-honey-nougat-log","store":"coles","brand":"Europe","name":"Honey Nougat Log","price":2,"orgPrice":2,"imagePath":"https://shop.coles.com.au/wcsstore/Coles-CAS/images/6/7/8/67850.jpg","categoryIds":["pantry"],"packageSize":"40g","cupPrice":"$5.00 per 100G","isAvailable":true,"locations":["qld"]},{"id":"carmans-muesli-bars-classic-fruit-6-pack","store":"coles","brand":"Carman's","name":"Classic Fruit & Nut Muesli Bars 6 pack","price":6,"orgPrice":6,"imagePath":"https://shop.coles.com.au/wcsstore/Coles-CAS/images/9/4/6/9460520.jpg","categoryIds":["pantry"],"packageSize":"270g","cupPrice":"$2.22 per 100G","isAvailable":true,"locations":["qld"]},{"id":"carmans-muesli-bars-original-fruit-free-6-pack","store":"coles","brand":"Carman's","name":"Original Fruit Free Muesli Bars 6 pack","price":6,"orgPrice":6,"imagePath":"https://shop.coles.com.au/wcsstore/Coles-CAS/images/9/4/6/9460462.jpg","categoryIds":["pantry"],"packageSize":"270g","cupPrice":"$2.22 per 100G","isAvailable":true,"locations":["qld"]},{"id":"carmans-nut-bars-almond-cashew-cranberry-5-pack","store":"coles","brand":"Carman's","name":"Almond Cashew & Cranberry Nut Bar 5 pack","price":6,"orgPrice":6,"imagePath":"https://shop.coles.com.au/wcsstore/Coles-CAS/images/1/0/1/1018362.jpg","categoryIds":["pantry"],"packageSize":"175g","cupPrice":"$3.43 per 100G","isAvailable":true,"locations":["qld"]},{"id":"carmans-greek-style-yoghurt-blueberry-nut-bars-5-pack","store":"coles","brand":"Carman's","name":"Greek Style Yoghurt & Blueberry Nut Bars 5 pack","price":6,"orgPrice":6,"imagePath":"https://shop.coles.com.au/wcsstore/Coles-CAS/images/1/9/0/1905248.jpg","categoryIds":["pantry"],"packageSize":"160g","cupPrice":"$3.75 per 100G","isAvailable":true,"locations":["qld"]},{"id":"carmans-salted-drk-choc-almnd","store":"coles","brand":"Carman's","name":"Salted Dark Choc & Almond Gourmet Protein Bars 5 pack","price":6.3,"orgPrice":6.3,"imagePath":"https://shop.coles.com.au/wcsstore/Coles-CAS/images/3/0/2/3022961.jpg","categoryIds":["pantry"],"packageSize":"200g","cupPrice":"$3.15 per 100G","isAvailable":true,"locations":["qld"]},{"id":"belvita-biscuits-breakfast-milk-cereals-6-pack","store":"coles","brand":"Belvita","name":"Milk and Cereals Breakfast Biscuits 6 Pack","price":4,"orgPrice":4,"imagePath":"https://shop.coles.com.au/wcsstore/Coles-CAS/images/9/1/0/9109880.jpg","categoryIds":["pantry"],"packageSize":"300g","cupPrice":"$1.33 per 100G","isAvailable":true,"locations":["qld"]},{"id":"belvita-biscuits-breakfast-honey-nut-6-pack","store":"coles","brand":"Belvita","name":"Honey and Nut Breakfast Biscuits 6 Pack","price":4,"orgPrice":4,"imagePath":"https://shop.coles.com.au/wcsstore/Coles-CAS/images/1/0/2/1020783.jpg","categoryIds":["pantry"],"packageSize":"300g","cupPrice":"$1.33 per 100G","isAvailable":true,"locations":["qld"]},{"id":"cadbury-dairy-milk-chocolate-roll-pack","store":"coles","brand":"Cadbury","name":"Dairy Milk Chocolate Roll Pack","price":2,"orgPrice":2,"imagePath":"https://shop.coles.com.au/wcsstore/Coles-CAS/images/5/0/7/5072676.jpg","categoryIds":["pantry"],"packageSize":"55g","cupPrice":"$3.64 per 100G","isAvailable":true,"locations":["qld"]},{"id":"cadbury-picnic-chocolate-bar","store":"coles","brand":"Cadbury","name":"Picnic Chocolate Bar","price":2,"orgPrice":2,"imagePath":"https://shop.coles.com.au/wcsstore/Coles-CAS/images/1/3/6/136556.jpg","categoryIds":["pantry"],"packageSize":"46g","cupPrice":"$4.35 per 100G","isAvailable":true,"locations":["qld"]},{"id":"cadbury-crunchie-chocolate-bar","store":"coles","brand":"Cadbury","name":"Crunchie Chocolate bar","price":2,"orgPrice":2,"imagePath":"https://shop.coles.com.au/wcsstore/Coles-CAS/images/1/3/6/136523.jpg","categoryIds":["pantry"],"packageSize":"50g","cupPrice":"$4.00 per 100G","isAvailable":true,"locations":["qld"]},{"id":"cadbury-flake-chocolate-bar","store":"coles","brand":"Cadbury","name":"Flake Chocolate Bar","price":2,"orgPrice":2,"imagePath":"https://shop.coles.com.au/wcsstore/Coles-CAS/images/1/3/6/136487.jpg","categoryIds":["pantry"],"packageSize":"30g","cupPrice":"$6.67 per 100G","isAvailable":true,"locations":["qld"]},{"id":"carmans--oat-slice-belgian-choc-brownie","store":"coles","brand":"Carman's","name":"Oat Slice Belgian Chocolate Brownie","price":6,"orgPrice":6,"imagePath":"https://shop.coles.com.au/wcsstore/Coles-CAS/images/2/7/1/2714711.jpg","categoryIds":["pantry"],"packageSize":"210g","cupPrice":"$2.86 per 100G","isAvailable":true,"locations":["qld"]},{"id":"arnotts-tim-tams-messina-biscuits-choc-mint","store":"coles","brand":"Arnott's","name":"Tim Tam Chocolate Mint Biscuits","price":3.65,"orgPrice":3.65,"imagePath":"https://shop.coles.com.au/wcsstore/Coles-CAS/images/2/8/6/2869977.jpg","categoryIds":["pantry"],"packageSize":"160g","cupPrice":"$2.28 per 100G","isAvailable":true,"locations":["qld"]},{"id":"carmans-dark-choc-macadamia-coconut","store":"coles","brand":"Carman's","name":"Dark Choc Macadamia & Coconut Nut Bar 5 pack","price":6,"orgPrice":6,"imagePath":"https://shop.coles.com.au/wcsstore/Coles-CAS/images/3/0/2/3022892.jpg","categoryIds":["pantry"],"packageSize":"160g","cupPrice":"$3.75 per 100G","isAvailable":true,"locations":["qld"]},{"id":"cadbury-time-out-chocolate-bar","store":"coles","brand":"Cadbury","name":"Time Out Chocolate Bar","price":2,"orgPrice":2,"imagePath":"https://shop.coles.com.au/wcsstore/Coles-CAS/images/8/6/8/86866.jpg","categoryIds":["pantry"],"packageSize":"40g","cupPrice":"$5.00 per 100G","isAvailable":true,"locations":["qld"]},{"id":"carmans-bars-dark-choc-blueberry-6-pack","store":"coles","brand":"Carman's","name":"Dark Choc Blueberry Superfood Bars 6 pack","price":6,"orgPrice":6,"imagePath":"https://shop.coles.com.au/wcsstore/Coles-CAS/images/8/2/2/8221546.jpg","categoryIds":["pantry"],"packageSize":"210g","cupPrice":"$2.86 per 100G","isAvailable":true,"locations":["qld"]},{"id":"europe-bars-sesame-bar","store":"coles","brand":"Europe","name":"Sesame Bar","price":2,"orgPrice":2,"imagePath":"https://shop.coles.com.au/wcsstore/Coles-CAS/images/6/7/8/67883.jpg","categoryIds":["pantry"],"packageSize":"45g","cupPrice":"$4.44 per 100G","isAvailable":true,"locations":["qld"]},{"id":"cadbury-chunky-dairy-milk-chocolate-bar","store":"coles","brand":"Cadbury","name":"Dairy Milk Chunky Chocolate Bar","price":2,"orgPrice":2,"imagePath":"https://shop.coles.com.au/wcsstore/Coles-CAS/images/5/0/7/5072665.jpg","categoryIds":["pantry"],"packageSize":"50g","cupPrice":"$4.00 per 100G","isAvailable":true,"locations":["qld"]},{"id":"cadbury-boost-chocolate-bar","store":"coles","brand":"Cadbury","name":"Boost Chocolate Bar","price":2,"orgPrice":2,"imagePath":"https://shop.coles.com.au/wcsstore/Coles-CAS/images/4/4/2/4425023.jpg","categoryIds":["pantry"],"packageSize":"60g","cupPrice":"$3.33 per 100G","isAvailable":true,"locations":["qld"]},{"id":"carmans-dark-choc-espresso-nut-bars-5-pack","store":"coles","brand":"Carman's","name":"Dark Choc Espresso Nut Bar 5 pack","price":6,"orgPrice":6,"imagePath":"https://shop.coles.com.au/wcsstore/Coles-CAS/images/1/9/0/1905237.jpg","categoryIds":["pantry"],"packageSize":"160g","cupPrice":"$3.75 per 100G","isAvailable":true,"locations":["qld"]},{"id":"carmans-cranberry-blueberry-oat-slice","store":"coles","brand":"Carman's","name":"Cranberry & Blueberry Oat Slice","price":6,"orgPrice":6,"imagePath":"https://shop.coles.com.au/wcsstore/Coles-CAS/images/2/3/9/2392499.jpg","categoryIds":["pantry"],"packageSize":"210g","cupPrice":"$2.86 per 100G","isAvailable":true,"locations":["qld"]},{"id":"uncle-tobys-french-onion-le-snak","store":"coles","brand":"Uncle Tobys","name":"Le Snak French Onion","price":4.7,"orgPrice":4.7,"imagePath":"https://shop.coles.com.au/wcsstore/Coles-CAS/images/3/0/2/3022371.jpg","categoryIds":["pantry"],"packageSize":"132g","cupPrice":"$3.56 per 100G","isAvailable":true,"locations":["qld"]},{"id":"belvita-biscuits-breakfast-fruit-fibre-6-pack","store":"coles","brand":"Belvita","name":"Fruit and Fibre Breakfast Biscuits 6 Pack","price":4,"orgPrice":4,"imagePath":"https://shop.coles.com.au/wcsstore/Coles-CAS/images/9/1/0/9109870.jpg","categoryIds":["pantry"],"packageSize":"300g","cupPrice":"$1.33 per 100G","isAvailable":true,"locations":["qld"]},{"id":"carmans-muesli-bars-dark-chocolate-cranberry-almond","store":"coles","brand":"Carman's","name":"Dark Choc Cranberry & Almond Bars 6 pack","price":6,"orgPrice":6,"imagePath":"https://shop.coles.com.au/wcsstore/Coles-CAS/images/7/6/7/7677328.jpg","categoryIds":["pantry"],"packageSize":"210g","cupPrice":"$2.86 per 100G","isAvailable":true,"locations":["qld"]},{"id":"cadbury-caramello-chocolate-bar","store":"coles","brand":"Cadbury","name":"Dairy Milk Caramello Chocolate Bar","price":2,"orgPrice":2,"imagePath":"https://shop.coles.com.au/wcsstore/Coles-CAS/images/5/0/7/5072600.jpg","categoryIds":["pantry"],"packageSize":"55g","cupPrice":"$3.64 per 100G","isAvailable":true,"locations":["qld"]},{"id":"cadbury-marvellous-creations-chocolate-jelly-popping-candy-beanies-9186065p","store":"coles","brand":"Cadbury","name":"Marvellous Creations Jelly Popping Candy Beanies Chocolate Bar","price":2,"orgPrice":2,"imagePath":"https://shop.coles.com.au/wcsstore/Coles-CAS/images/9/1/8/9186065.jpg","categoryIds":["pantry"],"packageSize":"50g","cupPrice":"$4.00 per 100G","isAvailable":true,"locations":["qld"]},{"id":"toblerone-milk-chocolate-5172284p","store":"coles","brand":"Toblerone","name":"Milk Chocolate Bar","price":2,"orgPrice":2,"imagePath":"https://shop.coles.com.au/wcsstore/Coles-CAS/images/5/1/7/5172284.jpg","categoryIds":["pantry"],"packageSize":"50g","cupPrice":"$4.00 per 100G","isAvailable":true,"locations":["qld"]},{"id":"carmans-dark-choc-cherry-coconut-bars","store":"coles","brand":"Carman's","name":"Dark Choc Cherry & Coconut Bars 6 pack","price":6,"orgPrice":6,"imagePath":"https://shop.coles.com.au/wcsstore/Coles-CAS/images/2/9/1/2913751.jpg","categoryIds":["pantry"],"packageSize":"210g","cupPrice":"$2.86 per 100G","isAvailable":true,"locations":["qld"]},{"id":"heinz-condensed-soup-big-red-tomato-salt-reduced","store":"coles","brand":"Heinz","name":"Big Red Tomato Soup Can Salt Reduced","price":2.2,"orgPrice":2.2,"imagePath":"https://shop.coles.com.au/wcsstore/Coles-CAS/images/4/6/0/460441.jpg","categoryIds":["pantry"],"packageSize":"420g","cupPrice":"$0.52 per 100G","isAvailable":true,"locations":["qld"]},{"id":"cadbury-cherry-ripe-double-dip","store":"coles","brand":"Cadbury","name":"Cherry Ripe Double Dip Chocolate Bar","price":2,"orgPrice":2,"imagePath":"https://shop.coles.com.au/wcsstore/Coles-CAS/images/2/4/2/2427185.jpg","categoryIds":["pantry"],"packageSize":"47g","cupPrice":"$4.26 per 100G","isAvailable":true,"locations":["qld"]},{"id":"uncle-tobys-le-snak-nacho-cheese","store":"coles","brand":"Uncle Tobys","name":"Le Snak Nacho Cheese","price":4.7,"orgPrice":4.7,"imagePath":"https://shop.coles.com.au/wcsstore/Coles-CAS/images/4/9/5/4952889.jpg","categoryIds":["pantry"],"packageSize":"132g","cupPrice":"$3.56 per 100G","isAvailable":true,"locations":["qld"]},{"id":"cadbury-bars-dairy-milk-hazelnut","store":"coles","brand":"Cadbury","name":"Dairy Milk Hazelnut Chocolate Bar","price":2,"orgPrice":2,"imagePath":"https://shop.coles.com.au/wcsstore/Coles-CAS/images/3/4/0/3404786.jpg","categoryIds":["pantry"],"packageSize":"55g","cupPrice":"$3.64 per 100G","isAvailable":true,"locations":["qld"]},{"id":"cadbury-bars-freddo-milky-top","store":"coles","brand":"Cadbury","name":"Freddo Milky Top Chocolate Bar","price":2,"orgPrice":2,"imagePath":"https://shop.coles.com.au/wcsstore/Coles-CAS/images/3/2/4/3247305.jpg","categoryIds":["pantry"],"packageSize":"45g","cupPrice":"$4.44 per 100G","isAvailable":true,"locations":["qld"]},{"id":"la-espanola-extra-virgin-olive-oil-3525995p","store":"coles","brand":"La Espanola","name":"Extra Virgin Olive Oil","price":3,"orgPrice":3,"imagePath":"https://shop.coles.com.au/wcsstore/Coles-CAS/images/3/5/2/3525995.jpg","categoryIds":["pantry"],"packageSize":"100mL","cupPrice":"$3.00 per 100mL","isAvailable":true,"locations":["qld"]},{"id":"cadbury-bars-dairy-milk-peppermint","store":"coles","brand":"Cadbury","name":"Dairy Milk Peppermint Chocolate Bar","price":2,"orgPrice":2,"imagePath":"https://shop.coles.com.au/wcsstore/Coles-CAS/images/3/5/0/3507519.jpg","categoryIds":["pantry"],"packageSize":"55g","cupPrice":"$3.64 per 100G","isAvailable":true,"locations":["qld"]},{"id":"cadbury-coconut-rough","store":"coles","brand":"Cadbury","name":"Dairy Milk Coconut Rough Chocolate Bar","price":2,"orgPrice":2,"imagePath":"https://shop.coles.com.au/wcsstore/Coles-CAS/images/3/2/3/3230561.jpg","categoryIds":["pantry"],"packageSize":"45g","cupPrice":"$4.44 per 100G","isAvailable":true,"locations":["qld"]},{"id":"cadbury-chocolate-dream","store":"coles","brand":"Cadbury","name":"Dream White Chocolate Bar","price":2,"orgPrice":2,"imagePath":"https://shop.coles.com.au/wcsstore/Coles-CAS/images/8/8/8/8885965.jpg","categoryIds":["pantry"],"packageSize":"50g","cupPrice":"$4.00 per 100G","isAvailable":true,"locations":["qld"]},{"id":"cadbury-bars-twirl-caramilk","store":"coles","brand":"Cadbury","name":"Twirl Caramilk Bars","price":2,"orgPrice":2,"imagePath":"https://shop.coles.com.au/wcsstore/Coles-CAS/images/3/6/9/3698621.jpg","categoryIds":["pantry"],"packageSize":"39g","cupPrice":"$5.13 per 100G","isAvailable":true,"locations":["qld"]},{"id":"arnotts-tim-tam-crafted-biscuits-strawberry-cream","store":"coles","brand":"Arnott's","name":"Tim Tam Sunshine Coast Strawberry & Cream Crafted Biscuits","price":3.65,"orgPrice":3.65,"imagePath":"https://shop.coles.com.au/wcsstore/Coles-CAS/images/3/7/2/3720163.jpg","categoryIds":["pantry"],"packageSize":"160g","cupPrice":"$2.28 per 100G","isAvailable":true,"locations":["qld"]},{"id":"arnotts-tim-tam-crafted-biscuits-orange-dark-choc","store":"coles","brand":"Arnott's","name":"Tim Tam Orange & Dark Choc Crafted Biscuits","price":3.65,"orgPrice":3.65,"imagePath":"https://shop.coles.com.au/wcsstore/Coles-CAS/images/3/7/2/3720174.jpg","categoryIds":["pantry"],"packageSize":"160g","cupPrice":"$2.28 per 100G","isAvailable":true,"locations":["qld"]},{"id":"arnotts-tim-tam-crafted-biscuits-salted-caramel","store":"coles","brand":"Arnott's","name":"Tim Tam Murray River Salted Caramel Crafted Biscuits","price":3.65,"orgPrice":3.65,"imagePath":"https://shop.coles.com.au/wcsstore/Coles-CAS/images/3/7/2/3720152.jpg","categoryIds":["pantry"],"packageSize":"175g","cupPrice":"$2.09 per 100G","isAvailable":true,"locations":["qld"]},{"id":"toblerone-gift-box","store":"coles","brand":"Toblerone","name":"Gift Box","price":14,"orgPrice":14,"imagePath":"https://shop.coles.com.au/wcsstore/Coles-CAS/images/3/7/1/3716086.jpg","categoryIds":["pantry"],"packageSize":"240g","cupPrice":"$5.83 per 100G","isAvailable":true,"locations":["qld"]},{"id":"cadbury-marvellous-creations-birthday-cake","store":"coles","brand":"Cadbury","name":"Marvellous Creations Birthday Cake","price":2,"orgPrice":2,"imagePath":"https://shop.coles.com.au/wcsstore/Coles-CAS/images/3/7/7/3776361.jpg","categoryIds":["pantry"],"packageSize":"50g","cupPrice":"$4.00 per 100G","isAvailable":true,"locations":["qld"]},{"id":"carmans-protein-bar-cokies-cream","store":"coles","brand":"Carman's","name":"Cookies & Cream Protein Bars 5 Pack","price":6.3,"orgPrice":6.3,"imagePath":"https://shop.coles.com.au/wcsstore/Coles-CAS/images/3/7/8/3786900.jpg","categoryIds":["pantry"],"packageSize":"200g","cupPrice":"$3.15 per 100G","isAvailable":true,"locations":["qld"]},{"id":"carmans-nutty-delights-sticky-date-caramel","store":"coles","brand":"Carman's","name":"Nutty Delights Health Snacks Sticky Date & Caramel","price":6,"orgPrice":6,"imagePath":"https://shop.coles.com.au/wcsstore/Coles-CAS/images/3/7/9/3795038.jpg","categoryIds":["pantry"],"packageSize":"160g","cupPrice":"$3.75 per 100G","isAvailable":true,"locations":["qld"]},{"id":"swisse-vitamins-ultiboost-tablets-wild-fish-oil-odourless","store":"coles","brand":"Swisse","name":"Odourless Wild Fish Oil 1000mg Omega 3 200 Capsules","price":11.5,"orgPrice":23,"imagePath":"https://shop.coles.com.au/wcsstore/Coles-CAS/images/7/3/3/7336702.jpg","categoryIds":["health-beauty"],"packageSize":"1 pack","cupPrice":"$11.50 per 1Ea","isAvailable":true,"locations":["qld","nsw","act"]},{"id":"swisse-ultiboost-vita-c-effervescent-tabs","store":"coles","brand":"Swisse","name":"Ultiboost Vitamin C 1000mg Strawberry 60 Effervescent Tablets","price":15,"orgPrice":30,"imagePath":"https://shop.coles.com.au/wcsstore/Coles-CAS/images/9/1/2/9120464.jpg","categoryIds":["health-beauty"],"packageSize":"1 pack","cupPrice":"$15.00 per 1Ea","isAvailable":true,"locations":["qld","nsw","act"]},{"id":"chobani-coconut-yoghurt","store":"coles","brand":"Chobani","name":"Coconut Yoghurt Pot","price":1,"orgPrice":2,"imagePath":"https://shop.coles.com.au/wcsstore/Coles-CAS/images/1/8/7/1872852.jpg","categoryIds":["dairy-eggs-fridge"],"packageSize":"170g","cupPrice":"$0.59 per 100G","isAvailable":true,"locations":["nsw","act"]},{"id":"thins-potato-chips-tzatziki","store":"coles","brand":"Thins","name":"Tzatziki Potato Chips","price":1.75,"orgPrice":3.5,"imagePath":"https://shop.coles.com.au/wcsstore/Coles-CAS/images/3/7/1/3715662.jpg","categoryIds":["pantry"],"packageSize":"150g","cupPrice":"$1.17 per 100G","isAvailable":true,"locations":["nsw"]},{"id":"cadbury-bitesize-twirl-mint","store":"coles","brand":"Cadbury Bitesize","name":"Twirl Mint","price":2,"orgPrice":4,"imagePath":"https://shop.coles.com.au/wcsstore/Coles-CAS/images/3/7/3/3738453.jpg","categoryIds":["pantry"],"packageSize":"135g","cupPrice":"$1.48 per 100G","isAvailable":true,"locations":["nsw","wa","tas"]},{"id":"kedem-juice-grape-concord-7477668p","store":"coles","brand":"Kedem","name":"Concord Grape Juice","price":5,"orgPrice":14.4,"imagePath":"https://shop.coles.com.au/wcsstore/Coles-CAS/images/7/4/7/7477668.jpg","categoryIds":["international-foods"],"packageSize":"2.84L","cupPrice":"$1.76 per 1L","isAvailable":true,"locations":["nsw"]},{"id":"patties-pies-party-frozen","store":"coles","brand":"Patties","name":"Frozen Party Classic Beef Pies 24 pack","price":7,"orgPrice":14,"imagePath":"https://shop.coles.com.au/wcsstore/Coles-CAS/images/6/8/6/6865300.jpg","categoryIds":["freezer"],"packageSize":"1.12kg","cupPrice":"$0.63 per 100G","isAvailable":true,"locations":["act"]},{"id":"patties-sausage-rolls","store":"coles","brand":"Patties","name":"Frozen Classic Sausage Rolls 24 Pieces","price":7,"orgPrice":14,"imagePath":"https://shop.coles.com.au/wcsstore/Coles-CAS/images/3/0/4/3048590.jpg","categoryIds":["freezer"],"packageSize":"900g","cupPrice":"$0.78 per 100G","isAvailable":true,"locations":["act"]},{"id":"bulla-ice-cream-mint-choc-chip","store":"coles","brand":"Bulla","name":"Creamy Classics Mint Choc Chip Ice Cream Tub","price":4.25,"orgPrice":8.5,"imagePath":"https://shop.coles.com.au/wcsstore/Coles-CAS/images/5/0/4/5049084.jpg","categoryIds":["freezer"],"packageSize":"2L","cupPrice":"$0.21 per 100mL","isAvailable":true,"locations":["act"]},{"id":"birds-eye-frozen-farmhouse-mix","store":"coles","brand":"Birds Eye","name":"Frozen Farmhouse Seasoned Sides","price":2.5,"orgPrice":5,"imagePath":"https://shop.coles.com.au/wcsstore/Coles-CAS/images/2/2/5/2257642.jpg","categoryIds":["freezer"],"packageSize":"600g","cupPrice":"$4.17 per 1Kg","isAvailable":true,"locations":["act"]},{"id":"bulla-murray-st-icecream-coffe-swirl-cokie-chk","store":"coles","brand":"Bulla","name":"Coffee Swirl & Cookie Chunks Ice Cream Tub","price":5,"orgPrice":10,"imagePath":"https://shop.coles.com.au/wcsstore/Coles-CAS/images/3/6/9/3697039.jpg","categoryIds":["freezer"],"packageSize":"460mL","cupPrice":"$1.09 per 100mL","isAvailable":true,"locations":["act"]},{"id":"bulla-murray-st-icecream-caramel-maple-maca-tub","store":"coles","brand":"Bulla","name":"Murray St Caramel Maple Macadamia Ice Cream Tub","price":5,"orgPrice":10,"imagePath":"https://shop.coles.com.au/wcsstore/Coles-CAS/images/3/6/9/3696998.jpg","categoryIds":["freezer"],"packageSize":"460mL","cupPrice":"$1.09 per 100mL","isAvailable":true,"locations":["act"]},{"id":"bulla-murray-st-icecream-sticks-caramel-peanut-brt","store":"coles","brand":"Bulla","name":"Murray St Caramelised Peanut Brittle Ice Cream Sticks 4 Pack","price":5,"orgPrice":10,"imagePath":"https://shop.coles.com.au/wcsstore/Coles-CAS/images/3/6/9/3697050.jpg","categoryIds":["freezer"],"packageSize":"400mL","cupPrice":"$1.25 per 100mL","isAvailable":true,"locations":["act"]},{"id":"bulla-murray-st-icecream-sticks-coffe-swrl-cokie","store":"coles","brand":"Bulla","name":"Murray St Coffee Swirl Cookie Ice Cream Sticks 4 pack","price":5,"orgPrice":10,"imagePath":"https://shop.coles.com.au/wcsstore/Coles-CAS/images/3/6/9/3697061.jpg","categoryIds":["freezer"],"packageSize":"400mL","cupPrice":"$1.25 per 100mL","isAvailable":true,"locations":["act"]}]