[
  {
    "id": "loreal-telescopic-mascara-black",
    "brand": "L'Oreal",
    "name": "Telescopic Black Mascara",
    "imageUrl": "https://shop.coles.com.au/wcsstore/Coles-CAS/images/8/5/5/8551686-th.jpg",
    "categories": ["health-beauty"],
    "tags": ["cosmetics", "eye-liner-shadow-mascara"],
    "locations": {
      "vic": {
        "price": 27,
        "promoText": " ",
        "packageSize": "8mL",
        "packagePrice": "$33.75 per 10mL"
      }
    }
  },
  {
    "id": "loreal-colour-riche-midnight-black-eyeliner",
    "brand": "L'Oreal",
    "name": "Colour Riche Midnight Black Eyeliner",
    "imageUrl": "https://shop.coles.com.au/wcsstore/Coles-CAS/images/3/0/3/3032874-th.jpg",
    "categories": ["health-beauty"],
    "tags": ["cosmetics", "eye-liner-shadow-mascara"],
    "locations": {
      "vic": {
        "price": 19,
        "promoText": " ",
        "packageSize": "200mg",
        "packagePrice": "$950.00 per 10G"
      }
    }
  },
  {
    "id": "l-oreal-paris-paradise-mascara-intense-black",
    "brand": "L'Oreal",
    "name": "Paris Paradise Mascara Intense Black",
    "imageUrl": "https://shop.coles.com.au/wcsstore/Coles-CAS/images/3/7/9/3792073-th.jpg",
    "categories": ["health-beauty"],
    "tags": ["cosmetics", "eye-liner-shadow-mascara"],
    "locations": {
      "vic": {
        "price": 25,
        "promoText": " ",
        "packageSize": "6.4mL",
        "packagePrice": "$39.06 per 10mL"
      }
    }
  },
  {
    "id": "l-oreal-paris-false-lash-bambi-mascara-waterprof",
    "brand": "L'Oreal",
    "name": "Paris False Lash Bambi Mascara Waterproof",
    "imageUrl": "https://shop.coles.com.au/wcsstore/Coles-CAS/images/3/7/9/3791558-th.jpg",
    "categories": ["health-beauty"],
    "tags": ["cosmetics", "eye-liner-shadow-mascara"],
    "locations": {
      "vic": {
        "price": 26,
        "promoText": " ",
        "packageSize": "9.4mL",
        "packagePrice": "$27.66 per 10mL"
      }
    }
  },
  {
    "id": "mny-nudes-of-new-york-eyeshadow-palette",
    "brand": "Maybelline",
    "name": "Nudes Of New York Eyeshadow Palette",
    "imageUrl": "https://shop.coles.com.au/wcsstore/Coles-CAS/images/3/7/9/3792062-th.jpg",
    "categories": ["health-beauty"],
    "tags": ["cosmetics", "eye-liner-shadow-mascara"],
    "locations": {
      "vic": {
        "price": 17.5,
        "promoText": "$17.50 ",
        "packageSize": "1 pack",
        "packagePrice": "$17.50 per 1Ea"
      }
    }
  },
  {
    "id": "loreal-true-match-liquid-fnd-gldn-ivry",
    "brand": "L'Oreal",
    "name": "True Match Gold Ivory W1 Foundation",
    "imageUrl": "https://shop.coles.com.au/wcsstore/Coles-CAS/images/8/5/5/8553808-th.jpg",
    "categories": ["health-beauty"],
    "tags": ["cosmetics", "foundations-powders"],
    "locations": {
      "vic": {
        "price": 30,
        "promoText": " ",
        "packageSize": "30mL",
        "packagePrice": "$10.00 per 10mL"
      }
    }
  },
  {
    "id": "loreal-true-match-liquid-foundation-golden-beige",
    "brand": "L'Oreal",
    "name": "True Match Foundation Gold Beige W3",
    "imageUrl": "https://shop.coles.com.au/wcsstore/Coles-CAS/images/8/5/5/8553783-th.jpg",
    "categories": ["health-beauty"],
    "tags": ["cosmetics", "foundations-powders"],
    "locations": {
      "vic": {
        "price": 30,
        "promoText": " ",
        "packageSize": "30mL",
        "packagePrice": "$10.00 per 10mL"
      }
    }
  },
  {
    "id": "loreal-true-match-liquid-foundation-vanilla",
    "brand": "L'Oreal",
    "name": "True Match Foundation Vanilla N2",
    "imageUrl": "https://shop.coles.com.au/wcsstore/Coles-CAS/images/2/3/6/2363480-th.jpg",
    "categories": ["health-beauty"],
    "tags": ["cosmetics", "foundations-powders"],
    "locations": {
      "vic": {
        "price": 30,
        "promoText": " ",
        "packageSize": "30mL",
        "packagePrice": "$10.00 per 10mL"
      }
    }
  },
  {
    "id": "l-oreal-paris-true-match-cream-powder-golden-beige",
    "brand": "L'Oreal",
    "name": "Paris True Match Cream Powder W3 Golden Beige",
    "imageUrl": "https://shop.coles.com.au/wcsstore/Coles-CAS/images/3/7/9/3792040-th.jpg",
    "categories": ["health-beauty"],
    "tags": ["cosmetics", "foundations-powders"],
    "locations": {
      "vic": {
        "price": 30,
        "promoText": " ",
        "packageSize": "9g",
        "packagePrice": "$33.33 per 10G"
      }
    }
  },
  {
    "id": "l-oreal-paris-true-match-cream-powder-n4-beige",
    "brand": "L'Oreal",
    "name": "Paris True Match Cream Powder N4 Beige",
    "imageUrl": "https://shop.coles.com.au/wcsstore/Coles-CAS/images/3/7/9/3791988-th.jpg",
    "categories": ["health-beauty"],
    "tags": ["cosmetics", "foundations-powders"],
    "locations": {
      "vic": {
        "price": 30,
        "promoText": " ",
        "packageSize": "9g",
        "packagePrice": "$33.33 per 10G"
      }
    }
  },
  {
    "id": "zovirax-cream-cold-sore-pump-application",
    "brand": "Zovirax",
    "name": "Cold Sore Cream Tube",
    "imageUrl": "https://shop.coles.com.au/wcsstore/Coles-CAS/images/9/3/2/9326131-th.jpg",
    "categories": ["health-beauty"],
    "tags": ["cosmetics", "lip-balm"],
    "locations": {
      "vic": {
        "price": 15,
        "promoText": " ",
        "packageSize": "2g",
        "packagePrice": "$750.00 per 100G"
      }
    }
  },
  {
    "id": "burts-bees-pomegranate-lip-balm",
    "brand": "Burt's Bees",
    "name": "Pomegranate Moisturizing Lip Balm",
    "imageUrl": "https://shop.coles.com.au/wcsstore/Coles-CAS/images/3/2/7/3271490-th.jpg",
    "categories": ["health-beauty"],
    "tags": ["cosmetics", "lip-balm"],
    "locations": {
      "vic": {
        "price": 6.5,
        "promoText": " ",
        "packageSize": "4.25g",
        "packagePrice": "$15.29 per 10G"
      }
    }
  },
  {
    "id": "chapstick-lip-balm-conditioner",
    "brand": "Chapstick",
    "name": "Conditioner Lip Balm",
    "imageUrl": "https://shop.coles.com.au/wcsstore/Coles-CAS/images/7/3/3/7332199-th.jpg",
    "categories": ["health-beauty"],
    "tags": ["cosmetics", "lip-balm"],
    "locations": {
      "vic": {
        "price": 3.05,
        "promoText": "$1.35 ",
        "packageSize": "4.2g",
        "packagePrice": "$72.62 per 100G"
      }
    }
  },
  {
    "id": "nyal-antiviral-cold-sore-cream",
    "brand": "Nyal",
    "name": "Antiviral Cold Sore Cream",
    "imageUrl": "https://shop.coles.com.au/wcsstore/Coles-CAS/images/7/2/2/7228801-th.jpg",
    "categories": ["health-beauty"],
    "tags": ["cosmetics", "lip-balm"],
    "locations": {
      "vic": {
        "price": 8.6,
        "promoText": " ",
        "packageSize": "5g",
        "packagePrice": "$172.00 per 100G"
      }
    }
  },
  {
    "id": "covergirl-exhibitionist-lip-gloss-ghosted",
    "brand": "Covergirl",
    "name": "Exhibitionist Lip Gloss Ghosted",
    "imageUrl": "https://shop.coles.com.au/wcsstore/Coles-CAS/images/3/7/9/3791547-th.jpg",
    "categories": ["health-beauty"],
    "tags": ["cosmetics", "lipstick-lip-gloss"],
    "locations": {
      "vic": {
        "price": 17,
        "promoText": " ",
        "packageSize": "3.8mL",
        "packagePrice": "$44.74 per 10mL"
      }
    }
  },
  {
    "id": "covergirl-exhibitionist-lip-gloss-tiger-eye",
    "brand": "Covergirl",
    "name": "Exhibitionist Lip Gloss Tiger Eye",
    "imageUrl": "https://shop.coles.com.au/wcsstore/Coles-CAS/images/3/7/9/3791503-th.jpg",
    "categories": ["health-beauty"],
    "tags": ["cosmetics", "lipstick-lip-gloss"],
    "locations": {
      "vic": {
        "price": 17,
        "promoText": " ",
        "packageSize": "3.8mL",
        "packagePrice": "$44.74 per 10mL"
      }
    }
  },
  {
    "id": "loreal-colour-riche-lip-colour-blush-in-plum",
    "brand": "L'Oreal",
    "name": "Colour Riche Lipstick Blush Plum 255",
    "imageUrl": "https://shop.coles.com.au/wcsstore/Coles-CAS/images/8/5/5/8556985-th.jpg",
    "categories": ["health-beauty"],
    "tags": ["cosmetics", "lipstick-lip-gloss"],
    "locations": {
      "vic": {
        "price": 22,
        "promoText": " ",
        "packageSize": "3.3g",
        "packagePrice": "$66.67 per 10G"
      }
    }
  },
  {
    "id": "l-oreal-color-lipstick-riche-satin-rose-tendre",
    "brand": "L'Oreal",
    "name": "Color Riche Satin Lipstick 303 Rose Tendre",
    "imageUrl": "https://shop.coles.com.au/wcsstore/Coles-CAS/images/3/7/9/3792084-th.jpg",
    "categories": ["health-beauty"],
    "tags": ["cosmetics", "lipstick-lip-gloss"],
    "locations": {
      "vic": {
        "price": 22,
        "promoText": " ",
        "packageSize": "4.3g",
        "packagePrice": "$51.16 per 10G"
      }
    }
  },
  {
    "id": "scunci-polybands-mixed-inner",
    "brand": "Scunci",
    "name": "Mixed Inner Polybands 300 pieces",
    "imageUrl": "https://shop.coles.com.au/wcsstore/Coles-CAS/images/3/5/8/3588995-th.jpg",
    "categories": ["health-beauty"],
    "tags": ["cosmetics", "make-up-tols"],
    "locations": {
      "vic": {
        "price": 6,
        "promoText": " ",
        "packageSize": "1 pack",
        "packagePrice": "$6.00 per 1Ea"
      }
    }
  },
  {
    "id": "oral-b-dental-floss-satintape-mint",
    "brand": "Oral-B",
    "name": "Satin tape Mint dental floss",
    "imageUrl": "https://shop.coles.com.au/wcsstore/Coles-CAS/images/8/1/8/8187528-th.jpg",
    "categories": ["health-beauty"],
    "tags": ["dental", "dental-floss-tape"],
    "locations": {
      "vic": {
        "price": 4,
        "promoText": " ",
        "packageSize": "25m",
        "packagePrice": "$0.16 per 1M"
      }
    }
  },
  {
    "id": "oral-b-dental-floss-waxed",
    "brand": "Oral-B",
    "name": "Essential Waxed Dental Floss",
    "imageUrl": "https://shop.coles.com.au/wcsstore/Coles-CAS/images/9/1/2/9126507-th.jpg",
    "categories": ["health-beauty"],
    "tags": ["dental", "dental-floss-tape"],
    "locations": {
      "vic": {
        "price": 5.85,
        "promoText": " ",
        "packageSize": "2x50m",
        "packagePrice": "$0.06 per 1M"
      }
    }
  },
  {
    "id": "colgate-total-dental-floss",
    "brand": "Colgate",
    "name": "Total Mint Waxed Dental Floss",
    "imageUrl": "https://shop.coles.com.au/wcsstore/Coles-CAS/images/7/5/1/7519870-th.jpg",
    "categories": ["health-beauty"],
    "tags": ["dental", "dental-floss-tape"],
    "locations": {
      "vic": {
        "price": 8,
        "promoText": " ",
        "packageSize": "100m",
        "packagePrice": "$0.08 per 1M"
      }
    }
  },
  {
    "id": "care-dent-eeziflossers-dental-floss",
    "brand": "CareDent",
    "name": "EeziFlossers Disposable Dental Flossers",
    "imageUrl": "https://shop.coles.com.au/wcsstore/Coles-CAS/images/6/9/1/6915067-th.jpg",
    "categories": ["health-beauty"],
    "tags": ["dental", "dental-floss-tape"],
    "locations": {
      "vic": {
        "price": 2.6,
        "promoText": " ",
        "packageSize": "24 pack",
        "packagePrice": "$0.11 per 1Ea"
      }
    }
  },
  {
    "id": "coles--mint-dental-floss",
    "brand": "Coles",
    "name": "Mint Dental Floss With Fluoride",
    "imageUrl": "https://shop.coles.com.au/wcsstore/Coles-CAS/images/2/6/0/2606640-th.jpg",
    "categories": ["health-beauty"],
    "tags": ["dental", "dental-floss-tape"],
    "locations": {
      "vic": {
        "price": 3,
        "promoText": " ",
        "packageSize": "50m",
        "packagePrice": "$3.00 per 1Ea"
      }
    }
  },
  {
    "id": "steradent-denture-cleansing-powder",
    "brand": "Steradent",
    "name": "Powder Denture Cleansing",
    "imageUrl": "https://shop.coles.com.au/wcsstore/Coles-CAS/images/1/0/0/100537-th.jpg",
    "categories": ["health-beauty"],
    "tags": ["dental", "denture-care"],
    "locations": {
      "vic": {
        "price": 5.95,
        "promoText": " ",
        "packageSize": "200g",
        "packagePrice": "$2.98 per 100G"
      }
    }
  },
  {
    "id": "steradent-denture-cleaner-tablets-extra",
    "brand": "Steradent",
    "name": "Denture Cleaner Tablets Extra Strength",
    "imageUrl": "https://shop.coles.com.au/wcsstore/Coles-CAS/images/9/3/9/9391938-th.jpg",
    "categories": ["health-beauty"],
    "tags": ["dental", "denture-care"],
    "locations": {
      "vic": {
        "price": 6.4,
        "promoText": " ",
        "packageSize": "30 pack",
        "packagePrice": "$0.21 per 1Ea"
      }
    }
  },
  {
    "id": "coles-smart-buy-denture-cleaning-tablets",
    "brand": "Coles",
    "name": "Denture Cleanser 48 Effervescent Tablets",
    "imageUrl": "https://shop.coles.com.au/wcsstore/Coles-CAS/images/7/2/2/7220322-th.jpg",
    "categories": ["health-beauty"],
    "tags": ["dental", "denture-care"],
    "locations": {
      "vic": {
        "price": 3.5,
        "promoText": " ",
        "packageSize": "1 pack",
        "packagePrice": "$0.07 per 1Ea"
      }
    }
  },
  {
    "id": "polident-denture-cleanser-tablets-fresh-active",
    "brand": "Polident",
    "name": "Denture Cleanser Fresh Active Tablets",
    "imageUrl": "https://shop.coles.com.au/wcsstore/Coles-CAS/images/9/5/3/9533067-th.jpg",
    "categories": ["health-beauty"],
    "tags": ["dental", "denture-care"],
    "locations": {
      "vic": {
        "price": 6.1,
        "promoText": " ",
        "packageSize": "36 pack",
        "packagePrice": "$0.17 per 1Ea"
      }
    }
  },
  {
    "id": "polident-denture-adhesive-cream",
    "brand": "Polident",
    "name": "Denture Adhesive Fresh Mint",
    "imageUrl": "https://shop.coles.com.au/wcsstore/Coles-CAS/images/5/7/4/5742247-th.jpg",
    "categories": ["health-beauty"],
    "tags": ["dental", "denture-care"],
    "locations": {
      "vic": {
        "price": 13,
        "promoText": " ",
        "packageSize": "60g",
        "packagePrice": "$21.67 per 100G"
      }
    }
  },
  {
    "id": "polident-whitening-denture-cleanser",
    "brand": "Polident",
    "name": "Denture Cleanser Whitening Tablets",
    "imageUrl": "https://shop.coles.com.au/wcsstore/Coles-CAS/images/4/7/6/4764801-th.jpg",
    "categories": ["health-beauty"],
    "tags": ["dental", "denture-care"],
    "locations": {
      "vic": {
        "price": 5.65,
        "promoText": " ",
        "packageSize": "36 pack",
        "packagePrice": "$0.16 per 1Ea"
      }
    }
  },
  {
    "id": "polident-flavour-free-denture-adhesive",
    "brand": "Polident",
    "name": "Denture Adhesive Cream Flavour Free",
    "imageUrl": "https://shop.coles.com.au/wcsstore/Coles-CAS/images/9/6/9/9690203-th.jpg",
    "categories": ["health-beauty"],
    "tags": ["dental", "denture-care"],
    "locations": {
      "vic": {
        "price": 11.5,
        "promoText": " ",
        "packageSize": "60g",
        "packagePrice": "$19.17 per 100G"
      }
    }
  },
  {
    "id": "polident-max-seal-denture-adhesive",
    "brand": "Polident",
    "name": "Max Seal Denture Adhesive Cream",
    "imageUrl": "https://shop.coles.com.au/wcsstore/Coles-CAS/images/3/1/3/3137318-th.jpg",
    "categories": ["health-beauty"],
    "tags": ["dental", "denture-care"],
    "locations": {
      "vic": {
        "price": 10,
        "promoText": " ",
        "packageSize": "40g",
        "packagePrice": "$25.00 per 100G"
      }
    }
  },
  {
    "id": "polident-denture-cleansing-wipes",
    "brand": "Polident",
    "name": "Denture Cleansing Wipes",
    "imageUrl": "https://shop.coles.com.au/wcsstore/Coles-CAS/images/3/6/7/3677643-th.jpg",
    "categories": ["health-beauty"],
    "tags": ["dental", "denture-care"],
    "locations": {
      "vic": {
        "price": 7,
        "promoText": " ",
        "packageSize": "20 pack",
        "packagePrice": "$0.35 per 1Ea"
      }
    }
  },
  {
    "id": "polident-denture-whitening-daily-cleanser",
    "brand": "Polident",
    "name": "Whitening Daily Cleanser For Denture",
    "imageUrl": "https://shop.coles.com.au/wcsstore/Coles-CAS/images/3/6/8/3681684-th.jpg",
    "categories": ["health-beauty"],
    "tags": ["dental", "denture-care"],
    "locations": {
      "vic": {
        "price": 10,
        "promoText": " ",
        "packageSize": "66 pack",
        "packagePrice": "$0.15 per 1Ea"
      }
    }
  },
  {
    "id": "polident-denture-3-minute-daily-cleanser",
    "brand": "Polident",
    "name": "3 Minute Daily Cleanser For Denture",
    "imageUrl": "https://shop.coles.com.au/wcsstore/Coles-CAS/images/3/6/8/3681640-th.jpg",
    "categories": ["health-beauty"],
    "tags": ["dental", "denture-care"],
    "locations": {
      "vic": {
        "price": 10,
        "promoText": " ",
        "packageSize": "66 pack",
        "packagePrice": "$0.15 per 1Ea"
      }
    }
  },
  {
    "id": "steradent-active-plus-denture-cleansing-tablets",
    "brand": "Steradent",
    "name": "Denture Cleansing Tablets Active Plus",
    "imageUrl": "https://shop.coles.com.au/wcsstore/Coles-CAS/images/2/0/8/208781-th.jpg",
    "categories": ["health-beauty"],
    "tags": ["dental", "denture-care"],
    "locations": {
      "vic": {
        "price": 8.5,
        "promoText": " ",
        "packageSize": "48 pack",
        "packagePrice": "$0.18 per 1Ea"
      }
    }
  },
  {
    "id": "colgate-plax-fresh-mouthwash-fresh-mint",
    "brand": "Colgate",
    "name": "Plax Fresh Mint Mouthwash",
    "imageUrl": "https://shop.coles.com.au/wcsstore/Coles-CAS/images/7/3/0/7305006-th.jpg",
    "categories": ["health-beauty"],
    "tags": ["dental", "mouthwash"],
    "locations": {
      "vic": {
        "price": 6,
        "promoText": " ",
        "packageSize": "500mL",
        "packagePrice": "$1.20 per 100mL"
      }
    }
  },
  {
    "id": "colgate-savacol-mouth-rinse-original",
    "brand": "Colgate",
    "name": "Savacol Original Mouthwash",
    "imageUrl": "https://shop.coles.com.au/wcsstore/Coles-CAS/images/7/5/1/7519906-th.jpg",
    "categories": ["health-beauty"],
    "tags": ["dental", "mouthwash"],
    "locations": {
      "vic": {
        "price": 10,
        "promoText": " ",
        "packageSize": "300mL",
        "packagePrice": "$3.33 per 100mL"
      }
    }
  },
  {
    "id": "colgate-plax-fresh-mint-mouth-rinse",
    "brand": "Colgate",
    "name": "Plax Fresh Mint Mouth Wash",
    "imageUrl": "https://shop.coles.com.au/wcsstore/Coles-CAS/images/4/4/9/4499085-th.jpg",
    "categories": ["health-beauty"],
    "tags": ["dental", "mouthwash"],
    "locations": {
      "vic": {
        "price": 8,
        "promoText": " ",
        "packageSize": "1L",
        "packagePrice": "$0.80 per 100mL"
      }
    }
  },
  {
    "id": "oral-b-clinicial-7-benefits-rinse",
    "brand": "Oral-B",
    "name": "Clinical Alcohol Free Flouride Rinse Clean Mint Mouthwash",
    "imageUrl": "https://shop.coles.com.au/wcsstore/Coles-CAS/images/2/2/2/2222331-th.jpg",
    "categories": ["health-beauty"],
    "tags": ["dental", "mouthwash"],
    "locations": {
      "vic": {
        "price": 9,
        "promoText": " ",
        "packageSize": "500mL",
        "packagePrice": "$1.80 per 100mL"
      }
    }
  },
  {
    "id": "listerine-total-care-mouthwash-6874072p",
    "brand": "Listerine",
    "name": "Total Care Mouthwash",
    "imageUrl": "https://shop.coles.com.au/wcsstore/Coles-CAS/images/6/8/7/6874072-th.jpg",
    "categories": ["health-beauty"],
    "tags": ["dental", "mouthwash"],
    "locations": {
      "vic": {
        "price": 9.3,
        "promoText": " ",
        "packageSize": "500mL",
        "packagePrice": "$1.86 per 100mL"
      }
    }
  },
  {
    "id": "sensodyne-coolmint-mouthwash",
    "brand": "Sensodyne",
    "name": "Sensitive Cool Mint Gentle Mouthwash",
    "imageUrl": "https://shop.coles.com.au/wcsstore/Coles-CAS/images/2/2/2/2222375-th.jpg",
    "categories": ["health-beauty"],
    "tags": ["dental", "mouthwash"],
    "locations": {
      "vic": {
        "price": 7,
        "promoText": "$2.00 ",
        "packageSize": "500mL",
        "packagePrice": "$1.40 per 100mL"
      }
    }
  },
  {
    "id": "listerine-medium-mouthwash-freshburst",
    "brand": "Listerine",
    "name": "Freshburst Medium Mouthwash",
    "imageUrl": "https://shop.coles.com.au/wcsstore/Coles-CAS/images/7/9/4/7945303-th.jpg",
    "categories": ["health-beauty"],
    "tags": ["dental", "mouthwash"],
    "locations": {
      "vic": {
        "price": 7.5,
        "promoText": "Was $7.89 on Apr 2018 ",
        "packageSize": "500mL",
        "packagePrice": "$1.50 per 100mL"
      }
    }
  },
  {
    "id": "colgate-plax-fresh-mint-mouthwash",
    "brand": "Colgate",
    "name": "Plax Fresh Mint Mouthwash",
    "imageUrl": "https://shop.coles.com.au/wcsstore/Coles-CAS/images/8/7/9/8795931-th.jpg",
    "categories": ["health-beauty"],
    "tags": ["dental", "mouthwash"],
    "locations": {
      "vic": {
        "price": 2,
        "promoText": "$2.00 ",
        "packageSize": "250mL",
        "packagePrice": "$0.80 per 100mL"
      }
    }
  },
  {
    "id": "listerine-mouthwash-zero-8150277p",
    "brand": "Listerine",
    "name": "Zero Mouthwash",
    "imageUrl": "https://shop.coles.com.au/wcsstore/Coles-CAS/images/8/1/5/8150277-th.jpg",
    "categories": ["health-beauty"],
    "tags": ["dental", "mouthwash"],
    "locations": {
      "vic": {
        "price": 8.5,
        "promoText": "Was $9.00 on Apr 2018 ",
        "packageSize": "500mL",
        "packagePrice": "$1.70 per 100mL"
      }
    }
  },
  {
    "id": "listerine-mouthwash-coconut-lime",
    "brand": "Listerine",
    "name": "Coconut & Lime Mouthwash",
    "imageUrl": "https://shop.coles.com.au/wcsstore/Coles-CAS/images/3/6/8/3681811-th.jpg",
    "categories": ["health-beauty"],
    "tags": ["dental", "mouthwash"],
    "locations": {
      "vic": {
        "price": 8.7,
        "promoText": " ",
        "packageSize": "500mL",
        "packagePrice": "$1.74 per 100mL"
      }
    }
  },
  {
    "id": "colgate-plax-mouthwash-gentle-care",
    "brand": "Colgate",
    "name": "Plax Premium Gentle Mint Mouthwash",
    "imageUrl": "https://shop.coles.com.au/wcsstore/Coles-CAS/images/6/3/6/6361147-th.jpg",
    "categories": ["health-beauty"],
    "tags": ["dental", "mouthwash"],
    "locations": {
      "vic": {
        "price": 7,
        "promoText": " ",
        "packageSize": "500mL",
        "packagePrice": "$1.40 per 100mL"
      }
    }
  },
  {
    "id": "listerine-total-care-mouthwash-6874120p",
    "brand": "Listerine",
    "name": "Total Care Mouthwash",
    "imageUrl": "https://shop.coles.com.au/wcsstore/Coles-CAS/images/6/8/7/6874120-th.jpg",
    "categories": ["health-beauty"],
    "tags": ["dental", "mouthwash"],
    "locations": {
      "vic": {
        "price": 12.5,
        "promoText": "Was $13.50 on Oct 2018 ",
        "packageSize": "1L",
        "packagePrice": "$1.25 per 100mL"
      }
    }
  },
  {
    "id": "listerine-mouthwash-antiseptic-fresh-burst",
    "brand": "Listerine",
    "name": "Fresh Burst Mouthwash",
    "imageUrl": "https://shop.coles.com.au/wcsstore/Coles-CAS/images/7/9/4/7945314-th.jpg",
    "categories": ["health-beauty"],
    "tags": ["dental", "mouthwash"],
    "locations": {
      "vic": {
        "price": 9.39,
        "promoText": " ",
        "packageSize": "1L",
        "packagePrice": "$0.94 per 100mL"
      }
    }
  },
  {
    "id": "listerine-mouthwash-antiseptic-teeth-defence-with-fluoride",
    "brand": "Listerine",
    "name": "Teeth Defence with Fluoride Mouthwash",
    "imageUrl": "https://shop.coles.com.au/wcsstore/Coles-CAS/images/9/7/1/9713987-th.jpg",
    "categories": ["health-beauty"],
    "tags": ["dental", "mouthwash"],
    "locations": {
      "vic": {
        "price": 9.39,
        "promoText": " ",
        "packageSize": "1L",
        "packagePrice": "$0.94 per 100mL"
      }
    }
  },
  {
    "id": "colgate-plax-mouthwash-bambo-charcoal-mint",
    "brand": "Colgate",
    "name": "Plax Mouthwash Bamboo Charcoal Mint",
    "imageUrl": "https://shop.coles.com.au/wcsstore/Coles-CAS/images/3/6/9/3694154-th.jpg",
    "categories": ["health-beauty"],
    "tags": ["dental", "mouthwash"],
    "locations": {
      "vic": {
        "price": 2,
        "promoText": "$2.00 ",
        "packageSize": "250mL",
        "packagePrice": "$0.80 per 100mL"
      }
    }
  },
  {
    "id": "coles-smart-buy-mouthwash-original",
    "brand": "Coles",
    "name": "Mint Fresh Mouthwash",
    "imageUrl": "https://shop.coles.com.au/wcsstore/Coles-CAS/images/5/7/0/5707712-th.jpg",
    "categories": ["health-beauty"],
    "tags": ["dental", "mouthwash"],
    "locations": {
      "vic": {
        "price": 2.2,
        "promoText": " ",
        "packageSize": "500mL",
        "packagePrice": "$0.44 per 100mL"
      }
    }
  },
  {
    "id": "listerine-mouthwash-zero-8079999p",
    "brand": "Listerine",
    "name": "Zero Mouthwash",
    "imageUrl": "https://shop.coles.com.au/wcsstore/Coles-CAS/images/8/0/7/8079999-th.jpg",
    "categories": ["health-beauty"],
    "tags": ["dental", "mouthwash"],
    "locations": {
      "vic": {
        "price": 11.5,
        "promoText": "Was $12.50 on Mar 2019 ",
        "packageSize": "1L",
        "packagePrice": "$1.15 per 100mL"
      }
    }
  },
  {
    "id": "listerine-mouthwash-antiseptic-teeth-defence-with-fluoride-9713943p",
    "brand": "Listerine",
    "name": "Teeth Defence with Fluoride Mouthwash",
    "imageUrl": "https://shop.coles.com.au/wcsstore/Coles-CAS/images/9/7/1/9713943-th.jpg",
    "categories": ["health-beauty"],
    "tags": ["dental", "mouthwash"],
    "locations": {
      "vic": {
        "price": 8.5,
        "promoText": " ",
        "packageSize": "500mL",
        "packagePrice": "$1.70 per 100mL"
      }
    }
  },
  {
    "id": "plax-peppermint-dental-rinse",
    "brand": "Colgate",
    "name": "Plax Peppermint Dental Mouthwash",
    "imageUrl": "https://shop.coles.com.au/wcsstore/Coles-CAS/images/7/1/9/7190174-th.jpg",
    "categories": ["health-beauty"],
    "tags": ["dental", "mouthwash"],
    "locations": {
      "vic": {
        "price": 6,
        "promoText": " ",
        "packageSize": "500mL",
        "packagePrice": "$1.20 per 100mL"
      }
    }
  },
  {
    "id": "listerine-mouthwash-antiseptic-generic",
    "brand": "Listerine",
    "name": "Regular Mouthwash",
    "imageUrl": "https://shop.coles.com.au/wcsstore/Coles-CAS/images/5/2/4/5240351-th.jpg",
    "categories": ["health-beauty"],
    "tags": ["dental", "mouthwash"],
    "locations": {
      "vic": {
        "price": 9.39,
        "promoText": " ",
        "packageSize": "1L",
        "packagePrice": "$0.94 per 100mL"
      }
    }
  },
  {
    "id": "listerine-mouthwash-bright-white",
    "brand": "Listerine",
    "name": "Bright White Mouthwash",
    "imageUrl": "https://shop.coles.com.au/wcsstore/Coles-CAS/images/3/1/2/3128690-th.jpg",
    "categories": ["health-beauty"],
    "tags": ["dental", "mouthwash"],
    "locations": {
      "vic": {
        "price": 8.5,
        "promoText": "Was $9.20 on Apr 2018 ",
        "packageSize": "500mL",
        "packagePrice": "$1.70 per 100mL"
      }
    }
  },
  {
    "id": "colgate-neutrafluor-mouthrinse-alcohol-free",
    "brand": "Colgate",
    "name": "Neutrafluor Mouthwash Alcohol Free",
    "imageUrl": "https://shop.coles.com.au/wcsstore/Coles-CAS/images/1/1/6/1168219-th.jpg",
    "categories": ["health-beauty"],
    "tags": ["dental", "mouthwash"],
    "locations": {
      "vic": {
        "price": 13,
        "promoText": " ",
        "packageSize": "473mL",
        "packagePrice": "$2.75 per 100mL"
      }
    }
  },
  {
    "id": "colgate-peroxyl-oral-cleanser-mint-flavour",
    "brand": "Colgate",
    "name": "Peroxyl Oral Cleanser Mouthwash",
    "imageUrl": "https://shop.coles.com.au/wcsstore/Coles-CAS/images/6/9/1/6916241-th.jpg",
    "categories": ["health-beauty"],
    "tags": ["dental", "mouthwash"],
    "locations": {
      "vic": {
        "price": 12.5,
        "promoText": " ",
        "packageSize": "236mL",
        "packagePrice": "$5.30 per 100mL"
      }
    }
  },
  {
    "id": "colgate-gentle-care-mouth-rinse",
    "brand": "Colgate",
    "name": "Plax Peppermint Mouthwash",
    "imageUrl": "https://shop.coles.com.au/wcsstore/Coles-CAS/images/7/8/6/7867141-th.jpg",
    "categories": ["health-beauty"],
    "tags": ["dental", "mouthwash"],
    "locations": {
      "vic": {
        "price": 8,
        "promoText": "Was $10.00 on Mar 2020 ",
        "packageSize": "1L",
        "packagePrice": "$0.80 per 100mL"
      }
    }
  },
  {
    "id": "colgate-optic-white-mouthwash",
    "brand": "Colgate",
    "name": "Optic White Mouthwash",
    "imageUrl": "https://shop.coles.com.au/wcsstore/Coles-CAS/images/2/2/2/2222740-th.jpg",
    "categories": ["health-beauty"],
    "tags": ["dental", "mouthwash"],
    "locations": {
      "vic": {
        "price": 6.5,
        "promoText": "Was $7.00 on Jun 2020 ",
        "packageSize": "500mL",
        "packagePrice": "$1.30 per 100mL"
      }
    }
  },
  {
    "id": "colgate-plax-kids-mouthwash",
    "brand": "Colgate",
    "name": "Plax Kids Mouthwash",
    "imageUrl": "https://shop.coles.com.au/wcsstore/Coles-CAS/images/2/8/7/2871196-th.jpg",
    "categories": ["health-beauty"],
    "tags": ["dental", "mouthwash"],
    "locations": {
      "vic": {
        "price": 5,
        "promoText": " ",
        "packageSize": "250mL",
        "packagePrice": "$2.00 per 100mL"
      }
    }
  },
  {
    "id": "colgate-dry-mouth-relief-mouthwash",
    "brand": "Colgate",
    "name": "Dry Mouth Relief Mouthwash",
    "imageUrl": "https://shop.coles.com.au/wcsstore/Coles-CAS/images/3/4/0/3401631-th.jpg",
    "categories": ["health-beauty"],
    "tags": ["dental", "mouthwash"],
    "locations": {
      "vic": {
        "price": 12,
        "promoText": " ",
        "packageSize": "473mL",
        "packagePrice": "$2.54 per 100mL"
      }
    }
  },
  {
    "id": "colgate-plax-ice-fusion-wintermint-mouthwash",
    "brand": "Colgate",
    "name": "Plax Ice Fusion Wintermint Mouthwash",
    "imageUrl": "https://shop.coles.com.au/wcsstore/Coles-CAS/images/3/6/8/3682166-th.jpg",
    "categories": ["health-beauty"],
    "tags": ["dental", "mouthwash"],
    "locations": {
      "vic": {
        "price": 7,
        "promoText": " ",
        "packageSize": "500mL",
        "packagePrice": "$1.40 per 100mL"
      }
    }
  },
  {
    "id": "listerine-mouthwash-antiseptic-fresh-burst-5011106p",
    "brand": "Listerine",
    "name": "Fresh Burst Mouthwash",
    "imageUrl": "https://shop.coles.com.au/wcsstore/Coles-CAS/images/5/0/1/5011106-th.jpg",
    "categories": ["health-beauty"],
    "tags": ["dental", "mouthwash"],
    "locations": {
      "vic": {
        "price": 4.7,
        "promoText": " ",
        "packageSize": "250mL",
        "packagePrice": "$1.88 per 100mL"
      }
    }
  },
  {
    "id": "listerine-go-tabs",
    "brand": "Listerine",
    "name": "Clean Mint Chewable Tablets",
    "imageUrl": "https://shop.coles.com.au/wcsstore/Coles-CAS/images/3/4/4/3447701-th.jpg",
    "categories": ["health-beauty"],
    "tags": ["dental", "mouthwash"],
    "locations": {
      "vic": {
        "price": 5,
        "promoText": "$1.50 ",
        "packageSize": "16 pack",
        "packagePrice": "$0.31 per 1Ea"
      }
    }
  },
  {
    "id": "listerine-go-tabs-clean-mint-chewable-tablets-8s",
    "brand": "Listerine",
    "name": "Clean Mint Chewable Tablets",
    "imageUrl": "https://shop.coles.com.au/wcsstore/Coles-CAS/images/3/3/9/3399970-th.jpg",
    "categories": ["health-beauty"],
    "tags": ["dental", "mouthwash"],
    "locations": {
      "vic": {
        "price": 4,
        "promoText": " ",
        "packageSize": "8 pack",
        "packagePrice": "$0.50 per 1Ea"
      }
    }
  },
  {
    "id": "colgate-360-degree-toothbrush-adult-soft",
    "brand": "Colgate",
    "name": "360 Degree Value Pack Soft Toothbrush",
    "imageUrl": "https://shop.coles.com.au/wcsstore/Coles-CAS/images/6/0/0/6005700-th.jpg",
    "categories": ["health-beauty"],
    "tags": ["dental", "tothbrushes"],
    "locations": {
      "vic": {
        "price": 8,
        "promoText": " ",
        "packageSize": "2 pack",
        "packagePrice": "$4.00 per 1Ea"
      }
    }
  },
  {
    "id": "colgate-zig-zag-soft-toothbrush",
    "brand": "Colgate",
    "name": "Zig Zag Value Pack Soft Toothbrush",
    "imageUrl": "https://shop.coles.com.au/wcsstore/Coles-CAS/images/2/0/4/2047479-th.jpg",
    "categories": ["health-beauty"],
    "tags": ["dental", "tothbrushes"],
    "locations": {
      "vic": {
        "price": 10,
        "promoText": "Was $11.50 on Sep 2017 ",
        "packageSize": "6 pack",
        "packagePrice": "$1.67 per 1Ea"
      }
    }
  },
  {
    "id": "colgate-toothbrush-zig-zag-flex-adult-medium",
    "brand": "Colgate",
    "name": "Zig Zag Medium Toothbrush Value Pack",
    "imageUrl": "https://shop.coles.com.au/wcsstore/Coles-CAS/images/4/7/6/4767560-th.jpg",
    "categories": ["health-beauty"],
    "tags": ["dental", "tothbrushes"],
    "locations": {
      "vic": {
        "price": 10,
        "promoText": "Was $11.50 on Sep 2017 ",
        "packageSize": "6 pack",
        "packagePrice": "$1.67 per 1Ea"
      }
    }
  },
  {
    "id": "oral-b-power-vitality-plus-cross-action",
    "brand": "Oral-B",
    "name": "Power Vitality Plus Cross Action Rechargeable Electric Toothbrush",
    "imageUrl": "https://shop.coles.com.au/wcsstore/Coles-CAS/images/2/8/6/2868760-th.jpg",
    "categories": ["health-beauty"],
    "tags": ["dental", "tothbrushes"],
    "locations": {
      "vic": {
        "price": 45,
        "promoText": " ",
        "packageSize": "1 pack",
        "packagePrice": "$45.00 per 1Ea"
      }
    }
  },
  {
    "id": "oral-b-vitality-power-toothbrush--adult-floss-action",
    "brand": "Oral-B",
    "name": "Vitality Plus Floss Action Electric Toothbrush",
    "imageUrl": "https://shop.coles.com.au/wcsstore/Coles-CAS/images/8/0/6/8069838-th.jpg",
    "categories": ["health-beauty"],
    "tags": ["dental", "tothbrushes"],
    "locations": {
      "vic": {
        "price": 45,
        "promoText": " ",
        "packageSize": "1 pack",
        "packagePrice": "$45.00 per 1Ea"
      }
    }
  },
  {
    "id": "oral-b-compact-gum-care-brush",
    "brand": "Oral-B",
    "name": "Compact Gum Care Ultrathin Toothbrush Extra Soft",
    "imageUrl": "https://shop.coles.com.au/wcsstore/Coles-CAS/images/2/8/6/2868759-th.jpg",
    "categories": ["health-beauty"],
    "tags": ["dental", "tothbrushes"],
    "locations": {
      "vic": {
        "price": 4,
        "promoText": " ",
        "packageSize": "1 pack",
        "packagePrice": "$4.00 per 1Ea"
      }
    }
  },
  {
    "id": "oral-b-power-vitality-handle-gum-care",
    "brand": "Oral-B",
    "name": "Vitality Gum Care Power Electric Toothbrush",
    "imageUrl": "https://shop.coles.com.au/wcsstore/Coles-CAS/images/3/1/3/3131151-th.jpg",
    "categories": ["health-beauty"],
    "tags": ["dental", "tothbrushes"],
    "locations": {
      "vic": {
        "price": 45,
        "promoText": " ",
        "packageSize": "1 pack",
        "packagePrice": "$45.00 per 1Ea"
      }
    }
  },
  {
    "id": "oral-b-advantage-complete-whitening-toothbrush-adult-40-medium",
    "brand": "Oral-B",
    "name": "Advantage Complete Whitening Toothbrush Medium",
    "imageUrl": "https://shop.coles.com.au/wcsstore/Coles-CAS/images/4/4/0/4408818-th.jpg",
    "categories": ["health-beauty"],
    "tags": ["dental", "tothbrushes"],
    "locations": {
      "vic": {
        "price": 4,
        "promoText": " ",
        "packageSize": "1 pack",
        "packagePrice": "$4.00 per 1Ea"
      }
    }
  },
  {
    "id": "oral-b-fresh-clean-fours",
    "brand": "Oral-B",
    "name": "Fresh Clean Value Pack Soft Toothbrush",
    "imageUrl": "https://shop.coles.com.au/wcsstore/Coles-CAS/images/2/6/2/2621177-th.jpg",
    "categories": ["health-beauty"],
    "tags": ["dental", "tothbrushes"],
    "locations": {
      "vic": {
        "price": 10.5,
        "promoText": " ",
        "packageSize": "5 pack",
        "packagePrice": "$2.10 per 1Ea"
      }
    }
  },
  {
    "id": "sensodyne-toothbrush-complete-care",
    "brand": "Sensodyne",
    "name": "Repair & Protect Soft Toothbrush",
    "imageUrl": "https://shop.coles.com.au/wcsstore/Coles-CAS/images/1/1/6/1167759-th.jpg",
    "categories": ["health-beauty"],
    "tags": ["dental", "tothbrushes"],
    "locations": {
      "vic": {
        "price": 4,
        "promoText": "$1.00 ",
        "packageSize": "1 pack",
        "packagePrice": "$4.00 per 1Ea"
      }
    }
  },
  {
    "id": "sensodyne-toothbrush-adult-total-care",
    "brand": "Sensodyne",
    "name": "Sensitive Daily Care Toothbrush",
    "imageUrl": "https://shop.coles.com.au/wcsstore/Coles-CAS/images/8/0/8/8086371-th.jpg",
    "categories": ["health-beauty"],
    "tags": ["dental", "tothbrushes"],
    "locations": {
      "vic": {
        "price": 10.5,
        "promoText": " ",
        "packageSize": "3 pack",
        "packagePrice": "$3.50 per 1Ea"
      }
    }
  },
  {
    "id": "colgate-360-degree-toothbrush-adult-medium",
    "brand": "Colgate",
    "name": "360 Degree Value Pack Medium Toothbrush",
    "imageUrl": "https://shop.coles.com.au/wcsstore/Coles-CAS/images/5/3/9/5398582-th.jpg",
    "categories": ["health-beauty"],
    "tags": ["dental", "tothbrushes"],
    "locations": {
      "vic": {
        "price": 8,
        "promoText": " ",
        "packageSize": "2 pack",
        "packagePrice": "$4.00 per 1Ea"
      }
    }
  },
  {
    "id": "macleans-little-teeth-kids-toothbrush",
    "brand": "Macleans",
    "name": "Little Teeth Soft Kids Toothbrush",
    "imageUrl": "https://shop.coles.com.au/wcsstore/Coles-CAS/images/2/8/7/2871130-th.jpg",
    "categories": ["health-beauty"],
    "tags": ["dental", "tothbrushes"],
    "locations": {
      "vic": {
        "price": 1.85,
        "promoText": "$2.15 ",
        "packageSize": "1 pack",
        "packagePrice": "$1.85 per 1Ea"
      }
    }
  },
  {
    "id": "colgate-360-degree-toothbrush-adult-medium-4155745p",
    "brand": "Colgate",
    "name": "360 Degree Medium Toothbrush",
    "imageUrl": "https://shop.coles.com.au/wcsstore/Coles-CAS/images/4/1/5/4155745-th.jpg",
    "categories": ["health-beauty"],
    "tags": ["dental", "tothbrushes"],
    "locations": {
      "vic": {
        "price": 2.5,
        "promoText": "$2.50 ",
        "packageSize": "1 pack",
        "packagePrice": "$2.50 per 1Ea"
      }
    }
  },
  {
    "id": "colgate-smiles-toothbrush-junior-soft",
    "brand": "Colgate",
    "name": "Smiles Junior Soft Toothbrush",
    "imageUrl": "https://shop.coles.com.au/wcsstore/Coles-CAS/images/4/4/9/4498912-th.jpg",
    "categories": ["health-beauty"],
    "tags": ["dental", "tothbrushes"],
    "locations": {
      "vic": {
        "price": 3.5,
        "promoText": " ",
        "packageSize": "",
        "packagePrice": "$3.50 per 1Ea"
      }
    }
  },
  {
    "id": "oral-b-floss-action-brush-head-refills",
    "brand": "Oral-B",
    "name": "FlossAction Electric Toothbrush Head",
    "imageUrl": "https://shop.coles.com.au/wcsstore/Coles-CAS/images/7/1/8/7186825-th.jpg",
    "categories": ["health-beauty"],
    "tags": ["dental", "tothbrushes"],
    "locations": {
      "vic": {
        "price": 16.75,
        "promoText": " ",
        "packageSize": "2 pack",
        "packagePrice": "$8.38 per 1Ea"
      }
    }
  },
  {
    "id": "colgate-toothbrush-adult-soft-zig-zag-flex",
    "brand": "Colgate",
    "name": "Zig Zag Flex Soft Toothbrush",
    "imageUrl": "https://shop.coles.com.au/wcsstore/Coles-CAS/images/8/1/0/8109433-th.jpg",
    "categories": ["health-beauty"],
    "tags": ["dental", "tothbrushes"],
    "locations": {
      "vic": {
        "price": 7.8,
        "promoText": " ",
        "packageSize": "3 pack",
        "packagePrice": "$2.60 per 1Ea"
      }
    }
  },
  {
    "id": "colgate-toothbrush-adult-medium-zig-zag-flex",
    "brand": "Colgate",
    "name": "Zig Zag Flex Medium Toothbrush",
    "imageUrl": "https://shop.coles.com.au/wcsstore/Coles-CAS/images/8/1/0/8109411-th.jpg",
    "categories": ["health-beauty"],
    "tags": ["dental", "tothbrushes"],
    "locations": {
      "vic": {
        "price": 7.8,
        "promoText": " ",
        "packageSize": "3 pack",
        "packagePrice": "$2.60 per 1Ea"
      }
    }
  },
  {
    "id": "colgate--360-advanced-soft-manual-toothbrush",
    "brand": "Colgate",
    "name": "360 Advanced Soft Manual Toothbrush",
    "imageUrl": "https://shop.coles.com.au/wcsstore/Coles-CAS/images/2/8/7/2871200-th.jpg",
    "categories": ["health-beauty"],
    "tags": ["dental", "tothbrushes"],
    "locations": {
      "vic": {
        "price": 6,
        "promoText": " ",
        "packageSize": "1 pack",
        "packagePrice": "$6.00 per 1Ea"
      }
    }
  },
  {
    "id": "colgate-kids-power-tbrush-spiderman---barbie",
    "brand": "Colgate",
    "name": "Batman & Barbie Kids Battery Toothbrush",
    "imageUrl": "https://shop.coles.com.au/wcsstore/Coles-CAS/images/5/3/9/5390172-th.jpg",
    "categories": ["health-beauty"],
    "tags": ["dental", "tothbrushes"],
    "locations": {
      "vic": {
        "price": 11,
        "promoText": " ",
        "packageSize": "1 pack",
        "packagePrice": "$11.00 per 1Ea"
      }
    }
  },
  {
    "id": "macleans-multi-action-soft-toothbrush",
    "brand": "MacLeans",
    "name": "Multi Action Soft Toothbrush",
    "imageUrl": "https://shop.coles.com.au/wcsstore/Coles-CAS/images/2/2/1/2213840-th.jpg",
    "categories": ["health-beauty"],
    "tags": ["dental", "tothbrushes"],
    "locations": {
      "vic": {
        "price": 1.7,
        "promoText": "$1.80 ",
        "packageSize": "",
        "packagePrice": "$1.70 per 1Ea"
      }
    }
  },
  {
    "id": "oral-b-criss-cross-ultra-thin-tothbrush",
    "brand": "Oral B",
    "name": "Criss Cross Ultra Thin Toothbrush",
    "imageUrl": "https://shop.coles.com.au/wcsstore/Coles-CAS/images/3/6/9/3698950-th.jpg",
    "categories": ["health-beauty"],
    "tags": ["dental", "tothbrushes"],
    "locations": {
      "vic": {
        "price": 6,
        "promoText": " ",
        "packageSize": "1 Pack",
        "packagePrice": "$6.00 per 1Ea"
      }
    }
  },
  {
    "id": "oral-b-sensitive-precision-clean-refills",
    "brand": "Oral-B",
    "name": "Sensitive Electric Toothbrush Head",
    "imageUrl": "https://shop.coles.com.au/wcsstore/Coles-CAS/images/7/1/8/7186698-th.jpg",
    "categories": ["health-beauty"],
    "tags": ["dental", "tothbrushes"],
    "locations": {
      "vic": {
        "price": 13.75,
        "promoText": " ",
        "packageSize": "2 pack",
        "packagePrice": "$6.88 per 1Ea"
      }
    }
  },
  {
    "id": "oral-b-power-head-refill-cross-action",
    "brand": "Oral-B",
    "name": "CrossAction Electric Toothbrush Head",
    "imageUrl": "https://shop.coles.com.au/wcsstore/Coles-CAS/images/2/2/2/2222251-th.jpg",
    "categories": ["health-beauty"],
    "tags": ["dental", "tothbrushes"],
    "locations": {
      "vic": {
        "price": 17,
        "promoText": " ",
        "packageSize": "2 pack",
        "packagePrice": "$8.50 per 1Ea"
      }
    }
  },
  {
    "id": "oral-b-pro100-gum-care-power-brush",
    "brand": "Oral-B",
    "name": "Pro 100 Gum Care Electric Toothbrush",
    "imageUrl": "https://shop.coles.com.au/wcsstore/Coles-CAS/images/3/4/1/3411078-th.jpg",
    "categories": ["health-beauty"],
    "tags": ["dental", "tothbrushes"],
    "locations": {
      "vic": {
        "price": 70,
        "promoText": " ",
        "packageSize": "1 pack",
        "packagePrice": "$70.00 per 1Ea"
      }
    }
  },
  {
    "id": "oral-b-pro100-cross-action-powerbrush",
    "brand": "Oral-B",
    "name": "Pro 100 CrossAction Electric Toothbrush",
    "imageUrl": "https://shop.coles.com.au/wcsstore/Coles-CAS/images/3/4/0/3401813-th.jpg",
    "categories": ["health-beauty"],
    "tags": ["dental", "tothbrushes"],
    "locations": {
      "vic": {
        "price": 70,
        "promoText": " ",
        "packageSize": "1 pack",
        "packagePrice": "$70.00 per 1Ea"
      }
    }
  },
  {
    "id": "colgate-smiles-toothbrush-childs-my-first",
    "brand": "Colgate",
    "name": "My First Child Toothbrush",
    "imageUrl": "https://shop.coles.com.au/wcsstore/Coles-CAS/images/5/8/2/5826664-th.jpg",
    "categories": ["health-beauty"],
    "tags": ["dental", "tothbrushes"],
    "locations": {
      "vic": {
        "price": 3.5,
        "promoText": " ",
        "packageSize": "1 pack",
        "packagePrice": "$3.50 per 1Ea"
      }
    }
  },
  {
    "id": "colgate-360-degree-toothbrush-adult-soft-4155756p",
    "brand": "Colgate",
    "name": "360 Degree Soft Toothbrush",
    "imageUrl": "https://shop.coles.com.au/wcsstore/Coles-CAS/images/4/1/5/4155756-th.jpg",
    "categories": ["health-beauty"],
    "tags": ["dental", "tothbrushes"],
    "locations": {
      "vic": {
        "price": 2.5,
        "promoText": "$2.50 ",
        "packageSize": "1 pack",
        "packagePrice": "$2.50 per 1Ea"
      }
    }
  },
  {
    "id": "colgate-minions-extra-soft-toothbrush",
    "brand": "Colgate",
    "name": "Minions Extra Soft Toothbrush",
    "imageUrl": "https://shop.coles.com.au/wcsstore/Coles-CAS/images/3/4/1/3412900-th.jpg",
    "categories": ["health-beauty"],
    "tags": ["dental", "tothbrushes"],
    "locations": {
      "vic": {
        "price": 5.6,
        "promoText": "$1.40 ",
        "packageSize": "2 pack",
        "packagePrice": "$2.80 per 1Ea"
      }
    }
  },
  {
    "id": "coles-multi-angle-medium-toothbrush",
    "brand": "Coles",
    "name": "Multi Angle Medium Toothbrush",
    "imageUrl": "https://shop.coles.com.au/wcsstore/Coles-CAS/images/2/6/0/2606592-th.jpg",
    "categories": ["health-beauty"],
    "tags": ["dental", "tothbrushes"],
    "locations": {
      "vic": {
        "price": 2.2,
        "promoText": " ",
        "packageSize": "2 pack",
        "packagePrice": "$2.20 per 1Ea"
      }
    }
  },
  {
    "id": "coles-multi-angle-soft-toothbrush",
    "brand": "Coles",
    "name": "Multi Angle Soft Toothbrushes",
    "imageUrl": "https://shop.coles.com.au/wcsstore/Coles-CAS/images/2/6/0/2606606-th.jpg",
    "categories": ["health-beauty"],
    "tags": ["dental", "tothbrushes"],
    "locations": {
      "vic": {
        "price": 1.97,
        "promoText": " ",
        "packageSize": "2 pack",
        "packagePrice": "$1.97 per 1Ea"
      }
    }
  },
  {
    "id": "colgate-total-slim-soft-charcoal-toothbrush",
    "brand": "Colgate",
    "name": "Slim Soft Charcoal Toothbrush",
    "imageUrl": "https://shop.coles.com.au/wcsstore/Coles-CAS/images/1/7/0/1706081-th.jpg",
    "categories": ["health-beauty"],
    "tags": ["dental", "tothbrushes"],
    "locations": {
      "vic": {
        "price": 3,
        "promoText": "Was $4.10 on Mar 2016 ",
        "packageSize": "1 pack",
        "packagePrice": "$3.00 per 1Ea"
      }
    }
  },
  {
    "id": "colgate-360-sensitive-manual-toothbrush",
    "brand": "Colgate",
    "name": "360 Sensitive Manual Toothbrush",
    "imageUrl": "https://shop.coles.com.au/wcsstore/Coles-CAS/images/2/8/7/2873170-th.jpg",
    "categories": ["health-beauty"],
    "tags": ["dental", "tothbrushes"],
    "locations": {
      "vic": {
        "price": 8,
        "promoText": " ",
        "packageSize": "2 pack",
        "packagePrice": "$4.00 per 1Ea"
      }
    }
  },
  {
    "id": "colgate-max-white-soft-manual-tothbrush",
    "brand": "Colgate",
    "name": "Max White Medium Manual Toothbrush",
    "imageUrl": "https://shop.coles.com.au/wcsstore/Coles-CAS/images/3/6/9/3696364-th.jpg",
    "categories": ["health-beauty"],
    "tags": ["dental", "tothbrushes"],
    "locations": {
      "vic": {
        "price": 10,
        "promoText": " ",
        "packageSize": "3 pack",
        "packagePrice": "$3.33 per 1Ea"
      }
    }
  },
  {
    "id": "colgate-optic-white-overnight-pen-1pk",
    "brand": "Colgate",
    "name": "Optic White Overnight Pen 1pack",
    "imageUrl": "https://shop.coles.com.au/wcsstore/Coles-CAS/images/3/6/9/3694085-th.jpg",
    "categories": ["health-beauty"],
    "tags": ["dental", "tothbrushes"],
    "locations": {
      "vic": {
        "price": 35,
        "promoText": " ",
        "packageSize": "2.5mL",
        "packagePrice": "$35.00 per 1Ea"
      }
    }
  },
  {
    "id": "colgate-bambo-charcoal-soft-tothbrush-3695146p",
    "brand": "Colgate",
    "name": "Bamboo Charcoal Soft Toothbrush",
    "imageUrl": "https://shop.coles.com.au/wcsstore/Coles-CAS/images/3/6/9/3695146-th.jpg",
    "categories": ["health-beauty"],
    "tags": ["dental", "tothbrushes"],
    "locations": {
      "vic": {
        "price": 6,
        "promoText": " ",
        "packageSize": "1 pack",
        "packagePrice": "$6.00 per 1Ea"
      }
    }
  },
  {
    "id": "grants-of-australia-bamboo-toothbrush-soft",
    "brand": "Grants Of Australia",
    "name": "Bamboo Toothbrush",
    "imageUrl": "https://shop.coles.com.au/wcsstore/Coles-CAS/images/3/4/0/3400082-th.jpg",
    "categories": ["health-beauty"],
    "tags": ["dental", "tothbrushes"],
    "locations": {
      "vic": {
        "price": 4,
        "promoText": " ",
        "packageSize": "1 pack",
        "packagePrice": "$4.00 per 1Ea"
      }
    }
  },
  {
    "id": "listerine-pocketpaks-oral-care-strips-freshburst",
    "brand": "Listerine",
    "name": "Freshburst Oral Care Strips Pocketpacks",
    "imageUrl": "https://shop.coles.com.au/wcsstore/Coles-CAS/images/9/5/8/9581514-th.jpg",
    "categories": ["health-beauty"],
    "tags": ["dental", "tothbrushes"],
    "locations": {
      "vic": {
        "price": 6.5,
        "promoText": " ",
        "packageSize": "72 pack",
        "packagePrice": "$0.09 per 1Ea"
      }
    }
  },
  {
    "id": "oral-b-charcoal-white-tothbrush",
    "brand": "Oral B",
    "name": "Charcoal White Toothbrush",
    "imageUrl": "https://shop.coles.com.au/wcsstore/Coles-CAS/images/3/6/9/3699883-th.jpg",
    "categories": ["health-beauty"],
    "tags": ["dental", "tothbrushes"],
    "locations": {
      "vic": {
        "price": 6,
        "promoText": " ",
        "packageSize": "1 Pack",
        "packagePrice": "$6.00 per 1Ea"
      }
    }
  },
  {
    "id": "braun-oral-b-brush-head-refills-flexisoft",
    "brand": "Oral-B",
    "name": "Electric Toothbrush Precision Clean Heads Value Pack",
    "imageUrl": "https://shop.coles.com.au/wcsstore/Coles-CAS/images/9/6/9/9691159-th.jpg",
    "categories": ["health-beauty"],
    "tags": ["dental", "tothbrushes"],
    "locations": {
      "vic": {
        "price": 40,
        "promoText": " ",
        "packageSize": "6 pack",
        "packagePrice": "$6.67 per 1Ea"
      }
    }
  },
  {
    "id": "coles-smart-buy-toothbrush-childs-junior",
    "brand": "Coles",
    "name": "Junior Soft Toothbrush",
    "imageUrl": "https://shop.coles.com.au/wcsstore/Coles-CAS/images/5/9/1/5913372-th.jpg",
    "categories": ["health-beauty"],
    "tags": ["dental", "tothbrushes"],
    "locations": {
      "vic": {
        "price": 1.75,
        "promoText": " ",
        "packageSize": "1 pack",
        "packagePrice": "$1.75 per 1Ea"
      }
    }
  },
  {
    "id": "coles-replacement-brush-heads-2-pack",
    "brand": "Coles",
    "name": "Total Care Replacement Brush Heads",
    "imageUrl": "https://shop.coles.com.au/wcsstore/Coles-CAS/images/2/6/0/2606650-th.jpg",
    "categories": ["health-beauty"],
    "tags": ["dental", "tothbrushes"],
    "locations": {
      "vic": {
        "price": 9,
        "promoText": " ",
        "packageSize": "2 pack",
        "packagePrice": "$4.50 per 1Ea"
      }
    }
  },
  {
    "id": "coles-denture-toothbrush",
    "brand": "Coles",
    "name": "Denture Toothbrush",
    "imageUrl": "https://shop.coles.com.au/wcsstore/Coles-CAS/images/2/6/0/2606639-th.jpg",
    "categories": ["health-beauty"],
    "tags": ["dental", "tothbrushes"],
    "locations": {
      "vic": {
        "price": 2.2,
        "promoText": " ",
        "packageSize": "1 pack",
        "packagePrice": "$2.20 per 1Ea"
      }
    }
  },
  {
    "id": "coles-dental-flossers",
    "brand": "Coles",
    "name": "Triple Action Mint Flavoured Dental Flossers",
    "imageUrl": "https://shop.coles.com.au/wcsstore/Coles-CAS/images/2/8/3/2835352-th.jpg",
    "categories": ["health-beauty"],
    "tags": ["dental", "tothbrushes"],
    "locations": {
      "vic": {
        "price": 1.5,
        "promoText": " ",
        "packageSize": "30 pack",
        "packagePrice": "$0.05 per 1Ea"
      }
    }
  },
  {
    "id": "coles-replacment-brush-heads-sensitive-2-pack",
    "brand": "Coles",
    "name": "Replacement Brush Heads Sensitive",
    "imageUrl": "https://shop.coles.com.au/wcsstore/Coles-CAS/images/3/0/6/3062922-th.jpg",
    "categories": ["health-beauty"],
    "tags": ["dental", "tothbrushes"],
    "locations": {
      "vic": {
        "price": 10,
        "promoText": " ",
        "packageSize": "2 pack",
        "packagePrice": "$5.00 per 1Ea"
      }
    }
  },
  {
    "id": "coles-interdental-brushes-045mm-10-pack",
    "brand": "Coles",
    "name": "Interdental Brushes 0.45mm",
    "imageUrl": "https://shop.coles.com.au/wcsstore/Coles-CAS/images/3/0/6/3062966-th.jpg",
    "categories": ["health-beauty"],
    "tags": ["dental", "tothbrushes"],
    "locations": {
      "vic": {
        "price": 3.75,
        "promoText": " ",
        "packageSize": "10 pack",
        "packagePrice": "$0.38 per 1Ea"
      }
    }
  },
  {
    "id": "colgate-zig-zag-flex-toothbrush-adults-soft",
    "brand": "Colgate",
    "name": "Zig Zag Flex Soft Toothbrush",
    "imageUrl": "https://shop.coles.com.au/wcsstore/Coles-CAS/images/5/4/0/5406647-th.jpg",
    "categories": ["health-beauty"],
    "tags": ["dental", "tothbrushes"],
    "locations": {
      "vic": {
        "price": 3,
        "promoText": " ",
        "packageSize": "1 pack",
        "packagePrice": "$3.00 per 1Ea"
      }
    }
  },
  {
    "id": "colgate-zig-zag-flex-toothbrush-adult-medium",
    "brand": "Colgate",
    "name": "Zig Zag Flex Medium Toothbrush",
    "imageUrl": "https://shop.coles.com.au/wcsstore/Coles-CAS/images/6/1/6/6163096-th.jpg",
    "categories": ["health-beauty"],
    "tags": ["dental", "tothbrushes"],
    "locations": {
      "vic": {
        "price": 3,
        "promoText": " ",
        "packageSize": "1 pack",
        "packagePrice": "$3.00 per 1Ea"
      }
    }
  },
  {
    "id": "colgate--360-advanced-medium-manual-toothbrush",
    "brand": "Colgate",
    "name": "360 Advanced Medium Manual Toothbrush",
    "imageUrl": "https://shop.coles.com.au/wcsstore/Coles-CAS/images/2/8/7/2871210-th.jpg",
    "categories": ["health-beauty"],
    "tags": ["dental", "tothbrushes"],
    "locations": {
      "vic": {
        "price": 6,
        "promoText": " ",
        "packageSize": "1 pack",
        "packagePrice": "$6.00 per 1Ea"
      }
    }
  },
  {
    "id": "colgate-slim-soft-advance-gold-manual-toothbrush",
    "brand": "Colgate",
    "name": "Slim Soft Advance Gold Manual Toothbrush",
    "imageUrl": "https://shop.coles.com.au/wcsstore/Coles-CAS/images/3/1/3/3132052-th.jpg",
    "categories": ["health-beauty"],
    "tags": ["dental", "tothbrushes"],
    "locations": {
      "vic": {
        "price": 6,
        "promoText": " ",
        "packageSize": "1 pack",
        "packagePrice": "$6.00 per 1Ea"
      }
    }
  },
  {
    "id": "colgate-pro-clinical-360-black-refill",
    "brand": "Colgate",
    "name": "Pro Clinical 360 Black Refill",
    "imageUrl": "https://shop.coles.com.au/wcsstore/Coles-CAS/images/3/1/3/3131672-th.jpg",
    "categories": ["health-beauty"],
    "tags": ["dental", "tothbrushes"],
    "locations": {
      "vic": {
        "price": 14,
        "promoText": "Was $19.00 on Apr 2018 ",
        "packageSize": "2 pack",
        "packagePrice": "$7.00 per 1Ea"
      }
    }
  },
  {
    "id": "colgate-minions-extra-soft-battery-toothbrush",
    "brand": "Colgate",
    "name": "Minions Battery Powered Extra Soft Toothbrush",
    "imageUrl": "https://shop.coles.com.au/wcsstore/Coles-CAS/images/3/4/0/3402077-th.jpg",
    "categories": ["health-beauty"],
    "tags": ["dental", "tothbrushes"],
    "locations": {
      "vic": {
        "price": 11,
        "promoText": " ",
        "packageSize": "1 pack",
        "packagePrice": "$11.00 per 1Ea"
      }
    }
  },
  {
    "id": "colgate-proclinical-250r-charcoal-with-refill",
    "brand": "Colgate",
    "name": "Proclinical 250r Charcoal With Refill",
    "imageUrl": "https://shop.coles.com.au/wcsstore/Coles-CAS/images/3/4/0/3400650-th.jpg",
    "categories": ["health-beauty"],
    "tags": ["dental", "tothbrushes"],
    "locations": {
      "vic": {
        "price": 50,
        "promoText": " ",
        "packageSize": "1 pack",
        "packagePrice": "$50.00 per 1Ea"
      }
    }
  },
  {
    "id": "colgate-cushion-clean-soft-tothbrush-1pk",
    "brand": "Colgate",
    "name": "Cushion Clean Soft Toothbrush 1 Pack",
    "imageUrl": "https://shop.coles.com.au/wcsstore/Coles-CAS/images/3/6/9/3694132-th.jpg",
    "categories": ["health-beauty"],
    "tags": ["dental", "tothbrushes"],
    "locations": {
      "vic": {
        "price": 4.8,
        "promoText": "$1.20 ",
        "packageSize": "1 pack",
        "packagePrice": "$4.80 per 1Ea"
      }
    }
  },
  {
    "id": "macleans-milk-teeth-kids-toothbrush",
    "brand": "Macleans",
    "name": "Milk Teeth Kids Toothbrush for 0-3 Years",
    "imageUrl": "https://shop.coles.com.au/wcsstore/Coles-CAS/images/2/8/7/2871120-th.jpg",
    "categories": ["health-beauty"],
    "tags": ["dental", "tothbrushes"],
    "locations": {
      "vic": {
        "price": 0,
        "promoText": " ",
        "packageSize": "1 pack",
        "packagePrice": ""
      }
    }
  },
  {
    "id": "oral-b-toothbrush-vitality-power-sensitive",
    "brand": "Oral-B",
    "name": "Vitality Sensitive Clean Electric Toothbrush",
    "imageUrl": "https://shop.coles.com.au/wcsstore/Coles-CAS/images/8/0/6/8069769-th.jpg",
    "categories": ["health-beauty"],
    "tags": ["dental", "tothbrushes"],
    "locations": {
      "vic": {
        "price": 45,
        "promoText": " ",
        "packageSize": "1 pack",
        "packagePrice": "$45.00 per 1Ea"
      }
    }
  },
  {
    "id": "oral-b-vitality-toothbrush-rechargeable-precision-clean--2-refills",
    "brand": "Oral-B",
    "name": "Vitality Precision Clean Electric Toothbrush",
    "imageUrl": "https://shop.coles.com.au/wcsstore/Coles-CAS/images/7/2/8/7285102-th.jpg",
    "categories": ["health-beauty"],
    "tags": ["dental", "tothbrushes"],
    "locations": {
      "vic": {
        "price": 45,
        "promoText": " ",
        "packageSize": "1 pack",
        "packagePrice": "$45.00 per 1Ea"
      }
    }
  },
  {
    "id": "oral-b-all-rounder-toothbrush-adult-fresh-clean-40-medium-6988388p",
    "brand": "Oral-B",
    "name": "ALL Rounder Fresh Clean Toothbrush Medium",
    "imageUrl": "https://shop.coles.com.au/wcsstore/Coles-CAS/images/6/9/8/6988388-th.jpg",
    "categories": ["health-beauty"],
    "tags": ["dental", "tothbrushes"],
    "locations": {
      "vic": {
        "price": 3,
        "promoText": " ",
        "packageSize": "1 pack",
        "packagePrice": "$3.00 per 1Ea"
      }
    }
  },
  {
    "id": "oral-b-all-rounder-toothbrush-adult-fresh-clean-40-soft-6988399p",
    "brand": "Oral-B",
    "name": "All Rounder Fresh Clean Soft Manual Toothbrush",
    "imageUrl": "https://shop.coles.com.au/wcsstore/Coles-CAS/images/6/9/8/6988399-th.jpg",
    "categories": ["health-beauty"],
    "tags": ["dental", "tothbrushes"],
    "locations": {
      "vic": {
        "price": 3,
        "promoText": " ",
        "packageSize": "1 pack",
        "packagePrice": "$3.00 per 1Ea"
      }
    }
  },
  {
    "id": "oral-b-cross-action-power-toothbrush-medium",
    "brand": "Oral-B",
    "name": "Cross Action Power Dual Clean Electric Toothbrush Medium",
    "imageUrl": "https://shop.coles.com.au/wcsstore/Coles-CAS/images/9/5/8/9589345.jpg",
    "categories": ["health-beauty"],
    "tags": ["dental", "tothbrushes"],
    "locations": {
      "vic": {
        "price": 17.5,
        "promoText": " ",
        "packageSize": "1 pack",
        "packagePrice": "$17.50 per 1Ea"
      }
    }
  },
  {
    "id": "oral-b-cross-action-power-toothbrush-replacement-head-medium",
    "brand": "Oral-B",
    "name": "CrossAction Dual Clean Electric Toothbrush Replacement",
    "imageUrl": "https://shop.coles.com.au/wcsstore/Coles-CAS/images/9/5/8/9589436-th.jpg",
    "categories": ["health-beauty"],
    "tags": ["dental", "tothbrushes"],
    "locations": {
      "vic": {
        "price": 11.2,
        "promoText": " ",
        "packageSize": "2 Pack",
        "packagePrice": "$5.60 per 1Ea"
      }
    }
  },
  {
    "id": "oral-b-precision-clean-brush-head-refills",
    "brand": "Oral-B",
    "name": "Electric Toothbrush Precision Clean Head",
    "imageUrl": "https://shop.coles.com.au/wcsstore/Coles-CAS/images/9/1/2/9126530-th.jpg",
    "categories": ["health-beauty"],
    "tags": ["dental", "tothbrushes"],
    "locations": {
      "vic": {
        "price": 21,
        "promoText": " ",
        "packageSize": "3 pack",
        "packagePrice": "$7.00 per 1Ea"
      }
    }
  },
  {
    "id": "oral-b-pro-white-power-brush-refill",
    "brand": "Oral-B",
    "name": "Pro White Electric Toothbrush Head",
    "imageUrl": "https://shop.coles.com.au/wcsstore/Coles-CAS/images/6/3/6/6366752-th.jpg",
    "categories": ["health-beauty"],
    "tags": ["dental", "tothbrushes"],
    "locations": {
      "vic": {
        "price": 16.75,
        "promoText": " ",
        "packageSize": "2 pack",
        "packagePrice": "$8.38 per 1Ea"
      }
    }
  },
  {
    "id": "oral-b-vitality-pro-white-power-brush--2-refills",
    "brand": "Oral-B",
    "name": "Vitality Plus Pro White Electric Toothbrush",
    "imageUrl": "https://shop.coles.com.au/wcsstore/Coles-CAS/images/7/2/8/7285124-th.jpg",
    "categories": ["health-beauty"],
    "tags": ["dental", "tothbrushes"],
    "locations": {
      "vic": {
        "price": 45,
        "promoText": " ",
        "packageSize": "1 pack",
        "packagePrice": "$45.00 per 1Ea"
      }
    }
  },
  {
    "id": "oral-b-all-rounder-fresh-clean-medium-toothbrushes",
    "brand": "Oral-B",
    "name": "All Rounder Fresh Clean Toothbrush Medium 4 Pack + Clinical Gum Protection",
    "imageUrl": "https://shop.coles.com.au/wcsstore/Coles-CAS/images/2/6/2/2621213-th.jpg",
    "categories": ["health-beauty"],
    "tags": ["dental", "tothbrushes"],
    "locations": {
      "vic": {
        "price": 10.5,
        "promoText": " ",
        "packageSize": "100g",
        "packagePrice": "$10.50 per 1Ea"
      }
    }
  },
  {
    "id": "oral-b-starwars-power-vitality-kids-toothbrush",
    "brand": "Oral-B",
    "name": "Stages Power Electric Toothbrush Star Wars",
    "imageUrl": "https://shop.coles.com.au/wcsstore/Coles-CAS/images/2/8/6/2868974-th.jpg",
    "categories": ["health-beauty"],
    "tags": ["dental", "tothbrushes"],
    "locations": {
      "vic": {
        "price": 45,
        "promoText": " ",
        "packageSize": "1 pack",
        "packagePrice": "$45.00 per 1Ea"
      }
    }
  },
  {
    "id": "oral-b-power-vitality-refill-gum-care",
    "brand": "Oral-B",
    "name": "Power Vitality Refill Gum Care",
    "imageUrl": "https://shop.coles.com.au/wcsstore/Coles-CAS/images/3/1/3/3131195-th.jpg",
    "categories": ["health-beauty"],
    "tags": ["dental", "tothbrushes"],
    "locations": {
      "vic": {
        "price": 16.75,
        "promoText": " ",
        "packageSize": "2 pack",
        "packagePrice": "$8.38 per 1Ea"
      }
    }
  },
  {
    "id": "oral-b-complete-clean-5-way-toothbrush",
    "brand": "Oral-B",
    "name": "Complete Clean 5 Way Toothbrush",
    "imageUrl": "https://shop.coles.com.au/wcsstore/Coles-CAS/images/3/1/3/3130658-th.jpg",
    "categories": ["health-beauty"],
    "tags": ["dental", "tothbrushes"],
    "locations": {
      "vic": {
        "price": 10,
        "promoText": " ",
        "packageSize": "3 pack",
        "packagePrice": "$3.33 per 1Ea"
      }
    }
  },
  {
    "id": "oral-b-3d-white-toothbrush",
    "brand": "Oral-B",
    "name": "3D White Toothbrush",
    "imageUrl": "https://shop.coles.com.au/wcsstore/Coles-CAS/images/3/1/3/3130400-th.jpg",
    "categories": ["health-beauty"],
    "tags": ["dental", "tothbrushes"],
    "locations": {
      "vic": {
        "price": 10,
        "promoText": " ",
        "packageSize": "3 pack",
        "packagePrice": "$3.33 per 1Ea"
      }
    }
  },
  {
    "id": "pikster-interdental-brush-size-3-medium",
    "brand": "Pikster",
    "name": "Interdental Brush Size 3 Medium",
    "imageUrl": "https://shop.coles.com.au/wcsstore/Coles-CAS/images/8/9/4/8944714-th.jpg",
    "categories": ["health-beauty"],
    "tags": ["dental", "tothbrushes"],
    "locations": {
      "vic": {
        "price": 7,
        "promoText": "Was $7.90 on Mar 2018 ",
        "packageSize": "10 pack",
        "packagePrice": "$0.70 per 1Ea"
      }
    }
  },
  {
    "id": "pikster-interdental-brush-size-1-small",
    "brand": "Pikster",
    "name": "Interdental Brush Size 1 Small",
    "imageUrl": "https://shop.coles.com.au/wcsstore/Coles-CAS/images/8/9/4/8943799-th.jpg",
    "categories": ["health-beauty"],
    "tags": ["dental", "tothbrushes"],
    "locations": {
      "vic": {
        "price": 7,
        "promoText": "Was $7.90 on Mar 2018 ",
        "packageSize": "10 pack",
        "packagePrice": "$0.70 per 1Ea"
      }
    }
  },
  {
    "id": "piksters-fresh-breath-mouth-spray",
    "brand": "Piksters",
    "name": "Fresh Breath Mouth Spray",
    "imageUrl": "https://shop.coles.com.au/wcsstore/Coles-CAS/images/2/8/6/2868668-th.jpg",
    "categories": ["health-beauty"],
    "tags": ["dental", "tothbrushes"],
    "locations": {
      "vic": {
        "price": 4.6,
        "promoText": " ",
        "packageSize": "20mL",
        "packagePrice": "$23.00 per 100mL"
      }
    }
  },
  {
    "id": "sensodyne-rapid-relief-original-toothpaste",
    "brand": "Sensodyne",
    "name": "Sensitive Teeth Pain Rapid Relief Toothpaste",
    "imageUrl": "https://shop.coles.com.au/wcsstore/Coles-CAS/images/3/1/3/3132290-th.jpg",
    "categories": ["health-beauty"],
    "tags": ["dental", "tothpaste"],
    "locations": {
      "vic": {
        "price": 11,
        "promoText": " ",
        "packageSize": "100g",
        "packagePrice": "$11.00 per 100G"
      }
    }
  },
  {
    "id": "sensodyne-toothpaste-repair-protect",
    "brand": "Sensodyne",
    "name": "Sensitive Teeth Pain Repair & Protect Fluoride Toothpaste",
    "imageUrl": "https://shop.coles.com.au/wcsstore/Coles-CAS/images/8/6/0/8605537-th.jpg",
    "categories": ["health-beauty"],
    "tags": ["dental", "tothpaste"],
    "locations": {
      "vic": {
        "price": 11,
        "promoText": " ",
        "packageSize": "100g",
        "packagePrice": "$11.00 per 100G"
      }
    }
  },
  {
    "id": "sensodyne-toothpaste-total-care-whitening",
    "brand": "Sensodyne",
    "name": "Sensitive Teeth Pain Daily Care + Whitening Toothpaste",
    "imageUrl": "https://shop.coles.com.au/wcsstore/Coles-CAS/images/6/0/8/6084150-th.jpg",
    "categories": ["health-beauty"],
    "tags": ["dental", "tothpaste"],
    "locations": {
      "vic": {
        "price": 7,
        "promoText": "$2.20 ",
        "packageSize": "110g",
        "packagePrice": "$6.36 per 100G"
      }
    }
  },
  {
    "id": "colgate-optic-white-high-impact-toothpaste",
    "brand": "Colgate",
    "name": "Optic White High Impact Whitening Toothpaste",
    "imageUrl": "https://shop.coles.com.au/wcsstore/Coles-CAS/images/2/6/2/2621778-th.jpg",
    "categories": ["health-beauty"],
    "tags": ["dental", "tothpaste"],
    "locations": {
      "vic": {
        "price": 8,
        "promoText": "Was $10.00 on May 2020 ",
        "packageSize": "85g",
        "packagePrice": "$9.41 per 100G"
      }
    }
  },
  {
    "id": "colgate-pro-relief-toothpaste-sensitive-whitening",
    "brand": "Colgate",
    "name": "Sensitive Pro Relief Whitening Toothpaste",
    "imageUrl": "https://shop.coles.com.au/wcsstore/Coles-CAS/images/7/6/9/7699193-th.jpg",
    "categories": ["health-beauty"],
    "tags": ["dental", "tothpaste"],
    "locations": {
      "vic": {
        "price": 10,
        "promoText": " ",
        "packageSize": "110g",
        "packagePrice": "$9.09 per 100G"
      }
    }
  },
  {
    "id": "oral-b--gum-care-enamel-restore-toothpaste",
    "brand": "Oral-B",
    "name": "Gum Care & Enamel Restore Toothpaste",
    "imageUrl": "https://shop.coles.com.au/wcsstore/Coles-CAS/images/2/8/6/2868679-th.jpg",
    "categories": ["health-beauty"],
    "tags": ["dental", "tothpaste"],
    "locations": {
      "vic": {
        "price": 10,
        "promoText": " ",
        "packageSize": "110g",
        "packagePrice": "$9.09 per 100G"
      }
    }
  },
  {
    "id": "oral-b-3d-white-luxe-perfection",
    "brand": "Oral-B",
    "name": "3D White Luxe Perfection Toothpaste",
    "imageUrl": "https://shop.coles.com.au/wcsstore/Coles-CAS/images/3/1/3/3130567-th.jpg",
    "categories": ["health-beauty"],
    "tags": ["dental", "tothpaste"],
    "locations": {
      "vic": {
        "price": 9,
        "promoText": " ",
        "packageSize": "95g",
        "packagePrice": "$9.47 per 100G"
      }
    }
  },
  {
    "id": "oral-b-pro-health-clean-mint-toothpaste",
    "brand": "Oral-B",
    "name": "Pro-Health Clean Mint Toothpaste",
    "imageUrl": "https://shop.coles.com.au/wcsstore/Coles-CAS/images/3/1/3/3131129-th.jpg",
    "categories": ["health-beauty"],
    "tags": ["dental", "tothpaste"],
    "locations": {
      "vic": {
        "price": 7,
        "promoText": " ",
        "packageSize": "190g",
        "packagePrice": "$3.68 per 100G"
      }
    }
  },
  {
    "id": "colgate-total-advanced-clean-toothpaste-3400854p",
    "brand": "Colgate",
    "name": "Total Advanced Clean Toothpaste",
    "imageUrl": "https://shop.coles.com.au/wcsstore/Coles-CAS/images/3/4/0/3400854-th.jpg",
    "categories": ["health-beauty"],
    "tags": ["dental", "tothpaste"],
    "locations": {
      "vic": {
        "price": 5.5,
        "promoText": " ",
        "packageSize": "115g",
        "packagePrice": "$4.78 per 100G"
      }
    }
  },
  {
    "id": "white-glo-toothpaste-professional",
    "brand": "White Glo",
    "name": "Professional Toothpaste",
    "imageUrl": "https://shop.coles.com.au/wcsstore/Coles-CAS/images/6/8/3/6837214-th.jpg",
    "categories": ["health-beauty"],
    "tags": ["dental", "tothpaste"],
    "locations": {
      "vic": {
        "price": 5.25,
        "promoText": " ",
        "packageSize": "150g",
        "packagePrice": "$3.50 per 100G"
      }
    }
  },
  {
    "id": "colgate-toothpaste-great-regular-flavour-jumbo",
    "brand": "Colgate",
    "name": "Jumbo Regular Toothpaste",
    "imageUrl": "https://shop.coles.com.au/wcsstore/Coles-CAS/images/1/5/2/152632-th.jpg",
    "categories": ["health-beauty"],
    "tags": ["dental", "tothpaste"],
    "locations": {
      "vic": {
        "price": 3,
        "promoText": " ",
        "packageSize": "175g",
        "packagePrice": "$1.71 per 100G"
      }
    }
  },
  {
    "id": "colgate-toothpaste-gel-sparkling-mint",
    "brand": "Colgate",
    "name": "Gel Sparkle Mint Toothpaste",
    "imageUrl": "https://shop.coles.com.au/wcsstore/Coles-CAS/images/5/0/1/5014920-th.jpg",
    "categories": ["health-beauty"],
    "tags": ["dental", "tothpaste"],
    "locations": {
      "vic": {
        "price": 2.1,
        "promoText": " ",
        "packageSize": "80g",
        "packagePrice": "$2.63 per 100G"
      }
    }
  },
  {
    "id": "colgate-total-original-toothpaste",
    "brand": "Colgate",
    "name": "Total Original Toothpaste",
    "imageUrl": "https://shop.coles.com.au/wcsstore/Coles-CAS/images/3/4/0/3401008-th.jpg",
    "categories": ["health-beauty"],
    "tags": ["dental", "tothpaste"],
    "locations": {
      "vic": {
        "price": 3.5,
        "promoText": "Was $4.00 on Mar 2019 ",
        "packageSize": "115g",
        "packagePrice": "$3.04 per 100G"
      }
    }
  },
  {
    "id": "colgate-toothpaste-gel-sparkling-mint-5011671p",
    "brand": "Colgate",
    "name": "Sparkle Mint Toothpaste",
    "imageUrl": "https://shop.coles.com.au/wcsstore/Coles-CAS/images/5/0/1/5011671-th.jpg",
    "categories": ["health-beauty"],
    "tags": ["dental", "tothpaste"],
    "locations": {
      "vic": {
        "price": 2.5,
        "promoText": " ",
        "packageSize": "110g",
        "packagePrice": "$2.27 per 100G"
      }
    }
  },
  {
    "id": "colgate-total-advanced-fresh-toothpaste-3400898p",
    "brand": "Colgate",
    "name": "Total Advanced Fresh Toothpaste",
    "imageUrl": "https://shop.coles.com.au/wcsstore/Coles-CAS/images/3/4/0/3400898-th.jpg",
    "categories": ["health-beauty"],
    "tags": ["dental", "tothpaste"],
    "locations": {
      "vic": {
        "price": 5.5,
        "promoText": " ",
        "packageSize": "115g",
        "packagePrice": "$4.78 per 100G"
      }
    }
  },
  {
    "id": "colgate-toothpaste-whitening-tartar-control",
    "brand": "Colgate",
    "name": "Whitening & Tartar Control Toothpaste",
    "imageUrl": "https://shop.coles.com.au/wcsstore/Coles-CAS/images/8/6/1/8617230-th.jpg",
    "categories": ["health-beauty"],
    "tags": ["dental", "tothpaste"],
    "locations": {
      "vic": {
        "price": 7,
        "promoText": " ",
        "packageSize": "190g",
        "packagePrice": "$3.68 per 100G"
      }
    }
  },
  {
    "id": "colgate-total-original-toothpaste-3401074p",
    "brand": "Colgate",
    "name": "Total Original Toothpaste",
    "imageUrl": "https://shop.coles.com.au/wcsstore/Coles-CAS/images/3/4/0/3401074-th.jpg",
    "categories": ["health-beauty"],
    "tags": ["dental", "tothpaste"],
    "locations": {
      "vic": {
        "price": 4.95,
        "promoText": "$0.55 ",
        "packageSize": "200g",
        "packagePrice": "$2.48 per 100G"
      }
    }
  },
  {
    "id": "macleans-extreme-clean-lasting-fresh-toothpaste",
    "brand": "Macleans",
    "name": "Extreme Clean Lasting Fresh Toothpaste",
    "imageUrl": "https://shop.coles.com.au/wcsstore/Coles-CAS/images/2/6/2/2620742-th.jpg",
    "categories": ["health-beauty"],
    "tags": ["dental", "tothpaste"],
    "locations": {
      "vic": {
        "price": 2.5,
        "promoText": "$2.50 ",
        "packageSize": "170g",
        "packagePrice": "$1.47 per 100G"
      }
    }
  },
  {
    "id": "colgate-toothpaste-triple-action",
    "brand": "Colgate",
    "name": "Triple Action Toothpaste",
    "imageUrl": "https://shop.coles.com.au/wcsstore/Coles-CAS/images/5/3/9/5390059-th.jpg",
    "categories": ["health-beauty"],
    "tags": ["dental", "tothpaste"],
    "locations": {
      "vic": {
        "price": 3,
        "promoText": " ",
        "packageSize": "160g",
        "packagePrice": "$1.88 per 100G"
      }
    }
  },
  {
    "id": "colgate-toothpaste-great-regular-flavour-pump-pack",
    "brand": "Colgate",
    "name": "Regular Pump Toothpaste",
    "imageUrl": "https://shop.coles.com.au/wcsstore/Coles-CAS/images/2/3/8/238749-th.jpg",
    "categories": ["health-beauty"],
    "tags": ["dental", "tothpaste"],
    "locations": {
      "vic": {
        "price": 5.5,
        "promoText": " ",
        "packageSize": "130g",
        "packagePrice": "$4.23 per 100G"
      }
    }
  },
  {
    "id": "colgate-total-advanced-clean-toothpaste",
    "brand": "Colgate",
    "name": "Total Advanced Clean Toothpaste",
    "imageUrl": "https://shop.coles.com.au/wcsstore/Coles-CAS/images/3/4/0/3400887-th.jpg",
    "categories": ["health-beauty"],
    "tags": ["dental", "tothpaste"],
    "locations": {
      "vic": {
        "price": 8,
        "promoText": " ",
        "packageSize": "200g",
        "packagePrice": "$4.00 per 100G"
      }
    }
  },
  {
    "id": "colgate-total-advanced-whitening-toothpaste-3400934p",
    "brand": "Colgate",
    "name": "Total Advanced Whitening Toothpaste",
    "imageUrl": "https://shop.coles.com.au/wcsstore/Coles-CAS/images/3/4/0/3400934-th.jpg",
    "categories": ["health-beauty"],
    "tags": ["dental", "tothpaste"],
    "locations": {
      "vic": {
        "price": 5.5,
        "promoText": " ",
        "packageSize": "115g",
        "packagePrice": "$4.78 per 100G"
      }
    }
  },
  {
    "id": "macleans-extreme-clean-toothpaste-white",
    "brand": "Macleans",
    "name": "Toothpaste Extreme Clean Whitening",
    "imageUrl": "https://shop.coles.com.au/wcsstore/Coles-CAS/images/4/4/9/4499530-th.jpg",
    "categories": ["health-beauty"],
    "tags": ["dental", "tothpaste"],
    "locations": {
      "vic": {
        "price": 2.5,
        "promoText": "$2.50 ",
        "packageSize": "170g",
        "packagePrice": "$1.47 per 100G"
      }
    }
  },
  {
    "id": "colgate-toothpaste-sensitive-whitening",
    "brand": "Colgate",
    "name": "Sensitive Whitening Toothpaste",
    "imageUrl": "https://shop.coles.com.au/wcsstore/Coles-CAS/images/5/3/9/5396485-th.jpg",
    "categories": ["health-beauty"],
    "tags": ["dental", "tothpaste"],
    "locations": {
      "vic": {
        "price": 4,
        "promoText": "$4.00 ",
        "packageSize": "110g",
        "packagePrice": "$3.64 per 100G"
      }
    }
  },
  {
    "id": "colgate-toothpaste-triple-action-5011730p",
    "brand": "Colgate",
    "name": "Triple Action Anti Cavity Toothpaste",
    "imageUrl": "https://shop.coles.com.au/wcsstore/Coles-CAS/images/5/0/1/5011730-th.jpg",
    "categories": ["health-beauty"],
    "tags": ["dental", "tothpaste"],
    "locations": {
      "vic": {
        "price": 2.5,
        "promoText": " ",
        "packageSize": "110g",
        "packagePrice": "$2.27 per 100G"
      }
    }
  },
  {
    "id": "oral-b--gum-care-sensitivity-repair-toothpaste",
    "brand": "Oral-B",
    "name": "Gum Care & Sensitivity Repair Toothpaste",
    "imageUrl": "https://shop.coles.com.au/wcsstore/Coles-CAS/images/2/8/6/2868690-th.jpg",
    "categories": ["health-beauty"],
    "tags": ["dental", "tothpaste"],
    "locations": {
      "vic": {
        "price": 10,
        "promoText": " ",
        "packageSize": "110g",
        "packagePrice": "$9.09 per 100G"
      }
    }
  },
  {
    "id": "colgate-toothpaste-sensitive-multi-protection",
    "brand": "Colgate",
    "name": "Sensitive Multiprotection Toothpaste",
    "imageUrl": "https://shop.coles.com.au/wcsstore/Coles-CAS/images/5/3/9/5390194-th.jpg",
    "categories": ["health-beauty"],
    "tags": ["dental", "tothpaste"],
    "locations": {
      "vic": {
        "price": 4,
        "promoText": "$4.00 ",
        "packageSize": "110g",
        "packagePrice": "$3.64 per 100G"
      }
    }
  },
  {
    "id": "colgate-toothpaste-great-regular-flavour",
    "brand": "Colgate",
    "name": "Regular Anti Cavity Toothpaste",
    "imageUrl": "https://shop.coles.com.au/wcsstore/Coles-CAS/images/5/0/1/5011682-th.jpg",
    "categories": ["health-beauty"],
    "tags": ["dental", "tothpaste"],
    "locations": {
      "vic": {
        "price": 2.5,
        "promoText": " ",
        "packageSize": "120g",
        "packagePrice": "$2.08 per 100G"
      }
    }
  },
  {
    "id": "colgate-advanced-toothpaste-whitening-tartar-control-toothpaste",
    "brand": "Colgate",
    "name": "Whitening & Tartar Control Toothpaste",
    "imageUrl": "https://shop.coles.com.au/wcsstore/Coles-CAS/images/5/0/1/5012539-th.jpg",
    "categories": ["health-beauty"],
    "tags": ["dental", "tothpaste"],
    "locations": {
      "vic": {
        "price": 4.8,
        "promoText": " ",
        "packageSize": "120g",
        "packagePrice": "$4.00 per 100G"
      }
    }
  },
  {
    "id": "coles-toothpaste-total-care",
    "brand": "Coles",
    "name": "Total Care Toothpaste",
    "imageUrl": "https://shop.coles.com.au/wcsstore/Coles-CAS/images/5/9/1/5911708-th.jpg",
    "categories": ["health-beauty"],
    "tags": ["dental", "tothpaste"],
    "locations": {
      "vic": {
        "price": 1.5,
        "promoText": " ",
        "packageSize": "140g",
        "packagePrice": "$1.07 per 100G"
      }
    }
  },
  {
    "id": "colgate-optic-white-enamel-white-toothpaste",
    "brand": "Colgate",
    "name": "Optic White Enamel White Whitening Toothpaste",
    "imageUrl": "https://shop.coles.com.au/wcsstore/Coles-CAS/images/1/7/0/1706172-th.jpg",
    "categories": ["health-beauty"],
    "tags": ["dental", "tothpaste"],
    "locations": {
      "vic": {
        "price": 5.6,
        "promoText": "$2.40 ",
        "packageSize": "95g",
        "packagePrice": "$5.89 per 100G"
      }
    }
  },
  {
    "id": "colgate-total-mint-stripe-toothpaste-3400821p",
    "brand": "Colgate",
    "name": "Total Mint Stripe Multi Benefit Toothpaste",
    "imageUrl": "https://shop.coles.com.au/wcsstore/Coles-CAS/images/3/4/0/3400821-th.jpg",
    "categories": ["health-beauty"],
    "tags": ["dental", "tothpaste"],
    "locations": {
      "vic": {
        "price": 3.5,
        "promoText": "Was $4.00 on Mar 2019 ",
        "packageSize": "115g",
        "packagePrice": "$3.04 per 100G"
      }
    }
  },
  {
    "id": "oral-b-pro-health-advanced-deep-clean-toothpaste",
    "brand": "Oral-B",
    "name": "Pro Health Advanced Deep Clean Mint Fluoride Toothpaste",
    "imageUrl": "https://shop.coles.com.au/wcsstore/Coles-CAS/images/2/6/2/2621075-th.jpg",
    "categories": ["health-beauty"],
    "tags": ["dental", "tothpaste"],
    "locations": {
      "vic": {
        "price": 5,
        "promoText": " ",
        "packageSize": "110g",
        "packagePrice": "$4.55 per 100G"
      }
    }
  },
  {
    "id": "oral-b-3d-white-luxe-glamorous-white",
    "brand": "Oral-B",
    "name": "3D White Luxe Glamorous White Toothpaste",
    "imageUrl": "https://shop.coles.com.au/wcsstore/Coles-CAS/images/3/1/3/3130487-th.jpg",
    "categories": ["health-beauty"],
    "tags": ["dental", "tothpaste"],
    "locations": {
      "vic": {
        "price": 9,
        "promoText": " ",
        "packageSize": "95g",
        "packagePrice": "$9.47 per 100G"
      }
    }
  },
  {
    "id": "sensodyne-deep-clean-sensitive-gel-toothpaste",
    "brand": "Sensodyne",
    "name": "Sensitive Teeth Pain Deep Clean Toothpaste",
    "imageUrl": "https://shop.coles.com.au/wcsstore/Coles-CAS/images/2/8/7/2871039-th.jpg",
    "categories": ["health-beauty"],
    "tags": ["dental", "tothpaste"],
    "locations": {
      "vic": {
        "price": 7,
        "promoText": "$2.20 ",
        "packageSize": "110g",
        "packagePrice": "$6.36 per 100G"
      }
    }
  },
  {
    "id": "white-glo-deep-stain-remover-activated-charcoal-whitening-toothpaste",
    "brand": "White Glo",
    "name": "Deep Stain Remover Activated Charcoal Whitening Toothpaste",
    "imageUrl": "https://shop.coles.com.au/wcsstore/Coles-CAS/images/2/8/6/2868646-th.jpg",
    "categories": ["health-beauty"],
    "tags": ["dental", "tothpaste"],
    "locations": {
      "vic": {
        "price": 6,
        "promoText": " ",
        "packageSize": "150g",
        "packagePrice": "$4.00 per 100G"
      }
    }
  },
  {
    "id": "colgate-pro-relief-multi-protection-paste",
    "brand": "Colgate",
    "name": "Sensitive Pro Relief Multiprotection Toothpaste",
    "imageUrl": "https://shop.coles.com.au/wcsstore/Coles-CAS/images/8/6/2/8624032-th.jpg",
    "categories": ["health-beauty"],
    "tags": ["dental", "tothpaste"],
    "locations": {
      "vic": {
        "price": 10,
        "promoText": " ",
        "packageSize": "110g",
        "packagePrice": "$9.09 per 100G"
      }
    }
  },
  {
    "id": "oral-b-3d-white-whitening-therapy-sensitivity-care",
    "brand": "Oral-B",
    "name": "3D White Whitening Therapy Sensitivity Care Toothpaste",
    "imageUrl": "https://shop.coles.com.au/wcsstore/Coles-CAS/images/3/4/0/3400355-th.jpg",
    "categories": ["health-beauty"],
    "tags": ["dental", "tothpaste"],
    "locations": {
      "vic": {
        "price": 12,
        "promoText": " ",
        "packageSize": "95g",
        "packagePrice": "$12.63 per 100G"
      }
    }
  },
  {
    "id": "sensodyne-whitening-repair-protect-paste",
    "brand": "Sensodyne",
    "name": "Sensitive Teeth Pain Repair & Protect Whitening Toothpaste",
    "imageUrl": "https://shop.coles.com.au/wcsstore/Coles-CAS/images/9/1/5/9156257-th.jpg",
    "categories": ["health-beauty"],
    "tags": ["dental", "tothpaste"],
    "locations": {
      "vic": {
        "price": 11,
        "promoText": " ",
        "packageSize": "100g",
        "packagePrice": "$11.00 per 100G"
      }
    }
  },
  {
    "id": "white-glo-white-accel-blue-light-whitening-sys",
    "brand": "White Glo",
    "name": "White Accelerator Blue Light Teeth Whitening System",
    "imageUrl": "https://shop.coles.com.au/wcsstore/Coles-CAS/images/3/1/2/3128689-th.jpg",
    "categories": ["health-beauty"],
    "tags": ["dental", "tothpaste"],
    "locations": {
      "vic": {
        "price": 35,
        "promoText": " ",
        "packageSize": "1 pack",
        "packagePrice": "$35.00 per 1Ea"
      }
    }
  },
  {
    "id": "colgate-advanced-toothpaste-whitening",
    "brand": "Colgate",
    "name": "Whitening Toothpaste",
    "imageUrl": "https://shop.coles.com.au/wcsstore/Coles-CAS/images/5/0/1/5012550-th.jpg",
    "categories": ["health-beauty"],
    "tags": ["dental", "tothpaste"],
    "locations": {
      "vic": {
        "price": 4.8,
        "promoText": " ",
        "packageSize": "110g",
        "packagePrice": "$4.36 per 100G"
      }
    }
  },
  {
    "id": "colgate-optic-white-express-white-toothpaste-2222783p",
    "brand": "Colgate",
    "name": "Optic White Express White Whitening Toothpaste",
    "imageUrl": "https://shop.coles.com.au/wcsstore/Coles-CAS/images/2/2/2/2222783-th.jpg",
    "categories": ["health-beauty"],
    "tags": ["dental", "tothpaste"],
    "locations": {
      "vic": {
        "price": 8,
        "promoText": "Was $10.00 on May 2020 ",
        "packageSize": "85g",
        "packagePrice": "$9.41 per 100G"
      }
    }
  },
  {
    "id": "colgate-sensitive-pro-relief-repair-prevent-toothpaste",
    "brand": "Colgate",
    "name": "Sensitive Pro Relief Repair & Prevent Toothpaste",
    "imageUrl": "https://shop.coles.com.au/wcsstore/Coles-CAS/images/2/8/7/2871163-th.jpg",
    "categories": ["health-beauty"],
    "tags": ["dental", "tothpaste"],
    "locations": {
      "vic": {
        "price": 10,
        "promoText": " ",
        "packageSize": "110g",
        "packagePrice": "$9.09 per 100G"
      }
    }
  },
  {
    "id": "colgate-optic-white-renewal-lasting-fresh",
    "brand": "Colgate",
    "name": "Optic White Renewal Lasting Fresh",
    "imageUrl": "https://shop.coles.com.au/wcsstore/Coles-CAS/images/3/6/8/3680499-th.jpg",
    "categories": ["health-beauty"],
    "tags": ["dental", "tothpaste"],
    "locations": {
      "vic": {
        "price": 15,
        "promoText": " ",
        "packageSize": "85g",
        "packagePrice": "$17.65 per 100G"
      }
    }
  },
  {
    "id": "grants-toothpaste-non-fluoride-herbal",
    "brand": "Grants Of Australia",
    "name": "Mild Mint With Aloe Vera Natural Toothpaste",
    "imageUrl": "https://shop.coles.com.au/wcsstore/Coles-CAS/images/5/1/6/5167626-th.jpg",
    "categories": ["health-beauty"],
    "tags": ["dental", "tothpaste"],
    "locations": {
      "vic": {
        "price": 3,
        "promoText": " ",
        "packageSize": "110g",
        "packagePrice": "$2.73 per 100G"
      }
    }
  },
  {
    "id": "oral-b-3d-white-whitening-therapy-coconut-oil",
    "brand": "Oral B",
    "name": "3d White Whitening Therapy Coconut Oil",
    "imageUrl": "https://shop.coles.com.au/wcsstore/Coles-CAS/images/3/6/9/3696150-th.jpg",
    "categories": ["health-beauty"],
    "tags": ["dental", "tothpaste"],
    "locations": {
      "vic": {
        "price": 12,
        "promoText": " ",
        "packageSize": "95g",
        "packagePrice": "$12.63 per 100G"
      }
    }
  },
  {
    "id": "oral-b--pro-health-advance-whitening",
    "brand": "Oral-B",
    "name": "Pro Health Advanced Whitening Toothpaste",
    "imageUrl": "https://shop.coles.com.au/wcsstore/Coles-CAS/images/2/6/2/2621097-th.jpg",
    "categories": ["health-beauty"],
    "tags": ["dental", "tothpaste"],
    "locations": {
      "vic": {
        "price": 5,
        "promoText": " ",
        "packageSize": "110g",
        "packagePrice": "$4.55 per 100G"
      }
    }
  },
  {
    "id": "white-glo-micellar-whitening-tothpaste",
    "brand": "White Glo",
    "name": "Micellar Whitening Toothpaste",
    "imageUrl": "https://shop.coles.com.au/wcsstore/Coles-CAS/images/3/6/9/3696127-th.jpg",
    "categories": ["health-beauty"],
    "tags": ["dental", "tothpaste"],
    "locations": {
      "vic": {
        "price": 6,
        "promoText": " ",
        "packageSize": "150g",
        "packagePrice": "$4.00 per 100G"
      }
    }
  },
  {
    "id": "colgate-max-fresh-toothpaste-cool-mint",
    "brand": "Colgate",
    "name": "Max Fresh Cool Mint Toothpaste",
    "imageUrl": "https://shop.coles.com.au/wcsstore/Coles-CAS/images/5/0/1/5010737-th.jpg",
    "categories": ["health-beauty"],
    "tags": ["dental", "tothpaste"],
    "locations": {
      "vic": {
        "price": 4.8,
        "promoText": " ",
        "packageSize": "110g",
        "packagePrice": "$4.36 per 100G"
      }
    }
  },
  {
    "id": "colgate-optic-white-enamel-white-sparkling-mint-toothpaste",
    "brand": "Colgate",
    "name": "Optic White Enamel White Whitening Toothpaste",
    "imageUrl": "https://shop.coles.com.au/wcsstore/Coles-CAS/images/1/7/0/1706183-th.jpg",
    "categories": ["health-beauty"],
    "tags": ["dental", "tothpaste"],
    "locations": {
      "vic": {
        "price": 10,
        "promoText": " ",
        "packageSize": "140g",
        "packagePrice": "$7.14 per 100G"
      }
    }
  },
  {
    "id": "colgate-total-charcoal-deep-clean-toothpaste-3400990p",
    "brand": "Colgate",
    "name": "Total Charcoal Deep Clean Multi Benefit Toothpaste",
    "imageUrl": "https://shop.coles.com.au/wcsstore/Coles-CAS/images/3/4/0/3400990-th.jpg",
    "categories": ["health-beauty"],
    "tags": ["dental", "tothpaste"],
    "locations": {
      "vic": {
        "price": 5.5,
        "promoText": " ",
        "packageSize": "115g",
        "packagePrice": "$4.78 per 100G"
      }
    }
  },
  {
    "id": "colgate-total-mint-stripe-toothpaste-3400832p",
    "brand": "Colgate",
    "name": "Total Mint Stripe Multi Benefit Toothpaste",
    "imageUrl": "https://shop.coles.com.au/wcsstore/Coles-CAS/images/3/4/0/3400832-th.jpg",
    "categories": ["health-beauty"],
    "tags": ["dental", "tothpaste"],
    "locations": {
      "vic": {
        "price": 4.95,
        "promoText": "$0.55 ",
        "packageSize": "200g",
        "packagePrice": "$2.48 per 100G"
      }
    }
  },
  {
    "id": "colgate-toothpaste-adv-whitening-charcoal",
    "brand": "Colgate",
    "name": "Advanced Whitening Charcoal Toothpaste",
    "imageUrl": "https://shop.coles.com.au/wcsstore/Coles-CAS/images/3/4/0/3400592-th.jpg",
    "categories": ["health-beauty"],
    "tags": ["dental", "tothpaste"],
    "locations": {
      "vic": {
        "price": 7,
        "promoText": " ",
        "packageSize": "170g",
        "packagePrice": "$4.12 per 100G"
      }
    }
  },
  {
    "id": "colgate-optic-white-renewal-vibrant-clean",
    "brand": "Colgate",
    "name": "Optic White Renewal Vibrant Clean",
    "imageUrl": "https://shop.coles.com.au/wcsstore/Coles-CAS/images/3/6/9/3693901-th.jpg",
    "categories": ["health-beauty"],
    "tags": ["dental", "tothpaste"],
    "locations": {
      "vic": {
        "price": 15,
        "promoText": " ",
        "packageSize": "85g",
        "packagePrice": "$17.65 per 100G"
      }
    }
  },
  {
    "id": "colgate-sensitive-advanced-clean",
    "brand": "Colgate",
    "name": "Sensitive Advanced Clean",
    "imageUrl": "https://shop.coles.com.au/wcsstore/Coles-CAS/images/3/6/9/3693990-th.jpg",
    "categories": ["health-beauty"],
    "tags": ["dental", "tothpaste"],
    "locations": {
      "vic": {
        "price": 4,
        "promoText": "$4.00 ",
        "packageSize": "110g",
        "packagePrice": "$3.64 per 100G"
      }
    }
  },
  {
    "id": "oral-b-gum-detoxify-deep-clean-toothpaste",
    "brand": "Oral-B",
    "name": "Gum Detoxify Intensive Clean Toothpaste",
    "imageUrl": "https://shop.coles.com.au/wcsstore/Coles-CAS/images/3/4/0/3400366-th.jpg",
    "categories": ["health-beauty"],
    "tags": ["dental", "tothpaste"],
    "locations": {
      "vic": {
        "price": 12,
        "promoText": " ",
        "packageSize": "110g",
        "packagePrice": "$10.91 per 100G"
      }
    }
  },
  {
    "id": "red-seal-toothpaste-herbal-mint",
    "brand": "Red Seal",
    "name": "Herbal Mint Toothpaste",
    "imageUrl": "https://shop.coles.com.au/wcsstore/Coles-CAS/images/3/7/1/37180-th.jpg",
    "categories": ["health-beauty"],
    "tags": ["dental", "tothpaste"],
    "locations": {
      "vic": {
        "price": 4.5,
        "promoText": " ",
        "packageSize": "110g",
        "packagePrice": "$4.09 per 100G"
      }
    }
  },
  {
    "id": "colgate-toothpaste-max-fresh-cool-mint",
    "brand": "Colgate",
    "name": "Max Fresh Cool Mint Toothpaste",
    "imageUrl": "https://shop.coles.com.au/wcsstore/Coles-CAS/images/8/6/1/8617194-th.jpg",
    "categories": ["health-beauty"],
    "tags": ["dental", "tothpaste"],
    "locations": {
      "vic": {
        "price": 7,
        "promoText": " ",
        "packageSize": "190g",
        "packagePrice": "$3.68 per 100G"
      }
    }
  },
  {
    "id": "colgate-toothpaste-whitening-plus-tartar-control-pump-pack",
    "brand": "Colgate",
    "name": "Whitening & Tartar Pump Toothpaste",
    "imageUrl": "https://shop.coles.com.au/wcsstore/Coles-CAS/images/8/8/7/8870141-th.jpg",
    "categories": ["health-beauty"],
    "tags": ["dental", "tothpaste"],
    "locations": {
      "vic": {
        "price": 8.6,
        "promoText": " ",
        "packageSize": "130g",
        "packagePrice": "$6.62 per 100G"
      }
    }
  },
  {
    "id": "colgate-toothpaste-blue-minty-gel",
    "brand": "Colgate",
    "name": "Blue Minty Gel Toothpaste",
    "imageUrl": "https://shop.coles.com.au/wcsstore/Coles-CAS/images/5/3/9/5390048-th.jpg",
    "categories": ["health-beauty"],
    "tags": ["dental", "tothpaste"],
    "locations": {
      "vic": {
        "price": 3,
        "promoText": " ",
        "packageSize": "160g",
        "packagePrice": "$1.88 per 100G"
      }
    }
  },
  {
    "id": "colgate-toothpaste-cool-mint-jumbo",
    "brand": "Colgate",
    "name": "Jumbo Cool Mint Toothpaste",
    "imageUrl": "https://shop.coles.com.au/wcsstore/Coles-CAS/images/1/5/2/152439-th.jpg",
    "categories": ["health-beauty"],
    "tags": ["dental", "tothpaste"],
    "locations": {
      "vic": {
        "price": 3,
        "promoText": " ",
        "packageSize": "175g",
        "packagePrice": "$1.71 per 100G"
      }
    }
  },
  {
    "id": "colgate-optic-white-express-white-toothpaste",
    "brand": "Colgate",
    "name": "Optic White Express White Whitening Toothpaste",
    "imageUrl": "https://shop.coles.com.au/wcsstore/Coles-CAS/images/2/2/2/2222794-th.jpg",
    "categories": ["health-beauty"],
    "tags": ["dental", "tothpaste"],
    "locations": {
      "vic": {
        "price": 9.6,
        "promoText": "$2.40 ",
        "packageSize": "125g",
        "packagePrice": "$7.68 per 100G"
      }
    }
  },
  {
    "id": "colgate-total-charcoal-dep-clean-tothpate",
    "brand": "Colgate",
    "name": "Total Charcoal Deep Clean Toothpaste",
    "imageUrl": "https://shop.coles.com.au/wcsstore/Coles-CAS/images/3/6/9/3695168-th.jpg",
    "categories": ["health-beauty"],
    "tags": ["dental", "tothpaste"],
    "locations": {
      "vic": {
        "price": 8,
        "promoText": " ",
        "packageSize": "200g",
        "packagePrice": "$4.00 per 100G"
      }
    }
  },
  {
    "id": "oral-b-3d-whitening-therapy-charcoal",
    "brand": "Oral B",
    "name": "3d Whitening Therapy Charcoal",
    "imageUrl": "https://shop.coles.com.au/wcsstore/Coles-CAS/images/3/6/9/3696160-th.jpg",
    "categories": ["health-beauty"],
    "tags": ["dental", "tothpaste"],
    "locations": {
      "vic": {
        "price": 12,
        "promoText": " ",
        "packageSize": "95g",
        "packagePrice": "$12.63 per 100G"
      }
    }
  },
  {
    "id": "oral-b-pure-multi-protect-tothpaste",
    "brand": "Oral B",
    "name": "Pure Multi-Protect Toothpaste",
    "imageUrl": "https://shop.coles.com.au/wcsstore/Coles-CAS/images/3/6/9/3696149-th.jpg",
    "categories": ["health-beauty"],
    "tags": ["dental", "tothpaste"],
    "locations": {
      "vic": {
        "price": 10,
        "promoText": " ",
        "packageSize": "100g",
        "packagePrice": "$10.00 per 100G"
      }
    }
  },
  {
    "id": "oral-b-3d-white-whitening-therapy-enamel-care",
    "brand": "Oral-B",
    "name": "3D White Whitening Therapy Enamel Care Toothpaste",
    "imageUrl": "https://shop.coles.com.au/wcsstore/Coles-CAS/images/3/4/0/3400344-th.jpg",
    "categories": ["health-beauty"],
    "tags": ["dental", "tothpaste"],
    "locations": {
      "vic": {
        "price": 12,
        "promoText": " ",
        "packageSize": "95g",
        "packagePrice": "$12.63 per 100G"
      }
    }
  },
  {
    "id": "sensodyne-toothpaste-total-care",
    "brand": "Sensodyne",
    "name": "Sensitive Teeth Pain Daily Care Extra Fresh Toothpaste",
    "imageUrl": "https://shop.coles.com.au/wcsstore/Coles-CAS/images/9/0/2/9022421-th.jpg",
    "categories": ["health-beauty"],
    "tags": ["dental", "tothpaste"],
    "locations": {
      "vic": {
        "price": 7,
        "promoText": "$2.20 ",
        "packageSize": "110g",
        "packagePrice": "$6.36 per 100G"
      }
    }
  },
  {
    "id": "sensodyne-rapid-relief-extra-fresh-toothpaste",
    "brand": "Sensodyne",
    "name": "Sensitive Rapid Relief Extra Fresh Toothpaste",
    "imageUrl": "https://shop.coles.com.au/wcsstore/Coles-CAS/images/3/1/3/3132278-th.jpg",
    "categories": ["health-beauty"],
    "tags": ["dental", "tothpaste"],
    "locations": {
      "vic": {
        "price": 11,
        "promoText": " ",
        "packageSize": "100g",
        "packagePrice": "$11.00 per 100G"
      }
    }
  },
  {
    "id": "coles-toothbrush-case",
    "brand": "Coles",
    "name": "Toothbrush Case",
    "imageUrl": "https://shop.coles.com.au/wcsstore/Coles-CAS/images/6/7/7/6770725-th.jpg",
    "categories": ["health-beauty"],
    "tags": ["dental", "tothpaste"],
    "locations": {
      "vic": {
        "price": 0,
        "promoText": " ",
        "packageSize": "",
        "packagePrice": ""
      }
    }
  },
  {
    "id": "colgate-pro-relief-toothpaste-enamel-repair",
    "brand": "Colgate",
    "name": "Sensitive Pro Relief Enamel Repair Toothpaste",
    "imageUrl": "https://shop.coles.com.au/wcsstore/Coles-CAS/images/8/9/3/8939383-th.jpg",
    "categories": ["health-beauty"],
    "tags": ["dental", "tothpaste"],
    "locations": {
      "vic": {
        "price": 10,
        "promoText": " ",
        "packageSize": "110g",
        "packagePrice": "$9.09 per 100G"
      }
    }
  },
  {
    "id": "colgate-toothpaste-sensitive-enamel-protection-whitening",
    "brand": "Colgate",
    "name": "Sensitive Enamel Protect Toothpaste",
    "imageUrl": "https://shop.coles.com.au/wcsstore/Coles-CAS/images/7/5/1/7513761-th.jpg",
    "categories": ["health-beauty"],
    "tags": ["dental", "tothpaste"],
    "locations": {
      "vic": {
        "price": 0,
        "promoText": " ",
        "packageSize": "110g",
        "packagePrice": ""
      }
    }
  },
  {
    "id": "colgate-travel-pack",
    "brand": "Colgate",
    "name": "Travel Pack",
    "imageUrl": "https://shop.coles.com.au/wcsstore/Coles-CAS/images/6/7/8/6780795.jpg",
    "categories": ["health-beauty"],
    "tags": ["dental", "tothpaste"],
    "locations": {
      "vic": {
        "price": 8,
        "promoText": " ",
        "packageSize": "1 pack",
        "packagePrice": "$8.00 per 1Ea"
      }
    }
  },
  {
    "id": "colgate-toothpaste-mouthwash-2-in-1-whitening",
    "brand": "Colgate",
    "name": "2 in 1 Liquid Gel Whitening Toothpaste & Mouthwash",
    "imageUrl": "https://shop.coles.com.au/wcsstore/Coles-CAS/images/5/0/1/5012845-th.jpg",
    "categories": ["health-beauty"],
    "tags": ["dental", "tothpaste"],
    "locations": {
      "vic": {
        "price": 5.4,
        "promoText": " ",
        "packageSize": "130g",
        "packagePrice": "$4.15 per 100G"
      }
    }
  },
  {
    "id": "colgate-total-advanced-whitening-toothpaste",
    "brand": "Colgate",
    "name": "Multi Benefit Advanced Whitening Toothpaste",
    "imageUrl": "https://shop.coles.com.au/wcsstore/Coles-CAS/images/3/4/0/3400956-th.jpg",
    "categories": ["health-beauty"],
    "tags": ["dental", "tothpaste"],
    "locations": {
      "vic": {
        "price": 8,
        "promoText": " ",
        "packageSize": "200g",
        "packagePrice": "$4.00 per 100G"
      }
    }
  },
  {
    "id": "colgate-total-advanced-fresh-toothpaste",
    "brand": "Colgate",
    "name": "Total Advanced Fresh Multi Benefit Toothpaste",
    "imageUrl": "https://shop.coles.com.au/wcsstore/Coles-CAS/images/3/4/0/3400912-th.jpg",
    "categories": ["health-beauty"],
    "tags": ["dental", "tothpaste"],
    "locations": {
      "vic": {
        "price": 8,
        "promoText": " ",
        "packageSize": "200g",
        "packagePrice": "$4.00 per 100G"
      }
    }
  },
  {
    "id": "colgate-optic-white-stain-less-white",
    "brand": "Colgate",
    "name": "Optic White Toothpaste",
    "imageUrl": "https://shop.coles.com.au/wcsstore/Coles-CAS/images/3/4/0/3400639-th.jpg",
    "categories": ["health-beauty"],
    "tags": ["dental", "tothpaste"],
    "locations": {
      "vic": {
        "price": 8,
        "promoText": "Was $10.00 on May 2020 ",
        "packageSize": "85g",
        "packagePrice": "$9.41 per 100G"
      }
    }
  },
  {
    "id": "colgate-total-toothpaste-3450488p",
    "brand": "Colgate",
    "name": "Total Multi Benefit Toothpaste",
    "imageUrl": "https://shop.coles.com.au/wcsstore/Coles-CAS/images/3/4/5/3450488-th.jpg",
    "categories": ["health-beauty"],
    "tags": ["dental", "tothpaste"],
    "locations": {
      "vic": {
        "price": 1.7,
        "promoText": " ",
        "packageSize": "40g",
        "packagePrice": "$4.25 per 100G"
      }
    }
  },
  {
    "id": "macleans-kids-toothpaste-little-teeth",
    "brand": "Macleans",
    "name": "Little Teeth Kids Toothpaste 4-6 Years",
    "imageUrl": "https://shop.coles.com.au/wcsstore/Coles-CAS/images/8/0/9/8090200-th.jpg",
    "categories": ["health-beauty"],
    "tags": ["dental", "tothpaste"],
    "locations": {
      "vic": {
        "price": 2,
        "promoText": " ",
        "packageSize": "63g",
        "packagePrice": "$3.17 per 100G"
      }
    }
  },
  {
    "id": "oral-b-pure-enamel-care-tothpaste",
    "brand": "Oral B",
    "name": "Pure Enamel Care Toothpaste",
    "imageUrl": "https://shop.coles.com.au/wcsstore/Coles-CAS/images/3/6/9/3696138-th.jpg",
    "categories": ["health-beauty"],
    "tags": ["dental", "tothpaste"],
    "locations": {
      "vic": {
        "price": 10,
        "promoText": " ",
        "packageSize": "100g",
        "packagePrice": "$10.00 per 100G"
      }
    }
  },
  {
    "id": "oral-b-3d-white-advanced-seal-whitestrips",
    "brand": "Oral-B",
    "name": "3D White Luxe Advance Seal 14 Whitening Treatments",
    "imageUrl": "https://shop.coles.com.au/wcsstore/Coles-CAS/images/2/6/2/2621010-th.jpg",
    "categories": ["health-beauty"],
    "tags": ["dental", "tothpaste"],
    "locations": {
      "vic": {
        "price": 35,
        "promoText": " ",
        "packageSize": "1 pack",
        "packagePrice": "$35.00 per 1Ea"
      }
    }
  },
  {
    "id": "oral-b-gum-care-whitening-toothpaste",
    "brand": "Oral-B",
    "name": "Gum Care & Whitening Toothpaste",
    "imageUrl": "https://shop.coles.com.au/wcsstore/Coles-CAS/images/3/1/3/3130964-th.jpg",
    "categories": ["health-beauty"],
    "tags": ["dental", "tothpaste"],
    "locations": {
      "vic": {
        "price": 0,
        "promoText": " ",
        "packageSize": "110g",
        "packagePrice": ""
      }
    }
  },
  {
    "id": "oral-b-pro-health-fresh-mint-toothpaste",
    "brand": "Oral-B",
    "name": "Pro-Health Fresh Mint Toothpaste",
    "imageUrl": "https://shop.coles.com.au/wcsstore/Coles-CAS/images/3/1/3/3131082-th.jpg",
    "categories": ["health-beauty"],
    "tags": ["dental", "tothpaste"],
    "locations": {
      "vic": {
        "price": 7,
        "promoText": " ",
        "packageSize": "190g",
        "packagePrice": "$3.68 per 100G"
      }
    }
  },
  {
    "id": "oral-b-gum-detoxify-gentle-whiten-toothpaste",
    "brand": "Oral-B",
    "name": "Gum Detoxify Gentle Whitening Toothpaste",
    "imageUrl": "https://shop.coles.com.au/wcsstore/Coles-CAS/images/3/4/0/3400388-th.jpg",
    "categories": ["health-beauty"],
    "tags": ["dental", "tothpaste"],
    "locations": {
      "vic": {
        "price": 12,
        "promoText": " ",
        "packageSize": "110g",
        "packagePrice": "$10.91 per 100G"
      }
    }
  },
  {
    "id": "sensodyne-toothpaste-pronamel-gentle-whitening",
    "brand": "Sensodyne",
    "name": "Pronamel Enamel Gentle Whitening Toothpaste",
    "imageUrl": "https://shop.coles.com.au/wcsstore/Coles-CAS/images/7/5/1/7514935-th.jpg",
    "categories": ["health-beauty"],
    "tags": ["dental", "tothpaste"],
    "locations": {
      "vic": {
        "price": 7,
        "promoText": "$2.20 ",
        "packageSize": "110g",
        "packagePrice": "$6.36 per 100G"
      }
    }
  },
  {
    "id": "sensodyne-toothpaste-repair-protect-extra-fresh",
    "brand": "Sensodyne",
    "name": "Sensitive Teeth Pain Repair & Protect Extra Fresh Toothpaste",
    "imageUrl": "https://shop.coles.com.au/wcsstore/Coles-CAS/images/9/9/6/9960749-th.jpg",
    "categories": ["health-beauty"],
    "tags": ["dental", "tothpaste"],
    "locations": {
      "vic": {
        "price": 11,
        "promoText": " ",
        "packageSize": "100g",
        "packagePrice": "$11.00 per 100G"
      }
    }
  },
  {
    "id": "sensodyne-toothpaste-complete-care",
    "brand": "Sensodyne",
    "name": "Sensitive Teeth Pain Complete Care Toothpaste",
    "imageUrl": "https://shop.coles.com.au/wcsstore/Coles-CAS/images/1/1/6/1167828-th.jpg",
    "categories": ["health-beauty"],
    "tags": ["dental", "tothpaste"],
    "locations": {
      "vic": {
        "price": 11,
        "promoText": " ",
        "packageSize": "100g",
        "packagePrice": "$11.00 per 100G"
      }
    }
  },
  {
    "id": "sensodyne-toothpaste-complete-care-fresh-mint",
    "brand": "Sensodyne",
    "name": "Sensitive Teeth Pain Complete Care Extra Fresh Toothpaste",
    "imageUrl": "https://shop.coles.com.au/wcsstore/Coles-CAS/images/1/1/6/1167806-th.jpg",
    "categories": ["health-beauty"],
    "tags": ["dental", "tothpaste"],
    "locations": {
      "vic": {
        "price": 0,
        "promoText": " ",
        "packageSize": "100g",
        "packagePrice": ""
      }
    }
  },
  {
    "id": "sensodyne-repair-protect-whitening-twin-pack",
    "brand": "Sensodyne",
    "name": "Repair & Protect Whitening Toothpaste Twin Pack",
    "imageUrl": "https://shop.coles.com.au/wcsstore/Coles-CAS/images/3/4/4/3448690-th.jpg",
    "categories": ["health-beauty"],
    "tags": ["dental", "tothpaste"],
    "locations": {
      "vic": {
        "price": 0,
        "promoText": " ",
        "packageSize": "2 pack",
        "packagePrice": ""
      }
    }
  },
  {
    "id": "sensodyne-sensitivity-gum-original-tothpaste",
    "brand": "Sensodyne",
    "name": "Sensitivity & Gum Original Toothpaste",
    "imageUrl": "https://shop.coles.com.au/wcsstore/Coles-CAS/images/3/6/8/3680182-th.jpg",
    "categories": ["health-beauty"],
    "tags": ["dental", "tothpaste"],
    "locations": {
      "vic": {
        "price": 11,
        "promoText": " ",
        "packageSize": "100g",
        "packagePrice": "$11.00 per 100G"
      }
    }
  },
  {
    "id": "sensodyne-sensitivity-gum-extra-fresh-tothpaste",
    "brand": "Sensodyne",
    "name": "Sensitivity Gum Extra Fresh Toothpaste",
    "imageUrl": "https://shop.coles.com.au/wcsstore/Coles-CAS/images/3/6/7/3677676-th.jpg",
    "categories": ["health-beauty"],
    "tags": ["dental", "tothpaste"],
    "locations": {
      "vic": {
        "price": 11,
        "promoText": " ",
        "packageSize": "100g",
        "packagePrice": "$11.00 per 100G"
      }
    }
  },
  {
    "id": "white-glo-diamond-series-whitening-system",
    "brand": "White Glo",
    "name": "Diamond Series Whitening System",
    "imageUrl": "https://shop.coles.com.au/wcsstore/Coles-CAS/images/2/6/2/2620695-th.jpg",
    "categories": ["health-beauty"],
    "tags": ["dental", "tothpaste"],
    "locations": {
      "vic": {
        "price": 20,
        "promoText": " ",
        "packageSize": "1 pack",
        "packagePrice": "$20.00 per 1Ea"
      }
    }
  },
  {
    "id": "white-glo-total-mouth-detox-charcoal-toothpaste",
    "brand": "White Glo",
    "name": "Charcoal Total Mouth Detox Toothpaste",
    "imageUrl": "https://shop.coles.com.au/wcsstore/Coles-CAS/images/3/1/2/3128667-th.jpg",
    "categories": ["health-beauty"],
    "tags": ["dental", "tothpaste"],
    "locations": {
      "vic": {
        "price": 6,
        "promoText": " ",
        "packageSize": "150g",
        "packagePrice": "$4.00 per 100G"
      }
    }
  },
  {
    "id": "white-glo-accelerator-refill-gel",
    "brand": "White Glo",
    "name": "Accelerator Refill Gel",
    "imageUrl": "https://shop.coles.com.au/wcsstore/Coles-CAS/images/3/7/4/3749052-th.jpg",
    "categories": ["health-beauty"],
    "tags": ["dental", "tothpaste"],
    "locations": {
      "vic": {
        "price": 15,
        "promoText": " ",
        "packageSize": "1 pack",
        "packagePrice": "$15.00 per 1Ea"
      }
    }
  },
  {
    "id": "coles-pads-make-up-round",
    "brand": "Coles",
    "name": "Make-Up Removal Pads",
    "imageUrl": "https://shop.coles.com.au/wcsstore/Coles-CAS/images/8/2/1/8213286-th.jpg",
    "categories": ["health-beauty"],
    "tags": ["first-aid", "bandages-strapping"],
    "locations": {
      "vic": {
        "price": 1.5,
        "promoText": " ",
        "packageSize": "80 Pack",
        "packagePrice": "$0.02 per 1Ea"
      }
    }
  },
  {
    "id": "coles-cotton-wool-tips",
    "brand": "Coles",
    "name": "Cotton Wool Tips",
    "imageUrl": "https://shop.coles.com.au/wcsstore/Coles-CAS/images/8/2/1/8213140-th.jpg",
    "categories": ["health-beauty"],
    "tags": ["first-aid", "bandages-strapping"],
    "locations": {
      "vic": {
        "price": 1.15,
        "promoText": " ",
        "packageSize": "240 pack",
        "packagePrice": "$0.00 per 1Ea"
      }
    }
  },
  {
    "id": "coles-brand-cotton-balls",
    "brand": "Coles",
    "name": "Cotton Wool Balls",
    "imageUrl": "https://shop.coles.com.au/wcsstore/Coles-CAS/images/8/2/1/8213388-th.jpg",
    "categories": ["health-beauty"],
    "tags": ["first-aid", "bandages-strapping"],
    "locations": {
      "vic": {
        "price": 1.6,
        "promoText": " ",
        "packageSize": "200 pack",
        "packagePrice": "$0.01 per 1Ea"
      }
    }
  },
  {
    "id": "band-aid-adhesive-dressing-regular-tough-strips",
    "brand": "Band-Aid",
    "name": "Tough Regular Adhesive Dressing Strips",
    "imageUrl": "https://shop.coles.com.au/wcsstore/Coles-CAS/images/6/0/9/6094594-th.jpg",
    "categories": ["health-beauty"],
    "tags": ["first-aid", "bandages-strapping"],
    "locations": {
      "vic": {
        "price": 4.4,
        "promoText": " ",
        "packageSize": "40 pack",
        "packagePrice": "$0.11 per 1Ea"
      }
    }
  },
  {
    "id": "band-aid-tough-strips-regular",
    "brand": "Band-Aid",
    "name": "Regular Tough Strips",
    "imageUrl": "https://shop.coles.com.au/wcsstore/Coles-CAS/images/4/5/0/4503998-th.jpg",
    "categories": ["health-beauty"],
    "tags": ["first-aid", "bandages-strapping"],
    "locations": {
      "vic": {
        "price": 2.85,
        "promoText": " ",
        "packageSize": "20 pack",
        "packagePrice": "$0.14 per 1Ea"
      }
    }
  },
  {
    "id": "elastoplast-strips-aqua-protect",
    "brand": "Elastoplast",
    "name": "Aqua Protect Plasters",
    "imageUrl": "https://shop.coles.com.au/wcsstore/Coles-CAS/images/7/2/1/7213510-th.jpg",
    "categories": ["health-beauty"],
    "tags": ["first-aid", "bandages-strapping"],
    "locations": {
      "vic": {
        "price": 5,
        "promoText": " ",
        "packageSize": "40 pack",
        "packagePrice": "$0.13 per 1Ea"
      }
    }
  },
  {
    "id": "elastoplast-adhesive-dressing-fabric-strips-9584705p",
    "brand": "Elastoplast",
    "name": "Adhesive Fabric Dressing Strips",
    "imageUrl": "https://shop.coles.com.au/wcsstore/Coles-CAS/images/9/5/8/9584705-th.jpg",
    "categories": ["health-beauty"],
    "tags": ["first-aid", "bandages-strapping"],
    "locations": {
      "vic": {
        "price": 4,
        "promoText": " ",
        "packageSize": "40 pack",
        "packagePrice": "$0.10 per 1Ea"
      }
    }
  },
  {
    "id": "band-aid-waterproof-extra-large",
    "brand": "Band-Aid",
    "name": "Extra Large Waterproof Tough Strips",
    "imageUrl": "https://shop.coles.com.au/wcsstore/Coles-CAS/images/8/1/5/8152578-th.jpg",
    "categories": ["health-beauty"],
    "tags": ["first-aid", "bandages-strapping"],
    "locations": {
      "vic": {
        "price": 4,
        "promoText": " ",
        "packageSize": "10 pack",
        "packagePrice": "$0.40 per 1Ea"
      }
    }
  },
  {
    "id": "band-aid-adhesive-bandages-fabric",
    "brand": "Band-Aid",
    "name": "Adhesive Bandage Fabric Strips",
    "imageUrl": "https://shop.coles.com.au/wcsstore/Coles-CAS/images/2/8/6/2865116-th.jpg",
    "categories": ["health-beauty"],
    "tags": ["first-aid", "bandages-strapping"],
    "locations": {
      "vic": {
        "price": 5,
        "promoText": " ",
        "packageSize": "50 pack",
        "packagePrice": "$0.10 per 1Ea"
      }
    }
  },
  {
    "id": "d3-cohesive-wrap",
    "brand": "D3",
    "name": "Cohesive Wrap",
    "imageUrl": "https://shop.coles.com.au/wcsstore/Coles-CAS/images/2/8/6/2864645-th.jpg",
    "categories": ["health-beauty"],
    "tags": ["first-aid", "bandages-strapping"],
    "locations": {
      "vic": {
        "price": 10,
        "promoText": " ",
        "packageSize": "1 pack",
        "packagePrice": "$10.00 per 1Ea"
      }
    }
  },
  {
    "id": "band-aid-advanced-healing-adhesive-dressing-regular",
    "brand": "Band-Aid",
    "name": "Advanced Healing Regular Adhesive Dressing",
    "imageUrl": "https://shop.coles.com.au/wcsstore/Coles-CAS/images/8/9/8/8985609-th.jpg",
    "categories": ["health-beauty"],
    "tags": ["first-aid", "bandages-strapping"],
    "locations": {
      "vic": {
        "price": 8,
        "promoText": " ",
        "packageSize": "10 pack",
        "packagePrice": "$0.80 per 1Ea"
      }
    }
  },
  {
    "id": "band-aid-strips-plastic-adhesive-dressing-extra-wide",
    "brand": "Band-Aid",
    "name": "Extra Wide Adhesive Plastic Strips",
    "imageUrl": "https://shop.coles.com.au/wcsstore/Coles-CAS/images/5/7/5/5753039-th.jpg",
    "categories": ["health-beauty"],
    "tags": ["first-aid", "bandages-strapping"],
    "locations": {
      "vic": {
        "price": 5,
        "promoText": " ",
        "packageSize": "40 pack",
        "packagePrice": "$0.13 per 1Ea"
      }
    }
  },
  {
    "id": "band-aid-strips-clear-adhesive-dressing",
    "brand": "Band-Aid",
    "name": "Adhesive Clear Strips",
    "imageUrl": "https://shop.coles.com.au/wcsstore/Coles-CAS/images/4/5/0/450914-th.jpg",
    "categories": ["health-beauty"],
    "tags": ["first-aid", "bandages-strapping"],
    "locations": {
      "vic": {
        "price": 5,
        "promoText": " ",
        "packageSize": "40 pack",
        "packagePrice": "$0.13 per 1Ea"
      }
    }
  },
  {
    "id": "band-aid-strips-aqua-block",
    "brand": "Band-Aid",
    "name": "Aqua Block Waterproof Strips",
    "imageUrl": "https://shop.coles.com.au/wcsstore/Coles-CAS/images/2/8/6/2864703-th.jpg",
    "categories": ["health-beauty"],
    "tags": ["first-aid", "bandages-strapping"],
    "locations": {
      "vic": {
        "price": 6,
        "promoText": " ",
        "packageSize": "40 pack",
        "packagePrice": "$0.15 per 1Ea"
      }
    }
  },
  {
    "id": "coles-brand-medistrips-plastic-assorted-shapes",
    "brand": "Coles",
    "name": "Assorted Shapes Medistrips",
    "imageUrl": "https://shop.coles.com.au/wcsstore/Coles-CAS/images/4/2/4/4240607-th.jpg",
    "categories": ["health-beauty"],
    "tags": ["first-aid", "bandages-strapping"],
    "locations": {
      "vic": {
        "price": 3,
        "promoText": " ",
        "packageSize": "50 pack",
        "packagePrice": "$0.06 per 1Ea"
      }
    }
  },
  {
    "id": "coles-kinesiology-tape-50mmx6m",
    "brand": "Coles",
    "name": "Kinesiology Sports Tape 50mmx6m",
    "imageUrl": "https://shop.coles.com.au/wcsstore/Coles-CAS/images/3/3/8/3382923-th.jpg",
    "categories": ["health-beauty"],
    "tags": ["first-aid", "bandages-strapping"],
    "locations": {
      "vic": {
        "price": 8,
        "promoText": " ",
        "packageSize": "",
        "packagePrice": "$8.00 per 1Ea"
      }
    }
  },
  {
    "id": "nicorette-icy-mint-gum-3627907p",
    "brand": "Nicorette",
    "name": "Icy Mint Gum 2mg",
    "imageUrl": "https://shop.coles.com.au/wcsstore/Coles-CAS/images/3/6/2/3627907-th.jpg",
    "categories": ["health-beauty"],
    "tags": ["first-aid", "bandages-strapping"],
    "locations": {
      "vic": {
        "price": 12,
        "promoText": "$3.00 ",
        "packageSize": "25 pack",
        "packagePrice": "$0.48 per 1Ea"
      }
    }
  },
  {
    "id": "band-aid-tough-strips-xl-fabric",
    "brand": "Band Aid",
    "name": "XL Fabric Tough Strips",
    "imageUrl": "https://shop.coles.com.au/wcsstore/Coles-CAS/images/4/4/9/4497057-th.jpg",
    "categories": ["health-beauty"],
    "tags": ["first-aid", "bandages-strapping"],
    "locations": {
      "vic": {
        "price": 3,
        "promoText": " ",
        "packageSize": "10 pack",
        "packagePrice": "$0.30 per 1Ea"
      }
    }
  },
  {
    "id": "band-aid-blister-block-adhesive-dressing-regular",
    "brand": "Band-Aid",
    "name": "Blister Block Regular Adhesive Dressing",
    "imageUrl": "https://shop.coles.com.au/wcsstore/Coles-CAS/images/7/9/5/7958983-th.jpg",
    "categories": ["health-beauty"],
    "tags": ["first-aid", "bandages-strapping"],
    "locations": {
      "vic": {
        "price": 7,
        "promoText": " ",
        "packageSize": "4 pack",
        "packagePrice": "$1.75 per 1Ea"
      }
    }
  },
  {
    "id": "coles-medistrips-plastic-7670726p",
    "brand": "Coles",
    "name": "Plastic Medistrips",
    "imageUrl": "https://shop.coles.com.au/wcsstore/Coles-CAS/images/7/6/7/7670726-th.jpg",
    "categories": ["health-beauty"],
    "tags": ["first-aid", "bandages-strapping"],
    "locations": {
      "vic": {
        "price": 2.2,
        "promoText": " ",
        "packageSize": "100 pack",
        "packagePrice": "$0.02 per 1Ea"
      }
    }
  },
  {
    "id": "coles-medistrips-plastic-waterproof",
    "brand": "Coles",
    "name": "Waterproof Medistrips",
    "imageUrl": "https://shop.coles.com.au/wcsstore/Coles-CAS/images/4/2/4/4240618-th.jpg",
    "categories": ["health-beauty"],
    "tags": ["first-aid", "bandages-strapping"],
    "locations": {
      "vic": {
        "price": 2.15,
        "promoText": " ",
        "packageSize": "20 pack",
        "packagePrice": "$0.11 per 1Ea"
      }
    }
  },
  {
    "id": "coles-fabric-medistrips",
    "brand": "Coles",
    "name": "Fabric Medistrips",
    "imageUrl": "https://shop.coles.com.au/wcsstore/Coles-CAS/images/2/1/1/2110859-th.jpg",
    "categories": ["health-beauty"],
    "tags": ["first-aid", "bandages-strapping"],
    "locations": {
      "vic": {
        "price": 3,
        "promoText": " ",
        "packageSize": "50 pack",
        "packagePrice": "$0.06 per 1Ea"
      }
    }
  },
  {
    "id": "coles-childrens-medistrips",
    "brand": "Coles",
    "name": "Kids MediStrips",
    "imageUrl": "https://shop.coles.com.au/wcsstore/Coles-CAS/images/2/8/4/2845980-th.jpg",
    "categories": ["health-beauty"],
    "tags": ["first-aid", "bandages-strapping"],
    "locations": {
      "vic": {
        "price": 1.6,
        "promoText": " ",
        "packageSize": "20 pack",
        "packagePrice": "$0.08 per 1Ea"
      }
    }
  },
  {
    "id": "coles-sport-strapping-tape-38mm",
    "brand": "Coles",
    "name": "Sports Strapping Tape 38mm x 10m",
    "imageUrl": "https://shop.coles.com.au/wcsstore/Coles-CAS/images/2/8/4/2845979-th.jpg",
    "categories": ["health-beauty"],
    "tags": ["first-aid", "bandages-strapping"],
    "locations": {
      "vic": {
        "price": 7,
        "promoText": " ",
        "packageSize": "1 pack",
        "packagePrice": "$7.00 per 1Ea"
      }
    }
  },
  {
    "id": "compeed-total-care-cold-sore-patch",
    "brand": "Compeed",
    "name": "Total Care Cold Sore Patch",
    "imageUrl": "https://shop.coles.com.au/wcsstore/Coles-CAS/images/9/1/2/9128921-th.jpg",
    "categories": ["health-beauty"],
    "tags": ["first-aid", "bandages-strapping"],
    "locations": {
      "vic": {
        "price": 12.5,
        "promoText": "$3.50 ",
        "packageSize": "",
        "packagePrice": "$0.83 per 1Ea"
      }
    }
  },
  {
    "id": "d3-kinesiology-tape-60m-x-50mm-1-pack",
    "brand": "D3",
    "name": "Kinesiology Tape 6.0m X 50mm",
    "imageUrl": "https://shop.coles.com.au/wcsstore/Coles-CAS/images/2/8/6/2864678-th.jpg",
    "categories": ["health-beauty"],
    "tags": ["first-aid", "bandages-strapping"],
    "locations": {
      "vic": {
        "price": 10,
        "promoText": " ",
        "packageSize": "1 pack",
        "packagePrice": "$10.00 per 1Ea"
      }
    }
  },
  {
    "id": "elastoplast-strips-non-stick-pads",
    "brand": "Elastoplast",
    "name": "Non Stick Pads",
    "imageUrl": "https://shop.coles.com.au/wcsstore/Coles-CAS/images/7/9/6/7960544-th.jpg",
    "categories": ["health-beauty"],
    "tags": ["first-aid", "bandages-strapping"],
    "locations": {
      "vic": {
        "price": 6,
        "promoText": " ",
        "packageSize": "5 pack",
        "packagePrice": "$1.20 per 1Ea"
      }
    }
  },
  {
    "id": "elastoplast-support-ankle",
    "brand": "Elastoplast",
    "name": "Ankle Support",
    "imageUrl": "https://shop.coles.com.au/wcsstore/Coles-CAS/images/9/7/3/9739390-th.jpg",
    "categories": ["health-beauty"],
    "tags": ["first-aid", "bandages-strapping"],
    "locations": {
      "vic": {
        "price": 15,
        "promoText": " ",
        "packageSize": "",
        "packagePrice": "$15.00 per 1Ea"
      }
    }
  },
  {
    "id": "elastoplast-support-wrist",
    "brand": "Elastoplast",
    "name": "Wrist Support",
    "imageUrl": "https://shop.coles.com.au/wcsstore/Coles-CAS/images/9/7/3/9739379-th.jpg",
    "categories": ["health-beauty"],
    "tags": ["first-aid", "bandages-strapping"],
    "locations": {
      "vic": {
        "price": 15,
        "promoText": " ",
        "packageSize": "",
        "packagePrice": "$15.00 per 1Ea"
      }
    }
  },
  {
    "id": "elastoplast-support-knee",
    "brand": "Elastoplast",
    "name": "Knee Support",
    "imageUrl": "https://shop.coles.com.au/wcsstore/Coles-CAS/images/9/7/3/9739335-th.jpg",
    "categories": ["health-beauty"],
    "tags": ["first-aid", "bandages-strapping"],
    "locations": {
      "vic": {
        "price": 20,
        "promoText": " ",
        "packageSize": "",
        "packagePrice": "$20.00 per 1Ea"
      }
    }
  },
  {
    "id": "elastoplast-sensitive-dressing-6cmx10cm",
    "brand": "Elastoplast",
    "name": "Sensitive Dressing 6cm X 10cm",
    "imageUrl": "https://shop.coles.com.au/wcsstore/Coles-CAS/images/8/6/8/8685810-th.jpg",
    "categories": ["health-beauty"],
    "tags": ["first-aid", "bandages-strapping"],
    "locations": {
      "vic": {
        "price": 5,
        "promoText": " ",
        "packageSize": "10 pack",
        "packagePrice": "$0.50 per 1Ea"
      }
    }
  },
  {
    "id": "elastoplast-hypoallergenic-spots",
    "brand": "Elastoplast",
    "name": "Hypoallergenic Transparent Spots",
    "imageUrl": "https://shop.coles.com.au/wcsstore/Coles-CAS/images/1/2/1/1218260-th.jpg",
    "categories": ["health-beauty"],
    "tags": ["first-aid", "bandages-strapping"],
    "locations": {
      "vic": {
        "price": 3.8,
        "promoText": " ",
        "packageSize": "24 pack",
        "packagePrice": "$0.16 per 1Ea"
      }
    }
  },
  {
    "id": "elastoplast-dressg-antibac-waterp-xl",
    "brand": "Elastoplast",
    "name": "Antibacterial Waterproof Dressings XL",
    "imageUrl": "https://shop.coles.com.au/wcsstore/Coles-CAS/images/3/4/1/3411420-th.jpg",
    "categories": ["health-beauty"],
    "tags": ["first-aid", "bandages-strapping"],
    "locations": {
      "vic": {
        "price": 10,
        "promoText": " ",
        "packageSize": "5 pack",
        "packagePrice": "$2.00 per 1Ea"
      }
    }
  },
  {
    "id": "nicorette-icy-mint-gum-4mg-3627918p",
    "brand": "Nicorette",
    "name": "Icy Mint Gum 4mg",
    "imageUrl": "https://shop.coles.com.au/wcsstore/Coles-CAS/images/3/6/2/3627918-th.jpg",
    "categories": ["health-beauty"],
    "tags": ["first-aid", "bandages-strapping"],
    "locations": {
      "vic": {
        "price": 12,
        "promoText": "$3.00 ",
        "packageSize": "25 pack",
        "packagePrice": "$0.48 per 1Ea"
      }
    }
  },
  {
    "id": "st-john-first-aid-kit-80-piece",
    "brand": "St Johns",
    "name": "First Aid Kit 80 piece",
    "imageUrl": "https://shop.coles.com.au/wcsstore/Coles-CAS/images/8/1/5/8154450-th.jpg",
    "categories": ["health-beauty"],
    "tags": ["first-aid", "bandages-strapping"],
    "locations": {
      "vic": {
        "price": 20,
        "promoText": " ",
        "packageSize": "1 pack",
        "packagePrice": "$20.00 per 1Ea"
      }
    }
  },
  {
    "id": "band-aid-plastic-strips-adhesive-dressing-136545p",
    "brand": "Band-Aid",
    "name": "Adhesive Plastic Strips",
    "imageUrl": "https://shop.coles.com.au/wcsstore/Coles-CAS/images/1/3/6/136545-th.jpg",
    "categories": ["health-beauty"],
    "tags": ["first-aid", "bandaids"],
    "locations": {
      "vic": {
        "price": 7,
        "promoText": "Was $8.00 on Apr 2020 ",
        "packageSize": "100 pack",
        "packagePrice": "$0.07 per 1Ea"
      }
    }
  },
  {
    "id": "elastoplast-plastic-strips",
    "brand": "Elastoplast",
    "name": "Plastic Strips",
    "imageUrl": "https://shop.coles.com.au/wcsstore/Coles-CAS/images/9/7/3/9739561-th.jpg",
    "categories": ["health-beauty"],
    "tags": ["first-aid", "bandaids"],
    "locations": {
      "vic": {
        "price": 3,
        "promoText": " ",
        "packageSize": "40 pack",
        "packagePrice": "$0.08 per 1Ea"
      }
    }
  },
  {
    "id": "scholl-gel-protector-toe-finger",
    "brand": "Scholl",
    "name": "Gel Protector Toe & Finger",
    "imageUrl": "https://shop.coles.com.au/wcsstore/Coles-CAS/images/1/2/1/1216140-th.jpg",
    "categories": ["health-beauty"],
    "tags": ["first-aid", "bandaids"],
    "locations": {
      "vic": {
        "price": 13,
        "promoText": " ",
        "packageSize": "1 pack",
        "packagePrice": "$13.00 per 1Ea"
      }
    }
  },
  {
    "id": "voltaren-emulgel",
    "brand": "Voltaren",
    "name": "Emulgel Muscle and Back Pain Relief",
    "imageUrl": "https://shop.coles.com.au/wcsstore/Coles-CAS/images/6/4/3/6432573-th.jpg",
    "categories": ["health-beauty"],
    "tags": ["first-aid", "sports-first-aid"],
    "locations": {
      "vic": {
        "price": 17,
        "promoText": "$3.50 ",
        "packageSize": "100g",
        "packagePrice": "$17.00 per 100G"
      }
    }
  },
  {
    "id": "deep-heat-heat-rub",
    "brand": "Deep Heat",
    "name": "Heat Rub",
    "imageUrl": "https://shop.coles.com.au/wcsstore/Coles-CAS/images/2/2/0/220390-th.jpg",
    "categories": ["health-beauty"],
    "tags": ["first-aid", "sports-first-aid"],
    "locations": {
      "vic": {
        "price": 5.6,
        "promoText": "$1.40 ",
        "packageSize": "100g",
        "packagePrice": "$5.60 per 100G"
      }
    }
  },
  {
    "id": "dencorub-heat-rub-gel-extra-strength",
    "brand": "Dencorub",
    "name": "Extra Strength Heat Rub Gel",
    "imageUrl": "https://shop.coles.com.au/wcsstore/Coles-CAS/images/5/1/6/5160183-th.jpg",
    "categories": ["health-beauty"],
    "tags": ["first-aid", "sports-first-aid"],
    "locations": {
      "vic": {
        "price": 6,
        "promoText": " ",
        "packageSize": "100g",
        "packagePrice": "$6.00 per 100G"
      }
    }
  },
  {
    "id": "coles-heat-pack-silicone-bead",
    "brand": "Coles",
    "name": "Heat Pack Silicone Bead",
    "imageUrl": "https://shop.coles.com.au/wcsstore/Coles-CAS/images/3/5/4/3540140-th.jpg",
    "categories": ["health-beauty"],
    "tags": ["first-aid", "sports-first-aid"],
    "locations": {
      "vic": {
        "price": 14,
        "promoText": " ",
        "packageSize": "",
        "packagePrice": "$14.00 per 1Ea"
      }
    }
  },
  {
    "id": "d3-rigid-strapping-tape-2864281p",
    "brand": "D3",
    "name": "Rigid Strapping Tape",
    "imageUrl": "https://shop.coles.com.au/wcsstore/Coles-CAS/images/2/8/6/2864281-th.jpg",
    "categories": ["health-beauty"],
    "tags": ["first-aid", "sports-first-aid"],
    "locations": {
      "vic": {
        "price": 10,
        "promoText": " ",
        "packageSize": "1 pack",
        "packagePrice": "$10.00 per 1Ea"
      }
    }
  },
  {
    "id": "deep-heat-arthritis-cream",
    "brand": "Deep Heat",
    "name": "Arthritis Cream",
    "imageUrl": "https://shop.coles.com.au/wcsstore/Coles-CAS/images/7/4/8/7489995-th.jpg",
    "categories": ["health-beauty"],
    "tags": ["first-aid", "sports-first-aid"],
    "locations": {
      "vic": {
        "price": 5.7,
        "promoText": " ",
        "packageSize": "100g",
        "packagePrice": "$5.70 per 100G"
      }
    }
  },
  {
    "id": "deep-heat-back-patches",
    "brand": "Deep Heat",
    "name": "Odourless Back Patches Extra Large",
    "imageUrl": "https://shop.coles.com.au/wcsstore/Coles-CAS/images/7/4/8/7488121-th.jpg",
    "categories": ["health-beauty"],
    "tags": ["first-aid", "sports-first-aid"],
    "locations": {
      "vic": {
        "price": 9,
        "promoText": " ",
        "packageSize": "2 pack",
        "packagePrice": "$4.50 per 1Ea"
      }
    }
  },
  {
    "id": "deep-heat-low-odour-pain-relief-cream",
    "brand": "Deep Heat",
    "name": "Low Odour Pain Relief Cream",
    "imageUrl": "https://shop.coles.com.au/wcsstore/Coles-CAS/images/2/3/9/2392331-th.jpg",
    "categories": ["health-beauty"],
    "tags": ["first-aid", "sports-first-aid"],
    "locations": {
      "vic": {
        "price": 5.6,
        "promoText": "$1.40 ",
        "packageSize": "100g",
        "packagePrice": "$5.60 per 100G"
      }
    }
  },
  {
    "id": "decorub-heat-patch-pain-relief-8152760p",
    "brand": "Dencorub",
    "name": "Self Adhesive Medicated Pain Relieving Heat Patches",
    "imageUrl": "https://shop.coles.com.au/wcsstore/Coles-CAS/images/8/1/5/8152760-th.jpg",
    "categories": ["health-beauty"],
    "tags": ["first-aid", "sports-first-aid"],
    "locations": {
      "vic": {
        "price": 10,
        "promoText": " ",
        "packageSize": "3 pack",
        "packagePrice": "$3.33 per 1Ea"
      }
    }
  },
  {
    "id": "fisiocrem-",
    "brand": "Fisiocrem",
    "name": "Solugel",
    "imageUrl": "https://shop.coles.com.au/wcsstore/Coles-CAS/images/3/4/3/3432624-th.jpg",
    "categories": ["health-beauty"],
    "tags": ["first-aid", "sports-first-aid"],
    "locations": {
      "vic": {
        "price": 22,
        "promoText": " ",
        "packageSize": "120g",
        "packagePrice": "$18.33 per 100G"
      }
    }
  },
  {
    "id": "fisiocrem-250g",
    "brand": "Fisiocrem",
    "name": "250g",
    "imageUrl": "https://shop.coles.com.au/wcsstore/ColesResponsiveStorefrontAssetStore/dist/ccfc54aed6e361b650bcf0582f7b576b/img/img_product-placeholder.png",
    "categories": ["health-beauty"],
    "tags": ["first-aid", "sports-first-aid"],
    "locations": {
      "vic": {
        "price": 35,
        "promoText": " ",
        "packageSize": "250g",
        "packagePrice": "$14.00 per 100G"
      }
    }
  },
  {
    "id": "mentholatum-ice-gel",
    "brand": "Mentholatum",
    "name": "Ice Gel",
    "imageUrl": "https://shop.coles.com.au/wcsstore/Coles-CAS/images/5/6/9/5694450-th.jpg",
    "categories": ["health-beauty"],
    "tags": ["first-aid", "sports-first-aid"],
    "locations": {
      "vic": {
        "price": 4.95,
        "promoText": " ",
        "packageSize": "100g",
        "packagePrice": "$4.95 per 100G"
      }
    }
  },
  {
    "id": "tiger-balm-balm-extra-strength-red",
    "brand": "Tiger Balm",
    "name": "Extra Strength Red Balm",
    "imageUrl": "https://shop.coles.com.au/wcsstore/Coles-CAS/images/5/4/0/5400298-th.jpg",
    "categories": ["health-beauty"],
    "tags": ["first-aid", "sports-first-aid"],
    "locations": {
      "vic": {
        "price": 8.3,
        "promoText": " ",
        "packageSize": "18g",
        "packagePrice": "$46.11 per 100G"
      }
    }
  },
  {
    "id": "voltaren-emulgel-9683252p",
    "brand": "Voltaren",
    "name": "Emulgel Muscle and Back Pain Relief",
    "imageUrl": "https://shop.coles.com.au/wcsstore/Coles-CAS/images/9/6/8/9683252-th.jpg",
    "categories": ["health-beauty"],
    "tags": ["first-aid", "sports-first-aid"],
    "locations": {
      "vic": {
        "price": 14.5,
        "promoText": " ",
        "packageSize": "50g",
        "packagePrice": "$29.00 per 100G"
      }
    }
  },
  {
    "id": "just-for-men-hair-colour-light-brown",
    "brand": "Just For Men",
    "name": "Light Brown Hair Colour",
    "imageUrl": "https://shop.coles.com.au/wcsstore/Coles-CAS/images/5/7/5/5759771-th.jpg",
    "categories": ["health-beauty"],
    "tags": ["hair-care", "colouring"],
    "locations": {
      "vic": {
        "price": 13.5,
        "promoText": " ",
        "packageSize": "100g",
        "packagePrice": "$13.50 per 100G"
      }
    }
  },
  {
    "id": "just-for-men-hair-colour-brown-black",
    "brand": "Just For Men",
    "name": "Brown Black Hair Colour",
    "imageUrl": "https://shop.coles.com.au/wcsstore/Coles-CAS/images/5/3/3/5338795-th.jpg",
    "categories": ["health-beauty"],
    "tags": ["hair-care", "colouring"],
    "locations": {
      "vic": {
        "price": 13.5,
        "promoText": " ",
        "packageSize": "100g",
        "packagePrice": "$13.50 per 100G"
      }
    }
  },
  {
    "id": "dove-hair-therapy-daily-moisture-conditioner",
    "brand": "Dove",
    "name": "Hair Therapy Daily Moisture Conditioner",
    "imageUrl": "https://shop.coles.com.au/wcsstore/Coles-CAS/images/2/1/0/2103423-th.jpg",
    "categories": ["health-beauty"],
    "tags": ["hair-care", "conditioner"],
    "locations": {
      "vic": {
        "price": 11.9,
        "promoText": " ",
        "packageSize": "640mL",
        "packagePrice": "$1.86 per 100mL"
      }
    }
  },
  {
    "id": "pantene-3-minute-miracle-daily-moisture-renewal-conditioner",
    "brand": "Pantene",
    "name": "3 Minute Miracle Daily Moisture Renewal Conditioner",
    "imageUrl": "https://shop.coles.com.au/wcsstore/Coles-CAS/images/2/6/7/2670467-th.jpg",
    "categories": ["health-beauty"],
    "tags": ["hair-care", "conditioner"],
    "locations": {
      "vic": {
        "price": 4.5,
        "promoText": "Was $8.00 on Jun 2020 ",
        "packageSize": "180mL",
        "packagePrice": "$2.50 per 100mL"
      }
    }
  },
  {
    "id": "herbal-essences-argan-oil-of-marocco-bio-renew-conditioner",
    "brand": "Herbal Essences",
    "name": "Bio Renew Conditioner Morocco Argan Oil",
    "imageUrl": "https://shop.coles.com.au/wcsstore/Coles-CAS/images/3/0/0/3004937-th.jpg",
    "categories": ["health-beauty"],
    "tags": ["hair-care", "conditioner"],
    "locations": {
      "vic": {
        "price": 11,
        "promoText": " ",
        "packageSize": "400mL",
        "packagePrice": "$2.75 per 100mL"
      }
    }
  },
  {
    "id": "palmolive-naturals-active-nourishment-conditioner",
    "brand": "Palmolive",
    "name": "Naturals Active Nourishment Conditioner",
    "imageUrl": "https://shop.coles.com.au/wcsstore/Coles-CAS/images/5/8/9/5890947-th.jpg",
    "categories": ["health-beauty"],
    "tags": ["hair-care", "conditioner"],
    "locations": {
      "vic": {
        "price": 3.9,
        "promoText": " ",
        "packageSize": "700mL",
        "packagePrice": "$0.56 per 100mL"
      }
    }
  },
  {
    "id": "sukin-hydrating-conditioner",
    "brand": "Sukin",
    "name": "Hydrating Conditioner",
    "imageUrl": "https://shop.coles.com.au/wcsstore/Coles-CAS/images/2/9/9/2994152-th.jpg",
    "categories": ["health-beauty"],
    "tags": ["hair-care", "conditioner"],
    "locations": {
      "vic": {
        "price": 18,
        "promoText": " ",
        "packageSize": "500mL",
        "packagePrice": "$3.60 per 100mL"
      }
    }
  },
  {
    "id": "organic-care-normal-balance-conditioner",
    "brand": "Organic Care",
    "name": "Normal Balance Conditioner",
    "imageUrl": "https://shop.coles.com.au/wcsstore/Coles-CAS/images/6/8/4/6849122-th.jpg",
    "categories": ["health-beauty"],
    "tags": ["hair-care", "conditioner"],
    "locations": {
      "vic": {
        "price": 3.5,
        "promoText": " ",
        "packageSize": "400mL",
        "packagePrice": "$0.88 per 100mL"
      }
    }
  },
  {
    "id": "garnier-fructis-conditioner-normal-3303359p",
    "brand": "Garnier",
    "name": "Fructis Normal Conditioner",
    "imageUrl": "https://shop.coles.com.au/wcsstore/Coles-CAS/images/3/3/0/3303359-th.jpg",
    "categories": ["health-beauty"],
    "tags": ["hair-care", "conditioner"],
    "locations": {
      "vic": {
        "price": 7.5,
        "promoText": "$7.50 ",
        "packageSize": "850mL",
        "packagePrice": "$0.88 per 100mL"
      }
    }
  },
  {
    "id": "garnier-fructis-conditioner-coconut-water-3302764p",
    "brand": "Garnier",
    "name": "Fructis Coconut Water Conditioner",
    "imageUrl": "https://shop.coles.com.au/wcsstore/Coles-CAS/images/3/3/0/3302764-th.jpg",
    "categories": ["health-beauty"],
    "tags": ["hair-care", "conditioner"],
    "locations": {
      "vic": {
        "price": 3.5,
        "promoText": "$3.50 ",
        "packageSize": "315mL",
        "packagePrice": "$1.11 per 100mL"
      }
    }
  },
  {
    "id": "head-shoulders-supreme-conditioner-moisture-3164081p",
    "brand": "Head & Shoulders",
    "name": "Supreme Moisture Conditioner",
    "imageUrl": "https://shop.coles.com.au/wcsstore/Coles-CAS/images/3/1/6/3164081-th.jpg",
    "categories": ["health-beauty"],
    "tags": ["hair-care", "conditioner"],
    "locations": {
      "vic": {
        "price": 15,
        "promoText": " ",
        "packageSize": "400mL",
        "packagePrice": "$3.75 per 100mL"
      }
    }
  },
  {
    "id": "herbal-essences-hello-hydration-conditioner",
    "brand": "Herbal Essences",
    "name": "Hello Hydration Conditioner",
    "imageUrl": "https://shop.coles.com.au/wcsstore/Coles-CAS/images/5/8/9/5891757-th.jpg",
    "categories": ["health-beauty"],
    "tags": ["hair-care", "conditioner"],
    "locations": {
      "vic": {
        "price": 5.5,
        "promoText": " ",
        "packageSize": "300mL",
        "packagePrice": "$1.83 per 100mL"
      }
    }
  },
  {
    "id": "organic-care-conditioner-normal-balance-conditioner",
    "brand": "Organic Care",
    "name": "Normal Balance Conditioner",
    "imageUrl": "https://shop.coles.com.au/wcsstore/Coles-CAS/images/2/6/7/2679122-th.jpg",
    "categories": ["health-beauty"],
    "tags": ["hair-care", "conditioner"],
    "locations": {
      "vic": {
        "price": 6,
        "promoText": " ",
        "packageSize": "725mL",
        "packagePrice": "$0.83 per 100mL"
      }
    }
  },
  {
    "id": "palmolive-naturals-conditioner-intensive-moisture-5889755p",
    "brand": "Palmolive",
    "name": "Naturals Intensive Moisture Conditioner",
    "imageUrl": "https://shop.coles.com.au/wcsstore/Coles-CAS/images/5/8/8/5889755-th.jpg",
    "categories": ["health-beauty"],
    "tags": ["hair-care", "conditioner"],
    "locations": {
      "vic": {
        "price": 4.5,
        "promoText": "Was $5.00 on Apr 2018 ",
        "packageSize": "350ml",
        "packagePrice": "$1.29 per 100mL"
      }
    }
  },
  {
    "id": "sukin-conditioner-natural-balance",
    "brand": "Sukin",
    "name": "Natural Balance Conditioner",
    "imageUrl": "https://shop.coles.com.au/wcsstore/Coles-CAS/images/3/1/5/3154973-th.jpg",
    "categories": ["health-beauty"],
    "tags": ["hair-care", "conditioner"],
    "locations": {
      "vic": {
        "price": 28,
        "promoText": " ",
        "packageSize": "1L",
        "packagePrice": "$2.80 per 100mL"
      }
    }
  },
  {
    "id": "tresemme-conditioner-keratin-smooth-3611860p",
    "brand": "Tresemme",
    "name": "Keratin Smooth Conditioner",
    "imageUrl": "https://shop.coles.com.au/wcsstore/Coles-CAS/images/3/6/1/3611860-th.jpg",
    "categories": ["health-beauty"],
    "tags": ["hair-care", "conditioner"],
    "locations": {
      "vic": {
        "price": 13,
        "promoText": " ",
        "packageSize": "675mL",
        "packagePrice": "$1.93 per 100mL"
      }
    }
  },
  {
    "id": "dove-hair-therapy-daily-moisture-conditioner-2103398p",
    "brand": "Dove",
    "name": "Nutritive Solutions Daily Moisture Conditioner",
    "imageUrl": "https://shop.coles.com.au/wcsstore/Coles-CAS/images/2/1/0/2103398-th.jpg",
    "categories": ["health-beauty"],
    "tags": ["hair-care", "conditioner"],
    "locations": {
      "vic": {
        "price": 6.9,
        "promoText": " ",
        "packageSize": "320mL",
        "packagePrice": "$2.16 per 100mL"
      }
    }
  },
  {
    "id": "natures-organics-normal-hair-apple-fresh-conditioner",
    "brand": "Nature's Organics",
    "name": "Normal Hair Apple Fresh Conditioner",
    "imageUrl": "https://shop.coles.com.au/wcsstore/Coles-CAS/images/5/8/5/5859357-th.jpg",
    "categories": ["health-beauty"],
    "tags": ["hair-care", "conditioner"],
    "locations": {
      "vic": {
        "price": 1.9,
        "promoText": " ",
        "packageSize": "500mL",
        "packagePrice": "$0.38 per 100mL"
      }
    }
  },
  {
    "id": "ogx--quenching-coconut-curls-conditioner",
    "brand": "Ogx",
    "name": "Quenching Coconut Curls Conditioner",
    "imageUrl": "https://shop.coles.com.au/wcsstore/Coles-CAS/images/2/6/7/2676179-th.jpg",
    "categories": ["health-beauty"],
    "tags": ["hair-care", "conditioner"],
    "locations": {
      "vic": {
        "price": 10,
        "promoText": "$10.00 ",
        "packageSize": "385mL",
        "packagePrice": "$2.60 per 100mL"
      }
    }
  },
  {
    "id": "pantene-3-minute-miracle-repair-protect-conditioner",
    "brand": "Pantene",
    "name": "3 Minute Miracle Repair & Protect Conditioner",
    "imageUrl": "https://shop.coles.com.au/wcsstore/Coles-CAS/images/2/6/6/2663916-th.jpg",
    "categories": ["health-beauty"],
    "tags": ["hair-care", "conditioner"],
    "locations": {
      "vic": {
        "price": 4.5,
        "promoText": "Was $8.00 on Jun 2020 ",
        "packageSize": "180mL",
        "packagePrice": "$2.50 per 100mL"
      }
    }
  },
  {
    "id": "schwarzkopf-extra-care-hair-conditioner-liquid-silk",
    "brand": "Schwarzkopf",
    "name": "Extra Care Ultimate Hair Repair Conditioner",
    "imageUrl": "https://shop.coles.com.au/wcsstore/Coles-CAS/images/8/1/4/8143012-th.jpg",
    "categories": ["health-beauty"],
    "tags": ["hair-care", "conditioner"],
    "locations": {
      "vic": {
        "price": 3.45,
        "promoText": "$3.45 ",
        "packageSize": "400mL",
        "packagePrice": "$0.86 per 100mL"
      }
    }
  },
  {
    "id": "sukin-natural-balance-conditioner",
    "brand": "Sukin",
    "name": "Natural Balance Conditioner",
    "imageUrl": "https://shop.coles.com.au/wcsstore/Coles-CAS/images/2/9/9/2994130-th.jpg",
    "categories": ["health-beauty"],
    "tags": ["hair-care", "conditioner"],
    "locations": {
      "vic": {
        "price": 18,
        "promoText": " ",
        "packageSize": "500mL",
        "packagePrice": "$3.60 per 100mL"
      }
    }
  },
  {
    "id": "sukin-conditioner-hydrating",
    "brand": "Sukin",
    "name": "Hydrating Conditioner",
    "imageUrl": "https://shop.coles.com.au/wcsstore/Coles-CAS/images/3/1/5/3154984-th.jpg",
    "categories": ["health-beauty"],
    "tags": ["hair-care", "conditioner"],
    "locations": {
      "vic": {
        "price": 28,
        "promoText": " ",
        "packageSize": "1L",
        "packagePrice": "$2.80 per 100mL"
      }
    }
  },
  {
    "id": "sunsilk-conditioner-longer-stronger",
    "brand": "Sunsilk",
    "name": "Longer & Stronger Conditioner",
    "imageUrl": "https://shop.coles.com.au/wcsstore/Coles-CAS/images/9/9/7/9971870-th.jpg",
    "categories": ["health-beauty"],
    "tags": ["hair-care", "conditioner"],
    "locations": {
      "vic": {
        "price": 10,
        "promoText": " ",
        "packageSize": "700mL",
        "packagePrice": "$1.43 per 100mL"
      }
    }
  },
  {
    "id": "tresemme-conditioner-repair-7-with-biotin",
    "brand": "Tresemme",
    "name": "Repair and 7 Protect Conditioner",
    "imageUrl": "https://shop.coles.com.au/wcsstore/Coles-CAS/images/3/4/2/3422052-th.jpg",
    "categories": ["health-beauty"],
    "tags": ["hair-care", "conditioner"],
    "locations": {
      "vic": {
        "price": 9,
        "promoText": " ",
        "packageSize": "350mL",
        "packagePrice": "$2.57 per 100mL"
      }
    }
  },
  {
    "id": "garnier-fructis-conditioner-colour-last-3303042p",
    "brand": "Garnier",
    "name": "Fructis Colour Last Conditioner",
    "imageUrl": "https://shop.coles.com.au/wcsstore/Coles-CAS/images/3/3/0/3303042-th.jpg",
    "categories": ["health-beauty"],
    "tags": ["hair-care", "conditioner"],
    "locations": {
      "vic": {
        "price": 3.5,
        "promoText": "$3.50 ",
        "packageSize": "315mL",
        "packagePrice": "$1.11 per 100mL"
      }
    }
  },
  {
    "id": "hask-monoi-coconut-conditioner",
    "brand": "Hask",
    "name": "Monoi Coconut Conditioner",
    "imageUrl": "https://shop.coles.com.au/wcsstore/Coles-CAS/images/2/9/4/2940426-th.jpg",
    "categories": ["health-beauty"],
    "tags": ["hair-care", "conditioner"],
    "locations": {
      "vic": {
        "price": 7.5,
        "promoText": "$7.50 ",
        "packageSize": "355mL",
        "packagePrice": "$2.11 per 100mL"
      }
    }
  },
  {
    "id": "hask-argan-conditioner",
    "brand": "Hask",
    "name": "Argan Oil Conditioner",
    "imageUrl": "https://shop.coles.com.au/wcsstore/Coles-CAS/images/2/9/4/2940299-th.jpg",
    "categories": ["health-beauty"],
    "tags": ["hair-care", "conditioner"],
    "locations": {
      "vic": {
        "price": 7.5,
        "promoText": "$7.50 ",
        "packageSize": "355mL",
        "packagePrice": "$2.11 per 100mL"
      }
    }
  },
  {
    "id": "head-shoulders-conditioner-anti-dandruff-clean-balanced",
    "brand": "Head & Shoulders",
    "name": "Clean & Balanced Anti-Dandruff Conditioner",
    "imageUrl": "https://shop.coles.com.au/wcsstore/Coles-CAS/images/6/0/9/6094889-th.jpg",
    "categories": ["health-beauty"],
    "tags": ["hair-care", "conditioner"],
    "locations": {
      "vic": {
        "price": 11,
        "promoText": " ",
        "packageSize": "400mL",
        "packagePrice": "$2.75 per 100mL"
      }
    }
  },
  {
    "id": "head-shoulders-conditioner-anti-dandruff-smooth-silky",
    "brand": "Head & Shoulders",
    "name": "Smooth & Silky Anti-Dandruff Conditioner",
    "imageUrl": "https://shop.coles.com.au/wcsstore/Coles-CAS/images/4/7/1/4714202-th.jpg",
    "categories": ["health-beauty"],
    "tags": ["hair-care", "conditioner"],
    "locations": {
      "vic": {
        "price": 11,
        "promoText": " ",
        "packageSize": "400mL",
        "packagePrice": "$2.75 per 100mL"
      }
    }
  },
  {
    "id": "head-shoulders-conditioner-anti-dandruff-dry-scalp-care",
    "brand": "Head & Shoulders",
    "name": "Dry Scalp Care Anti-Dandruff Conditioner",
    "imageUrl": "https://shop.coles.com.au/wcsstore/Coles-CAS/images/4/7/1/4714188-th.jpg",
    "categories": ["health-beauty"],
    "tags": ["hair-care", "conditioner"],
    "locations": {
      "vic": {
        "price": 11,
        "promoText": " ",
        "packageSize": "400mL",
        "packagePrice": "$2.75 per 100mL"
      }
    }
  },
  {
    "id": "herbal-essences-bio-renew-conditioner-coconut-milk",
    "brand": "Herbal Essences",
    "name": "Bio Renew Coconut Milk Conditioner",
    "imageUrl": "https://shop.coles.com.au/wcsstore/Coles-CAS/images/3/0/0/3004915-th.jpg",
    "categories": ["health-beauty"],
    "tags": ["hair-care", "conditioner"],
    "locations": {
      "vic": {
        "price": 11,
        "promoText": " ",
        "packageSize": "400mL",
        "packagePrice": "$2.75 per 100mL"
      }
    }
  },
  {
    "id": "john-frieda-brilliant-brunette-chestnut-espresso-moisturising-conditioner",
    "brand": "John Frieda",
    "name": "Brilliant Brunette Chestnut Espresso Moisturising Conditioner",
    "imageUrl": "https://shop.coles.com.au/wcsstore/Coles-CAS/images/4/7/1/4716343-th.jpg",
    "categories": ["health-beauty"],
    "tags": ["hair-care", "conditioner"],
    "locations": {
      "vic": {
        "price": 11.2,
        "promoText": "$4.80 ",
        "packageSize": "250mL",
        "packagePrice": "$4.48 per 100mL"
      }
    }
  },
  {
    "id": "john-frieda-detox-repair-conditioner",
    "brand": "John Frieda",
    "name": "Detox & Repair Conditioner",
    "imageUrl": "https://shop.coles.com.au/wcsstore/Coles-CAS/images/3/7/3/3731614-th.jpg",
    "categories": ["health-beauty"],
    "tags": ["hair-care", "conditioner"],
    "locations": {
      "vic": {
        "price": 12.6,
        "promoText": "$5.40 ",
        "packageSize": "250mL",
        "packagePrice": "$5.04 per 100mL"
      }
    }
  },
  {
    "id": "loreal-elvive-colour-protect-conditioner-3047929p",
    "brand": "L'Oreal",
    "name": "Colour Protect Elvive Conditioner",
    "imageUrl": "https://shop.coles.com.au/wcsstore/Coles-CAS/images/3/0/4/3047929-th.jpg",
    "categories": ["health-beauty"],
    "tags": ["hair-care", "conditioner"],
    "locations": {
      "vic": {
        "price": 8,
        "promoText": " ",
        "packageSize": "325mL",
        "packagePrice": "$2.46 per 100mL"
      }
    }
  },
  {
    "id": "loreal-elvive-total-repair-conditioner",
    "brand": "L'Oreal",
    "name": "Total Repair Elvive Conditioner",
    "imageUrl": "https://shop.coles.com.au/wcsstore/Coles-CAS/images/3/0/4/3047951-th.jpg",
    "categories": ["health-beauty"],
    "tags": ["hair-care", "conditioner"],
    "locations": {
      "vic": {
        "price": 8,
        "promoText": " ",
        "packageSize": "325mL",
        "packagePrice": "$2.46 per 100mL"
      }
    }
  },
  {
    "id": "organix-moroccan-argan-oil-conditioner",
    "brand": "Ogx",
    "name": "Argan Oil of Morocco Conditioner",
    "imageUrl": "https://shop.coles.com.au/wcsstore/Coles-CAS/images/8/6/3/8632766-th.jpg",
    "categories": ["health-beauty"],
    "tags": ["hair-care", "conditioner"],
    "locations": {
      "vic": {
        "price": 10,
        "promoText": "$10.00 ",
        "packageSize": "385mL",
        "packagePrice": "$2.60 per 100mL"
      }
    }
  },
  {
    "id": "organix-conditioner-brazil-keratine",
    "brand": "Ogx",
    "name": "Brazil Keratine Conditioner",
    "imageUrl": "https://shop.coles.com.au/wcsstore/Coles-CAS/images/8/1/4/8142790-th.jpg",
    "categories": ["health-beauty"],
    "tags": ["hair-care", "conditioner"],
    "locations": {
      "vic": {
        "price": 10,
        "promoText": "$10.00 ",
        "packageSize": "385mL",
        "packagePrice": "$2.60 per 100mL"
      }
    }
  },
  {
    "id": "palmolive-kids-2-in-1-shampoo-conditioner-happy-apple",
    "brand": "Palmolive",
    "name": "Kids 3 In 1 Happy Apple Shampoo Conditioner & Body Wash",
    "imageUrl": "https://shop.coles.com.au/wcsstore/Coles-CAS/images/8/9/6/8966998-th.jpg",
    "categories": ["health-beauty"],
    "tags": ["hair-care", "conditioner"],
    "locations": {
      "vic": {
        "price": 4.5,
        "promoText": "Was $5.00 on Apr 2018 ",
        "packageSize": "350mL",
        "packagePrice": "$1.29 per 100mL"
      }
    }
  },
  {
    "id": "pantene-daily-moisture-reniew-conditioner",
    "brand": "Pantene",
    "name": "Daily Moisture Renewal Conditioner",
    "imageUrl": "https://shop.coles.com.au/wcsstore/Coles-CAS/images/2/2/9/2290579-th.jpg",
    "categories": ["health-beauty"],
    "tags": ["hair-care", "conditioner"],
    "locations": {
      "vic": {
        "price": 0,
        "promoText": " ",
        "packageSize": "900mL",
        "packagePrice": ""
      }
    }
  },
  {
    "id": "pantene-3mm-conditioner-daily-moisture-renewal",
    "brand": "Pantene",
    "name": "3mm Daily Moisture Renewal Conditioner",
    "imageUrl": "https://shop.coles.com.au/wcsstore/Coles-CAS/images/3/1/5/3156753-th.jpg",
    "categories": ["health-beauty"],
    "tags": ["hair-care", "conditioner"],
    "locations": {
      "vic": {
        "price": 0,
        "promoText": " ",
        "packageSize": "400mL",
        "packagePrice": ""
      }
    }
  },
  {
    "id": "pantene-conditioner-micellar-water-aloe-3415920p",
    "brand": "Pantene",
    "name": "Micellar Aloe Vera Gentle Hydrating Conditioner",
    "imageUrl": "https://shop.coles.com.au/wcsstore/Coles-CAS/images/3/4/1/3415920-th.jpg",
    "categories": ["health-beauty"],
    "tags": ["hair-care", "conditioner"],
    "locations": {
      "vic": {
        "price": 18,
        "promoText": " ",
        "packageSize": "530mL",
        "packagePrice": "$3.40 per 100mL"
      }
    }
  },
  {
    "id": "schwarzkopf-conditioner-extra-care-marrakesh",
    "brand": "Schwarzkopf",
    "name": "Extra Care Marrakesh oil And Coconut Conditioner",
    "imageUrl": "https://shop.coles.com.au/wcsstore/Coles-CAS/images/9/1/9/9192862-th.jpg",
    "categories": ["health-beauty"],
    "tags": ["hair-care", "conditioner"],
    "locations": {
      "vic": {
        "price": 3.45,
        "promoText": "$3.45 ",
        "packageSize": "400mL",
        "packagePrice": "$0.86 per 100mL"
      }
    }
  },
  {
    "id": "schwarzkopf-extra-care-conditioner-marrakesh-oil",
    "brand": "Schwarzkopf",
    "name": "Extra Care Conditioner Marrakesh Oil & Coconut",
    "imageUrl": "https://shop.coles.com.au/wcsstore/Coles-CAS/images/3/1/5/3156221-th.jpg",
    "categories": ["health-beauty"],
    "tags": ["hair-care", "conditioner"],
    "locations": {
      "vic": {
        "price": 7,
        "promoText": "$7.00 ",
        "packageSize": "900mL",
        "packagePrice": "$0.78 per 100mL"
      }
    }
  },
  {
    "id": "sunsilk-conditioner-soft-smooth-conditioner",
    "brand": "Sunsilk",
    "name": "Soft & Smooth Conditioner",
    "imageUrl": "https://shop.coles.com.au/wcsstore/Coles-CAS/images/2/6/7/2671867-th.jpg",
    "categories": ["health-beauty"],
    "tags": ["hair-care", "conditioner"],
    "locations": {
      "vic": {
        "price": 5.5,
        "promoText": " ",
        "packageSize": "350mL",
        "packagePrice": "$1.57 per 100mL"
      }
    }
  },
  {
    "id": "toni-guy-conditioner-purple",
    "brand": "Toni & Guy",
    "name": "Purple Conditioner",
    "imageUrl": "https://shop.coles.com.au/wcsstore/Coles-CAS/images/3/1/5/3157712-th.jpg",
    "categories": ["health-beauty"],
    "tags": ["hair-care", "conditioner"],
    "locations": {
      "vic": {
        "price": 16,
        "promoText": "Any 2 $25",
        "packageSize": "250mL",
        "packagePrice": "$6.40 per 100mL"
      }
    }
  },
  {
    "id": "tresemme-botanique-conditioner-thick-full",
    "brand": "Tresemme",
    "name": "Botanique Thick & Full Conditioner",
    "imageUrl": "https://shop.coles.com.au/wcsstore/Coles-CAS/images/3/4/2/3422019-th.jpg",
    "categories": ["health-beauty"],
    "tags": ["hair-care", "conditioner"],
    "locations": {
      "vic": {
        "price": 9,
        "promoText": " ",
        "packageSize": "350mL",
        "packagePrice": "$2.57 per 100mL"
      }
    }
  },
  {
    "id": "tresemme-conditioner-repair-protect",
    "brand": "Tresemme",
    "name": "Repair & Protect Conditioner",
    "imageUrl": "https://shop.coles.com.au/wcsstore/Coles-CAS/images/3/6/1/3611871-th.jpg",
    "categories": ["health-beauty"],
    "tags": ["hair-care", "conditioner"],
    "locations": {
      "vic": {
        "price": 13,
        "promoText": " ",
        "packageSize": "675mL",
        "packagePrice": "$1.93 per 100mL"
      }
    }
  },
  {
    "id": "dove-hair-therapy-intensive-repair-conditioner-2103365p",
    "brand": "Dove",
    "name": "Nutritive Solutions Conditioner Intensive Repair",
    "imageUrl": "https://shop.coles.com.au/wcsstore/Coles-CAS/images/2/1/0/2103365-th.jpg",
    "categories": ["health-beauty"],
    "tags": ["hair-care", "conditioner"],
    "locations": {
      "vic": {
        "price": 6.9,
        "promoText": " ",
        "packageSize": "320mL",
        "packagePrice": "$2.16 per 100mL"
      }
    }
  },
  {
    "id": "dove-daily-care-conditioner",
    "brand": "Dove",
    "name": "Daily Care Conditioner",
    "imageUrl": "https://shop.coles.com.au/wcsstore/Coles-CAS/images/2/9/3/2939052-th.jpg",
    "categories": ["health-beauty"],
    "tags": ["hair-care", "conditioner"],
    "locations": {
      "vic": {
        "price": 11.9,
        "promoText": " ",
        "packageSize": "640mL",
        "packagePrice": "$1.86 per 100mL"
      }
    }
  },
  {
    "id": "essano-conditioner-argan",
    "brand": "Essano",
    "name": "Argan Oil Nourishing Conditioner",
    "imageUrl": "https://shop.coles.com.au/wcsstore/Coles-CAS/images/3/4/1/3419014-th.jpg",
    "categories": ["health-beauty"],
    "tags": ["hair-care", "conditioner"],
    "locations": {
      "vic": {
        "price": 8,
        "promoText": "$8.00 ",
        "packageSize": "300mL",
        "packagePrice": "$2.67 per 100mL"
      }
    }
  },
  {
    "id": "garnier-fructis-conditioner-normal-3303086p",
    "brand": "Garnier",
    "name": "Fructis Normal Conditioner",
    "imageUrl": "https://shop.coles.com.au/wcsstore/Coles-CAS/images/3/3/0/3303086-th.jpg",
    "categories": ["health-beauty"],
    "tags": ["hair-care", "conditioner"],
    "locations": {
      "vic": {
        "price": 3.5,
        "promoText": "$3.50 ",
        "packageSize": "315mL",
        "packagePrice": "$1.11 per 100mL"
      }
    }
  },
  {
    "id": "head-shoulders-conditioner-anti-dandruff-balanced",
    "brand": "Head & Shoulders",
    "name": "Clean & Balanced Hair Anti-Dandruff Conditioner",
    "imageUrl": "https://shop.coles.com.au/wcsstore/ColesResponsiveStorefrontAssetStore/dist/ccfc54aed6e361b650bcf0582f7b576b/img/img_product-placeholder.png",
    "categories": ["health-beauty"],
    "tags": ["hair-care", "conditioner"],
    "locations": {
      "vic": {
        "price": 4.45,
        "promoText": "$1.95 ",
        "packageSize": "200mL",
        "packagePrice": "$2.23 per 100mL"
      }
    }
  },
  {
    "id": "head-shoulders-smooth-silky-conditioner",
    "brand": "Head & Shoulders",
    "name": "Smooth & Silky Conditioner",
    "imageUrl": "https://shop.coles.com.au/wcsstore/Coles-CAS/images/2/3/5/2350284-th.jpg",
    "categories": ["health-beauty"],
    "tags": ["hair-care", "conditioner"],
    "locations": {
      "vic": {
        "price": 12,
        "promoText": "Was $16.00 on Feb 2018 ",
        "packageSize": "620mL",
        "packagePrice": "$1.94 per 100mL"
      }
    }
  },
  {
    "id": "head-shoulders-supreme-conditioner-smooth-3164139p",
    "brand": "Head & Shoulders",
    "name": "Supreme Smooth Conditioner",
    "imageUrl": "https://shop.coles.com.au/wcsstore/Coles-CAS/images/3/1/6/3164139-th.jpg",
    "categories": ["health-beauty"],
    "tags": ["hair-care", "conditioner"],
    "locations": {
      "vic": {
        "price": 15,
        "promoText": " ",
        "packageSize": "400mL",
        "packagePrice": "$3.75 per 100mL"
      }
    }
  },
  {
    "id": "herbal-essences-colour-me-happy-conditioner",
    "brand": "Herbal Essences",
    "name": "Colour Me Happy Conditioner",
    "imageUrl": "https://shop.coles.com.au/wcsstore/Coles-CAS/images/5/8/9/5891495-th.jpg",
    "categories": ["health-beauty"],
    "tags": ["hair-care", "conditioner"],
    "locations": {
      "vic": {
        "price": 5.5,
        "promoText": " ",
        "packageSize": "300mL",
        "packagePrice": "$1.83 per 100mL"
      }
    }
  },
  {
    "id": "herbal-essences-moroccan-my-shine-conditioner-2290604p",
    "brand": "Herbal Essences",
    "name": "Moroccan My Shine Conditioner",
    "imageUrl": "https://shop.coles.com.au/wcsstore/Coles-CAS/images/2/2/9/2290604-th.jpg",
    "categories": ["health-beauty"],
    "tags": ["hair-care", "conditioner"],
    "locations": {
      "vic": {
        "price": 5.5,
        "promoText": " ",
        "packageSize": "300mL",
        "packagePrice": "$1.83 per 100mL"
      }
    }
  },
  {
    "id": "herbal-essences-bio-renew-coconut-milk-conditioner",
    "brand": "Herbal Essences",
    "name": "Bio Renew Hydrate Coconut Milk Conditioner",
    "imageUrl": "https://shop.coles.com.au/wcsstore/Coles-CAS/images/3/4/1/3417835-th.jpg",
    "categories": ["health-beauty"],
    "tags": ["hair-care", "conditioner"],
    "locations": {
      "vic": {
        "price": 17,
        "promoText": " ",
        "packageSize": "600mL",
        "packagePrice": "$2.83 per 100mL"
      }
    }
  },
  {
    "id": "herbal-essences-bio-renew-argan-oil-conditioner",
    "brand": "Herbal Essences",
    "name": "Bio Renew Argan Oil Of Morocco Repair Conditioner",
    "imageUrl": "https://shop.coles.com.au/wcsstore/Coles-CAS/images/3/4/1/3417824-th.jpg",
    "categories": ["health-beauty"],
    "tags": ["hair-care", "conditioner"],
    "locations": {
      "vic": {
        "price": 17,
        "promoText": " ",
        "packageSize": "600mL",
        "packagePrice": "$2.83 per 100mL"
      }
    }
  },
  {
    "id": "herbal-essences-condition-white-grapefruit-mint",
    "brand": "Herbal Essences",
    "name": "Bio Renew White Grapefruit & Mosa Mint Revitalisant Conditioner",
    "imageUrl": "https://shop.coles.com.au/wcsstore/Coles-CAS/images/3/6/1/3611180-th.jpg",
    "categories": ["health-beauty"],
    "tags": ["hair-care", "conditioner"],
    "locations": {
      "vic": {
        "price": 17,
        "promoText": " ",
        "packageSize": "600mL",
        "packagePrice": "$2.83 per 100mL"
      }
    }
  },
  {
    "id": "herbal-essences-condition-hello-hydration",
    "brand": "Herbal Essences",
    "name": "Hello Hydration Revitalisant Conditioner",
    "imageUrl": "https://shop.coles.com.au/wcsstore/Coles-CAS/images/3/6/1/3611179-th.jpg",
    "categories": ["health-beauty"],
    "tags": ["hair-care", "conditioner"],
    "locations": {
      "vic": {
        "price": 12,
        "promoText": " ",
        "packageSize": "700mL",
        "packagePrice": "$1.71 per 100mL"
      }
    }
  },
  {
    "id": "john-frieda-frizz-ease-conditioner-dream-curls",
    "brand": "John Frieda",
    "name": "Frizz Ease Dream Curls Conditioner",
    "imageUrl": "https://shop.coles.com.au/wcsstore/Coles-CAS/images/7/5/3/7535017-th.jpg",
    "categories": ["health-beauty"],
    "tags": ["hair-care", "conditioner"],
    "locations": {
      "vic": {
        "price": 11.2,
        "promoText": "$4.80 ",
        "packageSize": "250mL",
        "packagePrice": "$4.48 per 100mL"
      }
    }
  },
  {
    "id": "john-frieda-collection-sheer-blonde-colour-renew-tone-refreshing-conditioner",
    "brand": "John Frieda",
    "name": "Sheer Blonde Colour Renew Tone-Refreshing Conditioner",
    "imageUrl": "https://shop.coles.com.au/wcsstore/Coles-CAS/images/6/8/8/6886424-th.jpg",
    "categories": ["health-beauty"],
    "tags": ["hair-care", "conditioner"],
    "locations": {
      "vic": {
        "price": 12.6,
        "promoText": "$5.40 ",
        "packageSize": "250mL",
        "packagePrice": "$5.04 per 100mL"
      }
    }
  },
  {
    "id": "john-frieda-frizz-ease-conditioner-miraculous-rc",
    "brand": "John Frieda",
    "name": "Frizz Ease Miraculous Recovery Conditioner",
    "imageUrl": "https://shop.coles.com.au/wcsstore/Coles-CAS/images/7/5/3/7535006-th.jpg",
    "categories": ["health-beauty"],
    "tags": ["hair-care", "conditioner"],
    "locations": {
      "vic": {
        "price": 11.2,
        "promoText": "$4.80 ",
        "packageSize": "250mL",
        "packagePrice": "$4.48 per 100mL"
      }
    }
  },
  {
    "id": "loreal-elvive-colour-protect-conditioner-1850317p",
    "brand": "L'Oreal",
    "name": "Elvive Colour Protect Conditioner",
    "imageUrl": "https://shop.coles.com.au/wcsstore/Coles-CAS/images/1/8/5/1850317-th.jpg",
    "categories": ["health-beauty"],
    "tags": ["hair-care", "conditioner"],
    "locations": {
      "vic": {
        "price": 11.5,
        "promoText": "Was $15.00 on May 2020 ",
        "packageSize": "700mL",
        "packagePrice": "$1.64 per 100mL"
      }
    }
  },
  {
    "id": "loreal-elvive-extraordinary-oil-conditioner-2321479p",
    "brand": "L'Oreal",
    "name": "Elvive Extraordinary Oil Conditioner",
    "imageUrl": "https://shop.coles.com.au/wcsstore/Coles-CAS/images/2/3/2/2321479-th.jpg",
    "categories": ["health-beauty"],
    "tags": ["hair-care", "conditioner"],
    "locations": {
      "vic": {
        "price": 11.5,
        "promoText": "Was $15.00 on May 2020 ",
        "packageSize": "700mL",
        "packagePrice": "$1.64 per 100mL"
      }
    }
  },
  {
    "id": "loreal-elvive-extraordinary-oil-conditioner-3047907p",
    "brand": "L'Oreal",
    "name": "Elvive Extraordinary Oil Conditioner",
    "imageUrl": "https://shop.coles.com.au/wcsstore/Coles-CAS/images/3/0/4/3047907-th.jpg",
    "categories": ["health-beauty"],
    "tags": ["hair-care", "conditioner"],
    "locations": {
      "vic": {
        "price": 8,
        "promoText": " ",
        "packageSize": "325mL",
        "packagePrice": "$2.46 per 100mL"
      }
    }
  },
  {
    "id": "loreal-elvive-conditioner-dream-lengths",
    "brand": "L'Oreal",
    "name": "Paris Elvive Dream Lengths Detangling Conditioner",
    "imageUrl": "https://shop.coles.com.au/wcsstore/Coles-CAS/images/3/6/1/3610460-th.jpg",
    "categories": ["health-beauty"],
    "tags": ["hair-care", "conditioner"],
    "locations": {
      "vic": {
        "price": 8,
        "promoText": " ",
        "packageSize": "325mL",
        "packagePrice": "$2.46 per 100mL"
      }
    }
  },
  {
    "id": "maui-conditioner-shea-butter",
    "brand": "Maui",
    "name": "Shea Butter Conditioner",
    "imageUrl": "https://shop.coles.com.au/wcsstore/Coles-CAS/images/3/4/2/3422813-th.jpg",
    "categories": ["health-beauty"],
    "tags": ["hair-care", "conditioner"],
    "locations": {
      "vic": {
        "price": 22,
        "promoText": " ",
        "packageSize": "385mL",
        "packagePrice": "$5.71 per 100mL"
      }
    }
  },
  {
    "id": "natures-organics-frequent-use-wild-berry-conditioner",
    "brand": "Nature's Organics",
    "name": "Frequent Use Wild Berry Conditioner",
    "imageUrl": "https://shop.coles.com.au/wcsstore/Coles-CAS/images/8/3/2/8326781-th.jpg",
    "categories": ["health-beauty"],
    "tags": ["hair-care", "conditioner"],
    "locations": {
      "vic": {
        "price": 1.9,
        "promoText": " ",
        "packageSize": "500mL",
        "packagePrice": "$0.38 per 100mL"
      }
    }
  },
  {
    "id": "organix-conditioner-coconut-milk",
    "brand": "Ogx",
    "name": "Coconut Milk Conditioner",
    "imageUrl": "https://shop.coles.com.au/wcsstore/Coles-CAS/images/6/8/9/6896778-th.jpg",
    "categories": ["health-beauty"],
    "tags": ["hair-care", "conditioner"],
    "locations": {
      "vic": {
        "price": 10,
        "promoText": "$10.00 ",
        "packageSize": "384mL",
        "packagePrice": "$2.60 per 100mL"
      }
    }
  },
  {
    "id": "organix-conditioner-biotin-collagen",
    "brand": "Ogx",
    "name": "Biotin & Collagen Conditioner",
    "imageUrl": "https://shop.coles.com.au/wcsstore/Coles-CAS/images/1/2/5/1255346-th.jpg",
    "categories": ["health-beauty"],
    "tags": ["hair-care", "conditioner"],
    "locations": {
      "vic": {
        "price": 10,
        "promoText": "$10.00 ",
        "packageSize": "385mL",
        "packagePrice": "$2.60 per 100mL"
      }
    }
  },
  {
    "id": "ogx-ex-strength-conditioner",
    "brand": "Ogx",
    "name": "Extra Strength Argan Oil Of Morocco Conditioner",
    "imageUrl": "https://shop.coles.com.au/wcsstore/Coles-CAS/images/2/6/7/2676973-th.jpg",
    "categories": ["health-beauty"],
    "tags": ["hair-care", "conditioner"],
    "locations": {
      "vic": {
        "price": 10.5,
        "promoText": "$10.50 ",
        "packageSize": "385mL",
        "packagePrice": "$2.73 per 100mL"
      }
    }
  },
  {
    "id": "ogx-extra-strength-damage-remedy-coconut-oil-conditioner",
    "brand": "Ogx",
    "name": "Extra Strength Damage Remedy Coconut Oil Conditioner",
    "imageUrl": "https://shop.coles.com.au/wcsstore/Coles-CAS/images/2/9/4/2940073-th.jpg",
    "categories": ["health-beauty"],
    "tags": ["hair-care", "conditioner"],
    "locations": {
      "vic": {
        "price": 10.5,
        "promoText": "$10.50 ",
        "packageSize": "385mL",
        "packagePrice": "$2.73 per 100mL"
      }
    }
  },
  {
    "id": "ogx-fade-defying--orchid-oil-conditioner",
    "brand": "Ogx",
    "name": "Fade-defying + Orchid Oil Conditioner",
    "imageUrl": "https://shop.coles.com.au/wcsstore/Coles-CAS/images/2/9/3/2939959-th.jpg",
    "categories": ["health-beauty"],
    "tags": ["hair-care", "conditioner"],
    "locations": {
      "vic": {
        "price": 0,
        "promoText": " ",
        "packageSize": "385mL",
        "packagePrice": ""
      }
    }
  },
  {
    "id": "ogx-conditioner-detox-pomegranate-ginger",
    "brand": "Ogx",
    "name": "Detoxifying Pomegranate & Ginger Conditioner",
    "imageUrl": "https://shop.coles.com.au/wcsstore/Coles-CAS/images/3/1/5/3155987-th.jpg",
    "categories": ["health-beauty"],
    "tags": ["hair-care", "conditioner"],
    "locations": {
      "vic": {
        "price": 10,
        "promoText": "$10.00 ",
        "packageSize": "385mL",
        "packagePrice": "$2.60 per 100mL"
      }
    }
  },
  {
    "id": "ogx-conditioner-hyd-rev-lavender-platinum",
    "brand": "Ogx",
    "name": "Hydrate And Color Reviving Lavender Platinum Conditioner",
    "imageUrl": "https://shop.coles.com.au/wcsstore/Coles-CAS/images/3/1/5/3155455-th.jpg",
    "categories": ["health-beauty"],
    "tags": ["hair-care", "conditioner"],
    "locations": {
      "vic": {
        "price": 10,
        "promoText": "$10.00 ",
        "packageSize": "385mL",
        "packagePrice": "$2.60 per 100mL"
      }
    }
  },
  {
    "id": "ogx-conditioner-green-tea-fitness",
    "brand": "Ogx",
    "name": "Green Tea Fitness Conditioner",
    "imageUrl": "https://shop.coles.com.au/wcsstore/Coles-CAS/images/3/4/2/3423292-th.jpg",
    "categories": ["health-beauty"],
    "tags": ["hair-care", "conditioner"],
    "locations": {
      "vic": {
        "price": 10,
        "promoText": "$10.00 ",
        "packageSize": "385mL",
        "packagePrice": "$2.60 per 100mL"
      }
    }
  },
  {
    "id": "palmolive-naturals-conditioner-active-nourishment",
    "brand": "Palmolive",
    "name": "Naturals Active Nourishment Conditioner",
    "imageUrl": "https://shop.coles.com.au/wcsstore/Coles-CAS/images/4/7/0/4708888-th.jpg",
    "categories": ["health-beauty"],
    "tags": ["hair-care", "conditioner"],
    "locations": {
      "vic": {
        "price": 4.5,
        "promoText": "Was $5.00 on Apr 2018 ",
        "packageSize": "350mL",
        "packagePrice": "$1.29 per 100mL"
      }
    }
  },
  {
    "id": "palmolive-naturals-3-in-1-shampoo-merry-strawberry",
    "brand": "Palmolive",
    "name": "Kids 3 in 1 Merry Strawberry Shampoo Conditioner & Bodywash",
    "imageUrl": "https://shop.coles.com.au/wcsstore/Coles-CAS/images/9/9/3/9936187-th.jpg",
    "categories": ["health-beauty"],
    "tags": ["hair-care", "conditioner"],
    "locations": {
      "vic": {
        "price": 3.9,
        "promoText": " ",
        "packageSize": "700mL",
        "packagePrice": "$0.56 per 100mL"
      }
    }
  },
  {
    "id": "palmolive-luminous-oil-conditioner-argan-oil",
    "brand": "Palmolive",
    "name": "Luminous Moroccan Argan & Camellia oil Conditioner",
    "imageUrl": "https://shop.coles.com.au/wcsstore/Coles-CAS/images/3/4/1/3413710-th.jpg",
    "categories": ["health-beauty"],
    "tags": ["hair-care", "conditioner"],
    "locations": {
      "vic": {
        "price": 4,
        "promoText": "$1.00 ",
        "packageSize": "350mL",
        "packagePrice": "$1.14 per 100mL"
      }
    }
  },
  {
    "id": "palmolive-micellar-conditioner-rose-oil",
    "brand": "Palmolive",
    "name": "Micellar Conditioner With Rose Oil",
    "imageUrl": "https://shop.coles.com.au/wcsstore/Coles-CAS/images/3/6/1/3610960-th.jpg",
    "categories": ["health-beauty"],
    "tags": ["hair-care", "conditioner"],
    "locations": {
      "vic": {
        "price": 8,
        "promoText": " ",
        "packageSize": "370mL",
        "packagePrice": "$2.16 per 100mL"
      }
    }
  },
  {
    "id": "pantene-always-smooth-conditioner",
    "brand": "Pantene",
    "name": "Pro-V Always Smooth & Sleek Conditioner",
    "imageUrl": "https://shop.coles.com.au/wcsstore/Coles-CAS/images/2/2/9/2290455-th.jpg",
    "categories": ["health-beauty"],
    "tags": ["hair-care", "conditioner"],
    "locations": {
      "vic": {
        "price": 0,
        "promoText": " ",
        "packageSize": "900mL",
        "packagePrice": ""
      }
    }
  },
  {
    "id": "pantene-ultimate-10-conditioner-2290411p",
    "brand": "Pantene",
    "name": "Pro-V Ultimate 10 Conditioner",
    "imageUrl": "https://shop.coles.com.au/wcsstore/Coles-CAS/images/2/2/9/2290411-th.jpg",
    "categories": ["health-beauty"],
    "tags": ["hair-care", "conditioner"],
    "locations": {
      "vic": {
        "price": 0,
        "promoText": " ",
        "packageSize": "900mL",
        "packagePrice": ""
      }
    }
  },
  {
    "id": "pantene-colour-therapy-conditioner",
    "brand": "Pantene",
    "name": "Pro-V Colour Therapy Conditioner",
    "imageUrl": "https://shop.coles.com.au/wcsstore/Coles-CAS/images/2/2/9/2290397-th.jpg",
    "categories": ["health-beauty"],
    "tags": ["hair-care", "conditioner"],
    "locations": {
      "vic": {
        "price": 0,
        "promoText": " ",
        "packageSize": "900mL",
        "packagePrice": ""
      }
    }
  },
  {
    "id": "pantene-smooth-sleek-3mm-conditioner",
    "brand": "Pantene",
    "name": "3 Minute Miracle Smooth & Sleek Conditioner",
    "imageUrl": "https://shop.coles.com.au/wcsstore/Coles-CAS/images/2/9/4/2940277-th.jpg",
    "categories": ["health-beauty"],
    "tags": ["hair-care", "conditioner"],
    "locations": {
      "vic": {
        "price": 4.5,
        "promoText": "Was $8.00 on Jun 2020 ",
        "packageSize": "180mL",
        "packagePrice": "$2.50 per 100mL"
      }
    }
  },
  {
    "id": "pantene-3mm-conditioner-colour-protect",
    "brand": "Pantene",
    "name": "3mm Colour Protect Conditioner",
    "imageUrl": "https://shop.coles.com.au/wcsstore/Coles-CAS/images/3/1/5/3156833-th.jpg",
    "categories": ["health-beauty"],
    "tags": ["hair-care", "conditioner"],
    "locations": {
      "vic": {
        "price": 0,
        "promoText": " ",
        "packageSize": "400mL",
        "packagePrice": ""
      }
    }
  },
  {
    "id": "pantene-3mm-conditioner-repair-protect",
    "brand": "Pantene",
    "name": "3mm Repair & Protect Conditioner",
    "imageUrl": "https://shop.coles.com.au/wcsstore/Coles-CAS/images/3/1/5/3156844-th.jpg",
    "categories": ["health-beauty"],
    "tags": ["hair-care", "conditioner"],
    "locations": {
      "vic": {
        "price": 0,
        "promoText": " ",
        "packageSize": "400mL",
        "packagePrice": ""
      }
    }
  },
  {
    "id": "pantene-3mm-conditioner-smooth-sleek",
    "brand": "Pantene",
    "name": "3mm Smooth & Sleek Conditioner",
    "imageUrl": "https://shop.coles.com.au/wcsstore/Coles-CAS/images/3/1/5/3156822-th.jpg",
    "categories": ["health-beauty"],
    "tags": ["hair-care", "conditioner"],
    "locations": {
      "vic": {
        "price": 0,
        "promoText": " ",
        "packageSize": "400mL",
        "packagePrice": ""
      }
    }
  },
  {
    "id": "pantene-conditioner-micellar-water",
    "brand": "Pantene",
    "name": "Pro-V Micellar Gentle Nourishing Conditioner",
    "imageUrl": "https://shop.coles.com.au/wcsstore/Coles-CAS/images/3/4/1/3415997-th.jpg",
    "categories": ["health-beauty"],
    "tags": ["hair-care", "conditioner"],
    "locations": {
      "vic": {
        "price": 13,
        "promoText": " ",
        "packageSize": "300mL",
        "packagePrice": "$4.33 per 100mL"
      }
    }
  },
  {
    "id": "pantene-conditioner-micellar-water-charcoal",
    "brand": "Pantene",
    "name": "Pro-V Charcoal Root Renewal Micellar Conditioner",
    "imageUrl": "https://shop.coles.com.au/wcsstore/Coles-CAS/images/3/4/1/3415964-th.jpg",
    "categories": ["health-beauty"],
    "tags": ["hair-care", "conditioner"],
    "locations": {
      "vic": {
        "price": 18,
        "promoText": " ",
        "packageSize": "530mL",
        "packagePrice": "$3.40 per 100mL"
      }
    }
  },
  {
    "id": "pantene-conditioner-micellar-water-aloe",
    "brand": "Pantene",
    "name": "Micellar Water Aloevera Conditioner",
    "imageUrl": "https://shop.coles.com.au/wcsstore/Coles-CAS/images/3/4/1/3415910-th.jpg",
    "categories": ["health-beauty"],
    "tags": ["hair-care", "conditioner"],
    "locations": {
      "vic": {
        "price": 13,
        "promoText": " ",
        "packageSize": "300mL",
        "packagePrice": "$4.33 per 100mL"
      }
    }
  },
  {
    "id": "pantene-conditioner-micellar-water-3416027p",
    "brand": "Pantene",
    "name": "Micellar Water Conditioner",
    "imageUrl": "https://shop.coles.com.au/wcsstore/Coles-CAS/images/3/4/1/3416027-th.jpg",
    "categories": ["health-beauty"],
    "tags": ["hair-care", "conditioner"],
    "locations": {
      "vic": {
        "price": 18,
        "promoText": " ",
        "packageSize": "530mL",
        "packagePrice": "$3.40 per 100mL"
      }
    }
  },
  {
    "id": "sunsilk-conditioner-adictive-brilliant-shine",
    "brand": "Sunsilk",
    "name": "Addictive Brilliant Shine Conditioner",
    "imageUrl": "https://shop.coles.com.au/wcsstore/Coles-CAS/images/7/5/4/7548959-th.jpg",
    "categories": ["health-beauty"],
    "tags": ["hair-care", "conditioner"],
    "locations": {
      "vic": {
        "price": 5.5,
        "promoText": " ",
        "packageSize": "350mL",
        "packagePrice": "$1.57 per 100mL"
      }
    }
  },
  {
    "id": "sunsilk-conditioner-addictive-brilliant-shine",
    "brand": "Sunsilk",
    "name": "Addictive Brilliant Shine Conditioner",
    "imageUrl": "https://shop.coles.com.au/wcsstore/Coles-CAS/images/7/5/4/7549951-th.jpg",
    "categories": ["health-beauty"],
    "tags": ["hair-care", "conditioner"],
    "locations": {
      "vic": {
        "price": 10,
        "promoText": " ",
        "packageSize": "700mL",
        "packagePrice": "$1.43 per 100mL"
      }
    }
  },
  {
    "id": "tigi-bed-head-conditioner-l3-resurrection",
    "brand": "TIGI",
    "name": "Bed Head Urban Antidotes L3 Resurrection Conditioner",
    "imageUrl": "https://shop.coles.com.au/wcsstore/Coles-CAS/images/3/6/1/3611430-th.jpg",
    "categories": ["health-beauty"],
    "tags": ["hair-care", "conditioner"],
    "locations": {
      "vic": {
        "price": 20,
        "promoText": " ",
        "packageSize": "200mL",
        "packagePrice": "$10.00 per 100mL"
      }
    }
  },
  {
    "id": "tigi-bed-head-conditioner-l2-recovery",
    "brand": "TIGI",
    "name": "Bed Head  Urban Anitidotes L2 Recovery Conditioner",
    "imageUrl": "https://shop.coles.com.au/wcsstore/Coles-CAS/images/3/6/1/3611420-th.jpg",
    "categories": ["health-beauty"],
    "tags": ["hair-care", "conditioner"],
    "locations": {
      "vic": {
        "price": 20,
        "promoText": " ",
        "packageSize": "200mL",
        "packagePrice": "$10.00 per 100mL"
      }
    }
  },
  {
    "id": "tresemme-conditioner-hydration-vitamin-complex",
    "brand": "Tresemme",
    "name": "Ultimate Hydration Conditioner",
    "imageUrl": "https://shop.coles.com.au/wcsstore/Coles-CAS/images/3/4/2/3422041-th.jpg",
    "categories": ["health-beauty"],
    "tags": ["hair-care", "conditioner"],
    "locations": {
      "vic": {
        "price": 9,
        "promoText": " ",
        "packageSize": "350mL",
        "packagePrice": "$2.57 per 100mL"
      }
    }
  },
  {
    "id": "tresemme-conditioner-keratin-smooth-3422063p",
    "brand": "Tresemme",
    "name": "Keratin Smooth Conditioner",
    "imageUrl": "https://shop.coles.com.au/wcsstore/Coles-CAS/images/3/4/2/3422063-th.jpg",
    "categories": ["health-beauty"],
    "tags": ["hair-care", "conditioner"],
    "locations": {
      "vic": {
        "price": 9,
        "promoText": " ",
        "packageSize": "350mL",
        "packagePrice": "$2.57 per 100mL"
      }
    }
  },
  {
    "id": "turning-point-2-in-1-shampoo-conditioner-normal",
    "brand": "Turning Point",
    "name": "2 in 1 Normal Shampoo & Conditioner",
    "imageUrl": "https://shop.coles.com.au/wcsstore/Coles-CAS/images/5/7/6/5762390-th.jpg",
    "categories": ["health-beauty"],
    "tags": ["hair-care", "conditioner"],
    "locations": {
      "vic": {
        "price": 2.8,
        "promoText": " ",
        "packageSize": "400mL",
        "packagePrice": "$0.70 per 100mL"
      }
    }
  },
  {
    "id": "advanced-vo5-hairspray-extra-hold",
    "brand": "VO5",
    "name": "Extra Hold Hairspray",
    "imageUrl": "https://shop.coles.com.au/wcsstore/Coles-CAS/images/9/2/7/9277149-th.jpg",
    "categories": ["health-beauty"],
    "tags": ["hair-care", "gel-mousse-styling"],
    "locations": {
      "vic": {
        "price": 4,
        "promoText": "Was $4.60 on Jul 2017 ",
        "packageSize": "200g",
        "packagePrice": "$2.00 per 100G"
      }
    }
  },
  {
    "id": "tresemme-hair-spray-extra-hold-4583829p",
    "brand": "Tresemme",
    "name": "Hairspray Salon Finish Extra Hold",
    "imageUrl": "https://shop.coles.com.au/wcsstore/Coles-CAS/images/4/5/8/4583829-th.jpg",
    "categories": ["health-beauty"],
    "tags": ["hair-care", "gel-mousse-styling"],
    "locations": {
      "vic": {
        "price": 8.25,
        "promoText": " ",
        "packageSize": "360g",
        "packagePrice": "$2.29 per 100G"
      }
    }
  },
  {
    "id": "advanced-v05-gel-tub-mega-hold",
    "brand": "VO5",
    "name": "Mega Hold Styling Gel Tub",
    "imageUrl": "https://shop.coles.com.au/wcsstore/Coles-CAS/images/9/2/7/9277036-th.jpg",
    "categories": ["health-beauty"],
    "tags": ["hair-care", "gel-mousse-styling"],
    "locations": {
      "vic": {
        "price": 4,
        "promoText": " ",
        "packageSize": "250g",
        "packagePrice": "$1.60 per 100G"
      }
    }
  },
  {
    "id": "batiste-dry-shampoo-volume",
    "brand": "Batiste",
    "name": "Dry Shampoo & Volume With Plumping Collagen",
    "imageUrl": "https://shop.coles.com.au/wcsstore/Coles-CAS/images/3/5/3/3535026-th.jpg",
    "categories": ["health-beauty"],
    "tags": ["hair-care", "gel-mousse-styling"],
    "locations": {
      "vic": {
        "price": 13,
        "promoText": " ",
        "packageSize": "200mL",
        "packagePrice": "$6.50 per 100mL"
      }
    }
  },
  {
    "id": "klorane-dry-shampoo-oat-milk",
    "brand": "Klorane",
    "name": "Oat Milk Dry Shampoo",
    "imageUrl": "https://shop.coles.com.au/wcsstore/Coles-CAS/images/3/5/6/3562506-th.jpg",
    "categories": ["health-beauty"],
    "tags": ["hair-care", "gel-mousse-styling"],
    "locations": {
      "vic": {
        "price": 16,
        "promoText": " ",
        "packageSize": "150mL",
        "packagePrice": "$10.67 per 100mL"
      }
    }
  },
  {
    "id": "advanced-v05-hairspray-firm-hold",
    "brand": "VO5",
    "name": "Firm Hold Hairspray",
    "imageUrl": "https://shop.coles.com.au/wcsstore/Coles-CAS/images/9/2/7/9277127-th.jpg",
    "categories": ["health-beauty"],
    "tags": ["hair-care", "gel-mousse-styling"],
    "locations": {
      "vic": {
        "price": 4,
        "promoText": "Was $4.60 on Jul 2017 ",
        "packageSize": "200g",
        "packagePrice": "$2.00 per 100G"
      }
    }
  },
  {
    "id": "loreal-elnett-hairspray-normal-strength",
    "brand": "L'Oreal",
    "name": "Elnett Normal Strength Hair Spray",
    "imageUrl": "https://shop.coles.com.au/wcsstore/Coles-CAS/images/8/1/4/8143883-th.jpg",
    "categories": ["health-beauty"],
    "tags": ["hair-care", "gel-mousse-styling"],
    "locations": {
      "vic": {
        "price": 2.5,
        "promoText": "$2.50 ",
        "packageSize": "75mL",
        "packagePrice": "$3.33 per 100mL"
      }
    }
  },
  {
    "id": "schwarzkopf-extra-care-hair-lacquer-super-styling-hold",
    "brand": "Schwarzkopf",
    "name": "Extra Care Super Styling Hold Hair Lacquer",
    "imageUrl": "https://shop.coles.com.au/wcsstore/Coles-CAS/images/6/8/9/6892915-th.jpg",
    "categories": ["health-beauty"],
    "tags": ["hair-care", "gel-mousse-styling"],
    "locations": {
      "vic": {
        "price": 5,
        "promoText": " ",
        "packageSize": "100g",
        "packagePrice": "$5.00 per 100G"
      }
    }
  },
  {
    "id": "schwarzkopf-taft-mousse-max-hold-styling",
    "brand": "Schwarzkopf",
    "name": "Taft Max Hold Styling Mousse",
    "imageUrl": "https://shop.coles.com.au/wcsstore/Coles-CAS/images/5/9/4/59477-th.jpg",
    "categories": ["health-beauty"],
    "tags": ["hair-care", "gel-mousse-styling"],
    "locations": {
      "vic": {
        "price": 4.4,
        "promoText": " ",
        "packageSize": "200g",
        "packagePrice": "$2.20 per 100G"
      }
    }
  },
  {
    "id": "batiste-blush-dry-shampoo",
    "brand": "Batiste",
    "name": "Floral & Flirty Blush Dry Shampoo",
    "imageUrl": "https://shop.coles.com.au/wcsstore/Coles-CAS/images/2/3/1/2319262-th.jpg",
    "categories": ["health-beauty"],
    "tags": ["hair-care", "gel-mousse-styling"],
    "locations": {
      "vic": {
        "price": 8,
        "promoText": "$8.00 ",
        "packageSize": "400mL",
        "packagePrice": "$2.00 per 100mL"
      }
    }
  },
  {
    "id": "cedel--dark-dry-shampoo",
    "brand": "Cedel",
    "name": "Dark Dry Shampoo",
    "imageUrl": "https://shop.coles.com.au/wcsstore/Coles-CAS/images/2/6/7/2670810-th.jpg",
    "categories": ["health-beauty"],
    "tags": ["hair-care", "gel-mousse-styling"],
    "locations": {
      "vic": {
        "price": 10,
        "promoText": " ",
        "packageSize": "387mL",
        "packagePrice": "$2.58 per 100mL"
      }
    }
  },
  {
    "id": "schwarzkopf-taft-styling-lacquer-maximum-hold",
    "brand": "Schwarzkopf",
    "name": "Taft Maximum Hold Styling Lacquer",
    "imageUrl": "https://shop.coles.com.au/wcsstore/Coles-CAS/images/5/9/4/59455-th.jpg",
    "categories": ["health-beauty"],
    "tags": ["hair-care", "gel-mousse-styling"],
    "locations": {
      "vic": {
        "price": 4.45,
        "promoText": " ",
        "packageSize": "200g",
        "packagePrice": "$2.23 per 100G"
      }
    }
  },
  {
    "id": "schwarzkopf-taft-hairspray-strong-hold",
    "brand": "Schwarzkopf",
    "name": "Taft Strong Hold Hair Spray",
    "imageUrl": "https://shop.coles.com.au/wcsstore/Coles-CAS/images/5/1/7/5171736-th.jpg",
    "categories": ["health-beauty"],
    "tags": ["hair-care", "gel-mousse-styling"],
    "locations": {
      "vic": {
        "price": 4.45,
        "promoText": " ",
        "packageSize": "200g",
        "packagePrice": "$2.23 per 100G"
      }
    }
  },
  {
    "id": "taft-full-on-structured-modelling-wax",
    "brand": "Schwarzkopf",
    "name": "Taft Full On Structured Modelling Wax",
    "imageUrl": "https://shop.coles.com.au/wcsstore/Coles-CAS/images/2/6/6/2662980-th.jpg",
    "categories": ["health-beauty"],
    "tags": ["hair-care", "gel-mousse-styling"],
    "locations": {
      "vic": {
        "price": 6.4,
        "promoText": "$1.60 ",
        "packageSize": "100mL",
        "packagePrice": "$6.40 per 100mL"
      }
    }
  },
  {
    "id": "advanced-v05-hairspray-pump-firm-hold",
    "brand": "VO5",
    "name": "Firm Hold Hairspray Pump",
    "imageUrl": "https://shop.coles.com.au/wcsstore/Coles-CAS/images/9/2/7/9277375-th.jpg",
    "categories": ["health-beauty"],
    "tags": ["hair-care", "gel-mousse-styling"],
    "locations": {
      "vic": {
        "price": 4,
        "promoText": "Was $4.60 on Jul 2017 ",
        "packageSize": "200mL",
        "packagePrice": "$2.00 per 100mL"
      }
    }
  },
  {
    "id": "batiste-tropical-dry-shampoo",
    "brand": "Batiste",
    "name": "Coconut & Exotic Tropical Dry Shampoo",
    "imageUrl": "https://shop.coles.com.au/wcsstore/Coles-CAS/images/2/3/4/2343198-th.jpg",
    "categories": ["health-beauty"],
    "tags": ["hair-care", "gel-mousse-styling"],
    "locations": {
      "vic": {
        "price": 8,
        "promoText": "$8.00 ",
        "packageSize": "400mL",
        "packagePrice": "$2.00 per 100mL"
      }
    }
  },
  {
    "id": "cedel-hairspray-hard-to-hold",
    "brand": "Cedel",
    "name": "Extra Firm Hairspray",
    "imageUrl": "https://shop.coles.com.au/wcsstore/Coles-CAS/images/2/4/1/241754-th.jpg",
    "categories": ["health-beauty"],
    "tags": ["hair-care", "gel-mousse-styling"],
    "locations": {
      "vic": {
        "price": 5,
        "promoText": " ",
        "packageSize": "250g",
        "packagePrice": "$2.00 per 100G"
      }
    }
  },
  {
    "id": "cedel-hairspray-normal",
    "brand": "Cedel",
    "name": "Firm Hairspray",
    "imageUrl": "https://shop.coles.com.au/wcsstore/Coles-CAS/images/2/4/1/241743-th.jpg",
    "categories": ["health-beauty"],
    "tags": ["hair-care", "gel-mousse-styling"],
    "locations": {
      "vic": {
        "price": 5,
        "promoText": " ",
        "packageSize": "250g",
        "packagePrice": "$2.00 per 100G"
      }
    }
  },
  {
    "id": "coles-smart-buy-hairspray",
    "brand": "Coles",
    "name": "Smart Buy Hair Spray",
    "imageUrl": "https://shop.coles.com.au/wcsstore/Coles-CAS/images/3/2/4/324217-th.jpg",
    "categories": ["health-beauty"],
    "tags": ["hair-care", "gel-mousse-styling"],
    "locations": {
      "vic": {
        "price": 2.2,
        "promoText": " ",
        "packageSize": "250g",
        "packagePrice": "$0.88 per 100G"
      }
    }
  },
  {
    "id": "final-net-hair-lacquer-superhold-5905454p",
    "brand": "Final Net",
    "name": "Superhold Hair Lacquer",
    "imageUrl": "https://shop.coles.com.au/wcsstore/Coles-CAS/images/5/9/0/5905454-th.jpg",
    "categories": ["health-beauty"],
    "tags": ["hair-care", "gel-mousse-styling"],
    "locations": {
      "vic": {
        "price": 10,
        "promoText": " ",
        "packageSize": "400g",
        "packagePrice": "$2.50 per 100G"
      }
    }
  },
  {
    "id": "headgear-shaper-matte",
    "brand": "Headgear",
    "name": "Matte Shaper Styler",
    "imageUrl": "https://shop.coles.com.au/wcsstore/Coles-CAS/images/7/3/9/7395905-th.jpg",
    "categories": ["health-beauty"],
    "tags": ["hair-care", "gel-mousse-styling"],
    "locations": {
      "vic": {
        "price": 6.75,
        "promoText": " ",
        "packageSize": "100g",
        "packagePrice": "$6.75 per 100G"
      }
    }
  },
  {
    "id": "lynx-clean-cut-look-shine-finish-defining-wax",
    "brand": "Lynx",
    "name": "Hair Styling Wax Clean Cut Look",
    "imageUrl": "https://shop.coles.com.au/wcsstore/Coles-CAS/images/2/0/3/2030115-th.jpg",
    "categories": ["health-beauty"],
    "tags": ["hair-care", "gel-mousse-styling"],
    "locations": {
      "vic": {
        "price": 10,
        "promoText": " ",
        "packageSize": "75mL",
        "packagePrice": "$13.33 per 100mL"
      }
    }
  },
  {
    "id": "mojo-hair-defining-paste",
    "brand": "Mojo",
    "name": "Hair Defining Paste",
    "imageUrl": "https://shop.coles.com.au/wcsstore/Coles-CAS/images/3/5/3/3535820-th.jpg",
    "categories": ["health-beauty"],
    "tags": ["hair-care", "gel-mousse-styling"],
    "locations": {
      "vic": {
        "price": 17.5,
        "promoText": " ",
        "packageSize": "64g",
        "packagePrice": "$27.34 per 100G"
      }
    }
  },
  {
    "id": "moosehead-wax-hard-core",
    "brand": "Moose Head",
    "name": "Hard Core Wax",
    "imageUrl": "https://shop.coles.com.au/wcsstore/ColesResponsiveStorefrontAssetStore/dist/ccfc54aed6e361b650bcf0582f7b576b/img/img_product-placeholder.png",
    "categories": ["health-beauty"],
    "tags": ["hair-care", "gel-mousse-styling"],
    "locations": {
      "vic": {
        "price": 9,
        "promoText": " ",
        "packageSize": "100g",
        "packagePrice": "$9.00 per 100G"
      }
    }
  },
  {
    "id": "moosehead-hair-putty-grubby",
    "brand": "Moose Head",
    "name": "Grubby Putty",
    "imageUrl": "https://shop.coles.com.au/wcsstore/ColesResponsiveStorefrontAssetStore/dist/ccfc54aed6e361b650bcf0582f7b576b/img/img_product-placeholder.png",
    "categories": ["health-beauty"],
    "tags": ["hair-care", "gel-mousse-styling"],
    "locations": {
      "vic": {
        "price": 9,
        "promoText": " ",
        "packageSize": "100g",
        "packagePrice": "$9.00 per 100G"
      }
    }
  },
  {
    "id": "moosehead-hair-defining-paste",
    "brand": "Moosehead",
    "name": "Hair Defining Paste",
    "imageUrl": "https://shop.coles.com.au/wcsstore/Coles-CAS/images/5/0/0/5004097-th.jpg",
    "categories": ["health-beauty"],
    "tags": ["hair-care", "gel-mousse-styling"],
    "locations": {
      "vic": {
        "price": 9,
        "promoText": " ",
        "packageSize": "100g",
        "packagePrice": "$9.00 per 100G"
      }
    }
  },
  {
    "id": "moosehead-pomade",
    "brand": "Moosehead",
    "name": "Perfecting Pomade",
    "imageUrl": "https://shop.coles.com.au/wcsstore/Coles-CAS/images/3/5/3/3535900-th.jpg",
    "categories": ["health-beauty"],
    "tags": ["hair-care", "gel-mousse-styling"],
    "locations": {
      "vic": {
        "price": 9,
        "promoText": " ",
        "packageSize": "100g",
        "packagePrice": "$9.00 per 100G"
      }
    }
  },
  {
    "id": "schwarzkopf-extra-care-heidis-heat-styles",
    "brand": "Schwarzkopf",
    "name": "Extra Care Heidi's Heat Styles Heat Sheild",
    "imageUrl": "https://shop.coles.com.au/wcsstore/Coles-CAS/images/8/6/4/8649678-th.jpg",
    "categories": ["health-beauty"],
    "tags": ["hair-care", "gel-mousse-styling"],
    "locations": {
      "vic": {
        "price": 6.95,
        "promoText": " ",
        "packageSize": "150g",
        "packagePrice": "$2.78 per 100mL"
      }
    }
  },
  {
    "id": "schwarzkopf-extra-care-hair-spray-ultimate-style",
    "brand": "Schwarzkopf",
    "name": "Extra Care Ultimate Style Hair Spray",
    "imageUrl": "https://shop.coles.com.au/wcsstore/Coles-CAS/images/8/1/4/8142870-th.jpg",
    "categories": ["health-beauty"],
    "tags": ["hair-care", "gel-mousse-styling"],
    "locations": {
      "vic": {
        "price": 7,
        "promoText": " ",
        "packageSize": "250g",
        "packagePrice": "$2.80 per 100G"
      }
    }
  },
  {
    "id": "schwarzkopf-extra-care-mousse-strong-hold",
    "brand": "Schwarzkopf",
    "name": "Extra Care Strong Hold Mousse",
    "imageUrl": "https://shop.coles.com.au/wcsstore/Coles-CAS/images/7/1/2/7125139-th.jpg",
    "categories": ["health-beauty"],
    "tags": ["hair-care", "gel-mousse-styling"],
    "locations": {
      "vic": {
        "price": 5,
        "promoText": " ",
        "packageSize": "150g",
        "packagePrice": "$3.33 per 100G"
      }
    }
  },
  {
    "id": "schwarzkopf-extra-care-hair-spray-volume-styling",
    "brand": "Schwarzkopf",
    "name": "Extra Care Volume Styling Hair Spray",
    "imageUrl": "https://shop.coles.com.au/wcsstore/Coles-CAS/images/6/4/2/6421599-th.jpg",
    "categories": ["health-beauty"],
    "tags": ["hair-care", "gel-mousse-styling"],
    "locations": {
      "vic": {
        "price": 6.95,
        "promoText": " ",
        "packageSize": "250g",
        "packagePrice": "$2.78 per 100G"
      }
    }
  },
  {
    "id": "schwarzkopf-extra-care-mousse-volume-styling",
    "brand": "Schwarzkopf",
    "name": "Extra Care Volume Styling Mousse",
    "imageUrl": "https://shop.coles.com.au/wcsstore/Coles-CAS/images/6/4/1/6419291-th.jpg",
    "categories": ["health-beauty"],
    "tags": ["hair-care", "gel-mousse-styling"],
    "locations": {
      "vic": {
        "price": 5.1,
        "promoText": " ",
        "packageSize": "150g",
        "packagePrice": "$3.40 per 100G"
      }
    }
  },
  {
    "id": "schwarzkopf-taft-gel-styling-super-hold",
    "brand": "Schwarzkopf",
    "name": "Taft Super Hold Styling Girl Gel",
    "imageUrl": "https://shop.coles.com.au/wcsstore/Coles-CAS/images/5/9/4/59499-th.jpg",
    "categories": ["health-beauty"],
    "tags": ["hair-care", "gel-mousse-styling"],
    "locations": {
      "vic": {
        "price": 4,
        "promoText": " ",
        "packageSize": "250g",
        "packagePrice": "$1.60 per 100G"
      }
    }
  },
  {
    "id": "schwarzkopf-taft-mousse-curl-defining",
    "brand": "Schwarzkopf",
    "name": "Taft Curl Defining Mousse",
    "imageUrl": "https://shop.coles.com.au/wcsstore/Coles-CAS/images/5/4/6/5469385-th.jpg",
    "categories": ["health-beauty"],
    "tags": ["hair-care", "gel-mousse-styling"],
    "locations": {
      "vic": {
        "price": 4.4,
        "promoText": " ",
        "packageSize": "200g",
        "packagePrice": "$2.20 per 100G"
      }
    }
  },
  {
    "id": "schwarzkopf-extra-care-hairspray-strong-hold",
    "brand": "Schwarzkopf",
    "name": "Extra Care Strong Hold Hair Spray",
    "imageUrl": "https://shop.coles.com.au/wcsstore/Coles-CAS/images/3/6/6/366160-th.jpg",
    "categories": ["health-beauty"],
    "tags": ["hair-care", "gel-mousse-styling"],
    "locations": {
      "vic": {
        "price": 9,
        "promoText": " ",
        "packageSize": "400g",
        "packagePrice": "$2.25 per 100G"
      }
    }
  },
  {
    "id": "schwarzkopf-extra-care-hair-lacquer-super-hold",
    "brand": "Schwarzkopf",
    "name": "Extra Care Super Hold Hair Lacquer",
    "imageUrl": "https://shop.coles.com.au/wcsstore/Coles-CAS/images/5/2/2/5228742-th.jpg",
    "categories": ["health-beauty"],
    "tags": ["hair-care", "gel-mousse-styling"],
    "locations": {
      "vic": {
        "price": 7,
        "promoText": " ",
        "packageSize": "250g",
        "packagePrice": "$2.80 per 100G"
      }
    }
  },
  {
    "id": "schwarzkopf-extra-care-hairspray-strong-hold-5228731p",
    "brand": "Schwarzkopf",
    "name": "Extra Care Strong Hold Hair Spray",
    "imageUrl": "https://shop.coles.com.au/wcsstore/Coles-CAS/images/5/2/2/5228731-th.jpg",
    "categories": ["health-beauty"],
    "tags": ["hair-care", "gel-mousse-styling"],
    "locations": {
      "vic": {
        "price": 5.25,
        "promoText": " ",
        "packageSize": "100g",
        "packagePrice": "$5.25 per 100G"
      }
    }
  },
  {
    "id": "schwarzkopf-extra-care-hair-lacquer-super-hold-5086896p",
    "brand": "Schwarzkopf",
    "name": "Extra Care Super Hold Hair Lacquer",
    "imageUrl": "https://shop.coles.com.au/wcsstore/Coles-CAS/images/5/0/8/5086896-th.jpg",
    "categories": ["health-beauty"],
    "tags": ["hair-care", "gel-mousse-styling"],
    "locations": {
      "vic": {
        "price": 9,
        "promoText": " ",
        "packageSize": "400g",
        "packagePrice": "$2.25 per 100G"
      }
    }
  },
  {
    "id": "schwarzkopf-extra-care-hairspray-strong-styling",
    "brand": "Schwarzkopf",
    "name": "Extra Care Strong Styling Hair Spray",
    "imageUrl": "https://shop.coles.com.au/wcsstore/Coles-CAS/images/2/8/9/289794-th.jpg",
    "categories": ["health-beauty"],
    "tags": ["hair-care", "gel-mousse-styling"],
    "locations": {
      "vic": {
        "price": 7,
        "promoText": " ",
        "packageSize": "250g",
        "packagePrice": "$2.80 per 100G"
      }
    }
  },
  {
    "id": "taft-full-on-instant-freeze-jelly",
    "brand": "Schwarzkopf",
    "name": "Taft Full On Instant Freeze Jelly",
    "imageUrl": "https://shop.coles.com.au/wcsstore/Coles-CAS/images/2/6/6/2662935-th.jpg",
    "categories": ["health-beauty"],
    "tags": ["hair-care", "gel-mousse-styling"],
    "locations": {
      "vic": {
        "price": 6.4,
        "promoText": "$1.60 ",
        "packageSize": "200mL",
        "packagePrice": "$3.20 per 100mL"
      }
    }
  },
  {
    "id": "schwarzkopf-got2b-hairspray-2sexy",
    "brand": "Schwarzkopf",
    "name": "Got2b 2 Sexy Volumizing Hairspray",
    "imageUrl": "https://shop.coles.com.au/wcsstore/Coles-CAS/images/3/5/3/3534963-th.jpg",
    "categories": ["health-beauty"],
    "tags": ["hair-care", "gel-mousse-styling"],
    "locations": {
      "vic": {
        "price": 13,
        "promoText": " ",
        "packageSize": "300mL",
        "packagePrice": "$4.33 per 100mL"
      }
    }
  },
  {
    "id": "schwarzkopf-got2b-dry-shampoo-extra-fresh",
    "brand": "Schwarzkopf",
    "name": "Got2b Extra Fresh It Up Dry Shampoo",
    "imageUrl": "https://shop.coles.com.au/wcsstore/Coles-CAS/images/3/5/3/3534941-th.jpg",
    "categories": ["health-beauty"],
    "tags": ["hair-care", "gel-mousse-styling"],
    "locations": {
      "vic": {
        "price": 13,
        "promoText": " ",
        "packageSize": "200mL",
        "packagePrice": "$6.50 per 100mL"
      }
    }
  },
  {
    "id": "shockwaves-hairplay-gel-extreme-hold",
    "brand": "Shockwaves",
    "name": "Extreme Free Style HairGel",
    "imageUrl": "https://shop.coles.com.au/wcsstore/Coles-CAS/images/7/5/3/7536891-th.jpg",
    "categories": ["health-beauty"],
    "tags": ["hair-care", "gel-mousse-styling"],
    "locations": {
      "vic": {
        "price": 5,
        "promoText": " ",
        "packageSize": "250mL",
        "packagePrice": "$2.00 per 100G"
      }
    }
  },
  {
    "id": "tresemme-hair-spray-freeze-hold",
    "brand": "Tresemme",
    "name": "Hairspray Salon Finish Freeze Hold",
    "imageUrl": "https://shop.coles.com.au/wcsstore/Coles-CAS/images/5/0/0/5004574-th.jpg",
    "categories": ["health-beauty"],
    "tags": ["hair-care", "gel-mousse-styling"],
    "locations": {
      "vic": {
        "price": 8.2,
        "promoText": " ",
        "packageSize": "360g",
        "packagePrice": "$2.28 per 100G"
      }
    }
  },
  {
    "id": "advanced-v05-gel-wet-look",
    "brand": "VO5",
    "name": "Wet Look Styling Gel",
    "imageUrl": "https://shop.coles.com.au/wcsstore/Coles-CAS/images/9/2/7/9278378-th.jpg",
    "categories": ["health-beauty"],
    "tags": ["hair-care", "gel-mousse-styling"],
    "locations": {
      "vic": {
        "price": 4,
        "promoText": " ",
        "packageSize": "175mL",
        "packagePrice": "$2.29 per 100mL"
      }
    }
  },
  {
    "id": "vo5-styling-extreme-matt-clay",
    "brand": "VO5",
    "name": "Extreme Styling Matt Clay",
    "imageUrl": "https://shop.coles.com.au/wcsstore/Coles-CAS/images/4/2/7/4272818-th.jpg",
    "categories": ["health-beauty"],
    "tags": ["hair-care", "gel-mousse-styling"],
    "locations": {
      "vic": {
        "price": 7.5,
        "promoText": " ",
        "packageSize": "85g",
        "packagePrice": "$8.82 per 100G"
      }
    }
  },
  {
    "id": "organix-moroccan-oil-argan-penetrating",
    "brand": "Ogx",
    "name": "Moroccan Argan Penetrating Oil",
    "imageUrl": "https://shop.coles.com.au/wcsstore/Coles-CAS/images/8/6/2/8627948-th.jpg",
    "categories": ["health-beauty"],
    "tags": ["hair-care", "hair-treatments"],
    "locations": {
      "vic": {
        "price": 12.5,
        "promoText": "$12.50 ",
        "packageSize": "100mL",
        "packagePrice": "$12.50 per 100mL"
      }
    }
  },
  {
    "id": "bastiste-dry-shampoo-blush",
    "brand": "Batiste",
    "name": "Floral & Flirty Blush Dry Shampoo",
    "imageUrl": "https://shop.coles.com.au/wcsstore/Coles-CAS/images/1/3/3/1331342-th.jpg",
    "categories": ["health-beauty"],
    "tags": ["hair-care", "hair-treatments"],
    "locations": {
      "vic": {
        "price": 5,
        "promoText": "$5.00 ",
        "packageSize": "200mL",
        "packagePrice": "$2.50 per 100mL"
      }
    }
  },
  {
    "id": "ogx-extra-strength-damage-remedy-coconut-oil-conditioner-2940109p",
    "brand": "Ogx",
    "name": "Extra Strength Coconut Miracle Oil",
    "imageUrl": "https://shop.coles.com.au/wcsstore/Coles-CAS/images/2/9/4/2940109-th.jpg",
    "categories": ["health-beauty"],
    "tags": ["hair-care", "hair-treatments"],
    "locations": {
      "vic": {
        "price": 10.5,
        "promoText": "$10.50 ",
        "packageSize": "100mL",
        "packagePrice": "$10.50 per 100mL"
      }
    }
  },
  {
    "id": "bastiste-dry-shampoo-tropical",
    "brand": "Batiste",
    "name": "Coconut & Exotic Tropical Dry Shampoo",
    "imageUrl": "https://shop.coles.com.au/wcsstore/Coles-CAS/images/1/3/3/1331353-th.jpg",
    "categories": ["health-beauty"],
    "tags": ["hair-care", "hair-treatments"],
    "locations": {
      "vic": {
        "price": 5,
        "promoText": "$5.00 ",
        "packageSize": "200mL",
        "packagePrice": "$2.50 per 100mL"
      }
    }
  },
  {
    "id": "john-frieda-frizz-ease-secret-weapon-cre",
    "brand": "John Frieda",
    "name": "Frizz Ease Secret Weapon Creme",
    "imageUrl": "https://shop.coles.com.au/wcsstore/Coles-CAS/images/8/1/0/8108645-th.jpg",
    "categories": ["health-beauty"],
    "tags": ["hair-care", "hair-treatments"],
    "locations": {
      "vic": {
        "price": 11.9,
        "promoText": "$5.10 ",
        "packageSize": "113g",
        "packagePrice": "$10.53 per 100G"
      }
    }
  },
  {
    "id": "organix-hevenly-hydration-cherry-blossom-conditioner",
    "brand": "Ogx",
    "name": "Hevenly Hydration Cherry Blossom Conditioner",
    "imageUrl": "https://shop.coles.com.au/wcsstore/Coles-CAS/images/2/3/2/2321275-th.jpg",
    "categories": ["health-beauty"],
    "tags": ["hair-care", "hair-treatments"],
    "locations": {
      "vic": {
        "price": 10,
        "promoText": "$10.00 ",
        "packageSize": "385mL",
        "packagePrice": "$2.60 per 100mL"
      }
    }
  },
  {
    "id": "ogx-extra-strength-penetrating-oil",
    "brand": "Ogx",
    "name": "Penetrating Oil Extra Strength",
    "imageUrl": "https://shop.coles.com.au/wcsstore/Coles-CAS/images/3/7/3/3732355-th.jpg",
    "categories": ["health-beauty"],
    "tags": ["hair-care", "hair-treatments"],
    "locations": {
      "vic": {
        "price": 12.5,
        "promoText": "$12.50 ",
        "packageSize": "100mL",
        "packagePrice": "$12.50 per 100mL"
      }
    }
  },
  {
    "id": "toni-guy-mask-purple",
    "brand": "Toni & Guy",
    "name": "Purple Toning Mask",
    "imageUrl": "https://shop.coles.com.au/wcsstore/Coles-CAS/images/3/4/1/3417325-th.jpg",
    "categories": ["health-beauty"],
    "tags": ["hair-care", "hair-treatments"],
    "locations": {
      "vic": {
        "price": 16,
        "promoText": "Any 2 $25",
        "packageSize": "285mL",
        "packagePrice": "$5.61 per 100mL"
      }
    }
  },
  {
    "id": "batiste-dry-shampoo-medium",
    "brand": "Batiste",
    "name": "Medium Brunette Dry Shampoo",
    "imageUrl": "https://shop.coles.com.au/wcsstore/Coles-CAS/images/1/2/5/1256826-th.jpg",
    "categories": ["health-beauty"],
    "tags": ["hair-care", "hair-treatments"],
    "locations": {
      "vic": {
        "price": 13,
        "promoText": " ",
        "packageSize": "200mL",
        "packagePrice": "$6.50 per 100mL"
      }
    }
  },
  {
    "id": "garnier-fructis-hair-fod-coconut",
    "brand": "Garnier",
    "name": "Fructis Coconut Extract Hair Mask",
    "imageUrl": "https://shop.coles.com.au/wcsstore/Coles-CAS/images/3/7/2/3721177-th.jpg",
    "categories": ["health-beauty"],
    "tags": ["hair-care", "hair-treatments"],
    "locations": {
      "vic": {
        "price": 3.5,
        "promoText": "$3.50 ",
        "packageSize": "100mL",
        "packagePrice": "$3.50 per 100mL"
      }
    }
  },
  {
    "id": "loreal-elvive-mask-colour-protect-purple",
    "brand": "L'Oreal",
    "name": "Elvive Colour Protect Purple Conditioner",
    "imageUrl": "https://shop.coles.com.au/wcsstore/Coles-CAS/images/3/4/2/3422370-th.jpg",
    "categories": ["health-beauty"],
    "tags": ["hair-care", "hair-treatments"],
    "locations": {
      "vic": {
        "price": 7.45,
        "promoText": "$2.50 ",
        "packageSize": "150mL",
        "packagePrice": "$4.97 per 100mL"
      }
    }
  },
  {
    "id": "organix-moroccan-argan-oil-renew-treatment",
    "brand": "Ogx",
    "name": "Argan Oil of Morocco Renew Treatment",
    "imageUrl": "https://shop.coles.com.au/wcsstore/Coles-CAS/images/8/6/3/8631934-th.jpg",
    "categories": ["health-beauty"],
    "tags": ["hair-care", "hair-treatments"],
    "locations": {
      "vic": {
        "price": 10,
        "promoText": "$10.00 ",
        "packageSize": "237mL",
        "packagePrice": "$4.22 per 100mL"
      }
    }
  },
  {
    "id": "organix-serum-anti-breakage-coconut-milk",
    "brand": "Ogx",
    "name": "Anti Breakage Coconut Milk Serum",
    "imageUrl": "https://shop.coles.com.au/wcsstore/Coles-CAS/images/6/8/9/6896530-th.jpg",
    "categories": ["health-beauty"],
    "tags": ["hair-care", "hair-treatments"],
    "locations": {
      "vic": {
        "price": 10,
        "promoText": "$10.00 ",
        "packageSize": "118mL",
        "packagePrice": "$8.47 per 100mL"
      }
    }
  },
  {
    "id": "pantene-treatment-intensive-masque-moisture-renewal",
    "brand": "Pantene",
    "name": "Pro-V Intensive Hair Masque Daily Moisture Renewal Treatment",
    "imageUrl": "https://shop.coles.com.au/wcsstore/Coles-CAS/images/7/5/4/7549769-th.jpg",
    "categories": ["health-beauty"],
    "tags": ["hair-care", "hair-treatments"],
    "locations": {
      "vic": {
        "price": 10,
        "promoText": " ",
        "packageSize": "300mL",
        "packagePrice": "$3.33 per 100mL"
      }
    }
  },
  {
    "id": "hask-argan-5-in-1-leave-in-conditioner",
    "brand": "Hask",
    "name": "Argan 5 In 1 Leave In Conditioner",
    "imageUrl": "https://shop.coles.com.au/wcsstore/Coles-CAS/images/2/9/4/2940506-th.jpg",
    "categories": ["health-beauty"],
    "tags": ["hair-care", "hair-treatments"],
    "locations": {
      "vic": {
        "price": 7.5,
        "promoText": "$7.50 ",
        "packageSize": "175mL",
        "packagePrice": "$4.29 per 100mL"
      }
    }
  },
  {
    "id": "loreal-elvive-oil-extraordinary",
    "brand": "L'Oreal",
    "name": "Elvive Oil Extraordinary",
    "imageUrl": "https://shop.coles.com.au/wcsstore/Coles-CAS/images/9/9/3/9936530-th.jpg",
    "categories": ["health-beauty"],
    "tags": ["hair-care", "hair-treatments"],
    "locations": {
      "vic": {
        "price": 15,
        "promoText": "$5.00 ",
        "packageSize": "100mL",
        "packagePrice": "$15.00 per 100mL"
      }
    }
  },
  {
    "id": "loreal-elvive-treatment-cream-dream-lengths",
    "brand": "L'oreal Elvive Treatment",
    "name": "Dream Lengths No Hair Cut Leave In Cream",
    "imageUrl": "https://shop.coles.com.au/wcsstore/Coles-CAS/images/3/6/1/3610471-th.jpg",
    "categories": ["health-beauty"],
    "tags": ["hair-care", "hair-treatments"],
    "locations": {
      "vic": {
        "price": 9,
        "promoText": "$3.00 ",
        "packageSize": "200mL",
        "packagePrice": "$4.50 per 100mL"
      }
    }
  },
  {
    "id": "palmolive-fashion-girl-detangler-spray-rose-petals",
    "brand": "Palmolive",
    "name": "Fashion Girl Rose Petals Detangler Spray",
    "imageUrl": "https://shop.coles.com.au/wcsstore/Coles-CAS/images/6/4/2/6423991-th.jpg",
    "categories": ["health-beauty"],
    "tags": ["hair-care", "hair-treatments"],
    "locations": {
      "vic": {
        "price": 5,
        "promoText": " ",
        "packageSize": "250mL",
        "packagePrice": "$2.00 per 100mL"
      }
    }
  },
  {
    "id": "pantene-leavein-treatment-smoothening-creme",
    "brand": "Pantene",
    "name": "Pro V Smoothing Combing Creme",
    "imageUrl": "https://shop.coles.com.au/wcsstore/Coles-CAS/images/3/6/1/3611226-th.jpg",
    "categories": ["health-beauty"],
    "tags": ["hair-care", "hair-treatments"],
    "locations": {
      "vic": {
        "price": 6.5,
        "promoText": " ",
        "packageSize": "200mL",
        "packagePrice": "$3.25 per 100mL"
      }
    }
  },
  {
    "id": "pantene-treatment-nourishing-mask",
    "brand": "Pantene",
    "name": "Pro V Nourishing Mask Treatment",
    "imageUrl": "https://shop.coles.com.au/wcsstore/Coles-CAS/images/3/6/1/3611259-th.jpg",
    "categories": ["health-beauty"],
    "tags": ["hair-care", "hair-treatments"],
    "locations": {
      "vic": {
        "price": 5,
        "promoText": " ",
        "packageSize": "50mL",
        "packagePrice": "$10.00 per 100mL"
      }
    }
  },
  {
    "id": "pyrenel-head-lice-foam",
    "brand": "Pyrenel",
    "name": "Head Lice Foam",
    "imageUrl": "https://shop.coles.com.au/wcsstore/Coles-CAS/images/5/6/3/5637990-th.jpg",
    "categories": ["health-beauty"],
    "tags": ["hair-care", "hair-treatments"],
    "locations": {
      "vic": {
        "price": 9,
        "promoText": " ",
        "packageSize": "100mL",
        "packagePrice": "$9.00 per 100mL"
      }
    }
  },
  {
    "id": "quit-nits-one-lice-treatment",
    "brand": "Quit Nits",
    "name": "Treat Once To Kill Lice & Eggs",
    "imageUrl": "https://shop.coles.com.au/wcsstore/Coles-CAS/images/8/6/6/8662042-th.jpg",
    "categories": ["health-beauty"],
    "tags": ["hair-care", "hair-treatments"],
    "locations": {
      "vic": {
        "price": 20,
        "promoText": " ",
        "packageSize": "200mL",
        "packagePrice": "$10.00 per 100mL"
      }
    }
  },
  {
    "id": "quit-nits-head-lice-foam",
    "brand": "Quit Nits",
    "name": "Kills Head+Body Lice Foam",
    "imageUrl": "https://shop.coles.com.au/wcsstore/Coles-CAS/images/3/1/5/3155003-th.jpg",
    "categories": ["health-beauty"],
    "tags": ["hair-care", "hair-treatments"],
    "locations": {
      "vic": {
        "price": 9,
        "promoText": " ",
        "packageSize": "125mL",
        "packagePrice": "$7.20 per 100mL"
      }
    }
  },
  {
    "id": "schwarzkopf-extra-care-balance-leavein-condition",
    "brand": "Schwarzkopf",
    "name": "Extra Care Normal Balance Leave In Conditioner",
    "imageUrl": "https://shop.coles.com.au/wcsstore/Coles-CAS/images/3/4/6/3467731-th.jpg",
    "categories": ["health-beauty"],
    "tags": ["hair-care", "hair-treatments"],
    "locations": {
      "vic": {
        "price": 6.3,
        "promoText": "$2.70 ",
        "packageSize": "250mL",
        "packagePrice": "$2.52 per 100mL"
      }
    }
  },
  {
    "id": "dove-hair-therapy-daily-moisture-shampoo",
    "brand": "Dove",
    "name": "Nutritive Solutions Daily Moisture Shampoo",
    "imageUrl": "https://shop.coles.com.au/wcsstore/Coles-CAS/images/2/1/0/2103514-th.jpg",
    "categories": ["health-beauty"],
    "tags": ["hair-care", "shampo"],
    "locations": {
      "vic": {
        "price": 11.9,
        "promoText": " ",
        "packageSize": "640mL",
        "packagePrice": "$1.86 per 100mL"
      }
    }
  },
  {
    "id": "head-shoulders-anti-dandruff-clean-balanced-shampoo",
    "brand": "Head & Shoulders",
    "name": "Clean & Balanced Anti-Dandruff Shampoo",
    "imageUrl": "https://shop.coles.com.au/wcsstore/Coles-CAS/images/9/0/1/9015390-th.jpg",
    "categories": ["health-beauty"],
    "tags": ["hair-care", "shampo"],
    "locations": {
      "vic": {
        "price": 11,
        "promoText": " ",
        "packageSize": "400mL",
        "packagePrice": "$2.75 per 100mL"
      }
    }
  },
  {
    "id": "head-shoulders-anti-dandruff-dry-scalp-care-shampoo-9269898p",
    "brand": "Head & Shoulders",
    "name": "Anti-Dandruff Dry Scalp Care Shampoo",
    "imageUrl": "https://shop.coles.com.au/wcsstore/Coles-CAS/images/9/2/6/9269898-th.jpg",
    "categories": ["health-beauty"],
    "tags": ["hair-care", "shampo"],
    "locations": {
      "vic": {
        "price": 11,
        "promoText": " ",
        "packageSize": "400mL",
        "packagePrice": "$2.75 per 100mL"
      }
    }
  },
  {
    "id": "palmolive-naturals-active-nourishment-shampoo",
    "brand": "Palmolive",
    "name": "Naturals Active Nourishment Shampoo",
    "imageUrl": "https://shop.coles.com.au/wcsstore/Coles-CAS/images/5/8/9/5890970-th.jpg",
    "categories": ["health-beauty"],
    "tags": ["hair-care", "shampo"],
    "locations": {
      "vic": {
        "price": 3.9,
        "promoText": " ",
        "packageSize": "700mL",
        "packagePrice": "$0.56 per 100mL"
      }
    }
  },
  {
    "id": "sukin-hydrating-shampoo",
    "brand": "Sukin",
    "name": "Hydrating Shampoo",
    "imageUrl": "https://shop.coles.com.au/wcsstore/Coles-CAS/images/2/9/9/2994119-th.jpg",
    "categories": ["health-beauty"],
    "tags": ["hair-care", "shampo"],
    "locations": {
      "vic": {
        "price": 18,
        "promoText": " ",
        "packageSize": "500mL",
        "packagePrice": "$3.60 per 100mL"
      }
    }
  },
  {
    "id": "organic-care--normal-balance-shampoo",
    "brand": "Organic Care",
    "name": "Normal Balance Shampoo",
    "imageUrl": "https://shop.coles.com.au/wcsstore/Coles-CAS/images/2/6/7/2679100-th.jpg",
    "categories": ["health-beauty"],
    "tags": ["hair-care", "shampo"],
    "locations": {
      "vic": {
        "price": 6,
        "promoText": " ",
        "packageSize": "725mL",
        "packagePrice": "$0.83 per 100mL"
      }
    }
  },
  {
    "id": "head-shoulders-shampoo-conditioner-2in1-dry-scalp",
    "brand": "Head & Shoulders",
    "name": "2 in 1 Dry Scalp Shampoo & Conditioner",
    "imageUrl": "https://shop.coles.com.au/wcsstore/Coles-CAS/images/1/5/9/1593098-th.jpg",
    "categories": ["health-beauty"],
    "tags": ["hair-care", "shampo"],
    "locations": {
      "vic": {
        "price": 11,
        "promoText": " ",
        "packageSize": "350mL",
        "packagePrice": "$3.14 per 100mL"
      }
    }
  },
  {
    "id": "head-shoulders-clean-balanced-shampoo",
    "brand": "Head & Shoulders",
    "name": "Clean & Balanced Shampoo",
    "imageUrl": "https://shop.coles.com.au/wcsstore/Coles-CAS/images/2/3/5/2350273-th.jpg",
    "categories": ["health-beauty"],
    "tags": ["hair-care", "shampo"],
    "locations": {
      "vic": {
        "price": 12,
        "promoText": "Was $16.00 on Feb 2018 ",
        "packageSize": "620mL",
        "packagePrice": "$1.94 per 100mL"
      }
    }
  },
  {
    "id": "head-shoulders-supreme-shampoo-moisture-3164070p",
    "brand": "Head & Shoulders",
    "name": "Supreme Moisture Anti-Dandruff Shampoo",
    "imageUrl": "https://shop.coles.com.au/wcsstore/Coles-CAS/images/3/1/6/3164070-th.jpg",
    "categories": ["health-beauty"],
    "tags": ["hair-care", "shampo"],
    "locations": {
      "vic": {
        "price": 15,
        "promoText": " ",
        "packageSize": "400mL",
        "packagePrice": "$3.75 per 100mL"
      }
    }
  },
  {
    "id": "organic-care-normal-balance-shampoo",
    "brand": "Organic Care",
    "name": "Normal Balance Shampoo",
    "imageUrl": "https://shop.coles.com.au/wcsstore/Coles-CAS/images/6/8/4/6849100-th.jpg",
    "categories": ["health-beauty"],
    "tags": ["hair-care", "shampo"],
    "locations": {
      "vic": {
        "price": 3.5,
        "promoText": " ",
        "packageSize": "400mL",
        "packagePrice": "$0.88 per 100mL"
      }
    }
  },
  {
    "id": "sukin-shampoo-natural-balance",
    "brand": "Sukin",
    "name": "Natural Balance Shampoo",
    "imageUrl": "https://shop.coles.com.au/wcsstore/Coles-CAS/images/3/1/5/3154930-th.jpg",
    "categories": ["health-beauty"],
    "tags": ["hair-care", "shampo"],
    "locations": {
      "vic": {
        "price": 28,
        "promoText": " ",
        "packageSize": "1L",
        "packagePrice": "$2.80 per 100mL"
      }
    }
  },
  {
    "id": "dove-hair-therapy-intensive-repair-shampoo-2103467p",
    "brand": "Dove",
    "name": "Hair Therapy Intensive Repair Shampoo",
    "imageUrl": "https://shop.coles.com.au/wcsstore/Coles-CAS/images/2/1/0/2103467-th.jpg",
    "categories": ["health-beauty"],
    "tags": ["hair-care", "shampo"],
    "locations": {
      "vic": {
        "price": 6.9,
        "promoText": " ",
        "packageSize": "320mL",
        "packagePrice": "$2.16 per 100mL"
      }
    }
  },
  {
    "id": "schwarzkopf-shampoo-extra-care-marrakesh",
    "brand": "Schwarzkopf",
    "name": "Extra Care Marrakesh Oil And Coconut Shampoo",
    "imageUrl": "https://shop.coles.com.au/wcsstore/Coles-CAS/images/9/1/9/9192851-th.jpg",
    "categories": ["health-beauty"],
    "tags": ["hair-care", "shampo"],
    "locations": {
      "vic": {
        "price": 3.45,
        "promoText": "$3.45 ",
        "packageSize": "400mL",
        "packagePrice": "$0.86 per 100mL"
      }
    }
  },
  {
    "id": "garnier-fructis-shampoo-normal-3303100p",
    "brand": "Garnier",
    "name": "Fructis Normal Shampoo",
    "imageUrl": "https://shop.coles.com.au/wcsstore/Coles-CAS/images/3/3/0/3303100-th.jpg",
    "categories": ["health-beauty"],
    "tags": ["hair-care", "shampo"],
    "locations": {
      "vic": {
        "price": 3.5,
        "promoText": "$3.50 ",
        "packageSize": "315mL",
        "packagePrice": "$1.11 per 100mL"
      }
    }
  },
  {
    "id": "garnier-fructis-shampoo-coconut-water-3302742p",
    "brand": "Garnier",
    "name": "Fructis Coconut Water Shampoo",
    "imageUrl": "https://shop.coles.com.au/wcsstore/Coles-CAS/images/3/3/0/3302742-th.jpg",
    "categories": ["health-beauty"],
    "tags": ["hair-care", "shampo"],
    "locations": {
      "vic": {
        "price": 3.5,
        "promoText": "$3.50 ",
        "packageSize": "315mL",
        "packagePrice": "$1.11 per 100mL"
      }
    }
  },
  {
    "id": "herbal-essences-shampoo-hello-hydration",
    "brand": "Herbal Essences",
    "name": "Hello Hydration Shampoo",
    "imageUrl": "https://shop.coles.com.au/wcsstore/Coles-CAS/images/5/8/9/5891892-th.jpg",
    "categories": ["health-beauty"],
    "tags": ["hair-care", "shampo"],
    "locations": {
      "vic": {
        "price": 5.5,
        "promoText": " ",
        "packageSize": "300mL",
        "packagePrice": "$1.83 per 100mL"
      }
    }
  },
  {
    "id": "dove-shampoo-mens-2-in-1-fresh-clean",
    "brand": "Dove",
    "name": "Men Fresh Clean 2 in 1 Hair Shampoo",
    "imageUrl": "https://shop.coles.com.au/wcsstore/Coles-CAS/images/1/2/5/1257126-th.jpg",
    "categories": ["health-beauty"],
    "tags": ["hair-care", "shampo"],
    "locations": {
      "vic": {
        "price": 6.5,
        "promoText": " ",
        "packageSize": "300mL",
        "packagePrice": "$2.17 per 100mL"
      }
    }
  },
  {
    "id": "garnier-fructis-shampoo-normal",
    "brand": "Garnier",
    "name": "Fructis Normal Shampoo",
    "imageUrl": "https://shop.coles.com.au/wcsstore/Coles-CAS/images/3/3/0/3303268-th.jpg",
    "categories": ["health-beauty"],
    "tags": ["hair-care", "shampo"],
    "locations": {
      "vic": {
        "price": 7.5,
        "promoText": "$7.50 ",
        "packageSize": "850mL",
        "packagePrice": "$0.88 per 100mL"
      }
    }
  },
  {
    "id": "hask-argan-shampoo",
    "brand": "Hask",
    "name": "Argan Oil Shampoo",
    "imageUrl": "https://shop.coles.com.au/wcsstore/Coles-CAS/images/2/9/4/2940175-th.jpg",
    "categories": ["health-beauty"],
    "tags": ["hair-care", "shampo"],
    "locations": {
      "vic": {
        "price": 7.5,
        "promoText": "$7.50 ",
        "packageSize": "355mL",
        "packagePrice": "$2.11 per 100mL"
      }
    }
  },
  {
    "id": "head-shoulders-shampoo-itchy-scalp-7833886p",
    "brand": "Head & Shoulders",
    "name": "Itchy Scalp Shampoo",
    "imageUrl": "https://shop.coles.com.au/wcsstore/Coles-CAS/images/7/8/3/7833886-th.jpg",
    "categories": ["health-beauty"],
    "tags": ["hair-care", "shampo"],
    "locations": {
      "vic": {
        "price": 11,
        "promoText": " ",
        "packageSize": "400mL",
        "packagePrice": "$2.75 per 100mL"
      }
    }
  },
  {
    "id": "head-shoulders-ultramen-shampoo-old-spice-2in1-3416195p",
    "brand": "Head & Shoulders",
    "name": "Ultra Men 2 In 1 Old Spice Shampoo",
    "imageUrl": "https://shop.coles.com.au/wcsstore/Coles-CAS/images/3/4/1/3416195-th.jpg",
    "categories": ["health-beauty"],
    "tags": ["hair-care", "shampo"],
    "locations": {
      "vic": {
        "price": 15,
        "promoText": " ",
        "packageSize": "400mL",
        "packagePrice": "$3.75 per 100mL"
      }
    }
  },
  {
    "id": "head-shoulders-shampoo-deep-clean-2in1",
    "brand": "Head & Shoulders",
    "name": "Ultra Men 2 in 1 Deep Clean Shampoo + Conditioner",
    "imageUrl": "https://shop.coles.com.au/wcsstore/Coles-CAS/images/3/4/1/3416130-th.jpg",
    "categories": ["health-beauty"],
    "tags": ["hair-care", "shampo"],
    "locations": {
      "vic": {
        "price": 19,
        "promoText": " ",
        "packageSize": "550mL",
        "packagePrice": "$3.45 per 100mL"
      }
    }
  },
  {
    "id": "john-frieda-detox-repair-shampo",
    "brand": "John Frieda",
    "name": "Detox & Repair Shampoo",
    "imageUrl": "https://shop.coles.com.au/wcsstore/Coles-CAS/images/3/7/3/3731590-th.jpg",
    "categories": ["health-beauty"],
    "tags": ["hair-care", "shampo"],
    "locations": {
      "vic": {
        "price": 12.6,
        "promoText": "$5.40 ",
        "packageSize": "250mL",
        "packagePrice": "$5.04 per 100mL"
      }
    }
  },
  {
    "id": "natures-organics-frequent-use-wild-berry-shampoo",
    "brand": "Nature's Organics",
    "name": "Frequent Use Wild Berry Shampoo",
    "imageUrl": "https://shop.coles.com.au/wcsstore/Coles-CAS/images/8/3/2/8326770-th.jpg",
    "categories": ["health-beauty"],
    "tags": ["hair-care", "shampo"],
    "locations": {
      "vic": {
        "price": 1.9,
        "promoText": " ",
        "packageSize": "500mL",
        "packagePrice": "$0.38 per 100mL"
      }
    }
  },
  {
    "id": "palmolive-naturals-intensive-moisture-shampoo",
    "brand": "Palmolive",
    "name": "Naturals Intensive Moisture Shampoo",
    "imageUrl": "https://shop.coles.com.au/wcsstore/Coles-CAS/images/5/8/8/5889777-th.jpg",
    "categories": ["health-beauty"],
    "tags": ["hair-care", "shampo"],
    "locations": {
      "vic": {
        "price": 4.5,
        "promoText": "Was $5.00 on Apr 2018 ",
        "packageSize": "350ml",
        "packagePrice": "$1.29 per 100mL"
      }
    }
  },
  {
    "id": "pantene-daily-moisture-reniew-shampoo",
    "brand": "Pantene",
    "name": "Pro-V Daily Moisture Renewal Shampoo",
    "imageUrl": "https://shop.coles.com.au/wcsstore/Coles-CAS/images/2/2/9/2290557-th.jpg",
    "categories": ["health-beauty"],
    "tags": ["hair-care", "shampo"],
    "locations": {
      "vic": {
        "price": 0,
        "promoText": " ",
        "packageSize": "900mL",
        "packagePrice": ""
      }
    }
  },
  {
    "id": "redwin-shampoo-tea-tree",
    "brand": "Redwin",
    "name": "Tea Tree Shampoo",
    "imageUrl": "https://shop.coles.com.au/wcsstore/Coles-CAS/images/6/7/7/6776812-th.jpg",
    "categories": ["health-beauty"],
    "tags": ["hair-care", "shampo"],
    "locations": {
      "vic": {
        "price": 4.85,
        "promoText": " ",
        "packageSize": "250mL",
        "packagePrice": "$1.94 per 100mL"
      }
    }
  },
  {
    "id": "schwarzkopf-extra-care-shampoo-ultimate-repair",
    "brand": "Schwarzkopf",
    "name": "Extra Care Ultimate Repair Shampoo",
    "imageUrl": "https://shop.coles.com.au/wcsstore/Coles-CAS/images/8/1/4/8143001-th.jpg",
    "categories": ["health-beauty"],
    "tags": ["hair-care", "shampo"],
    "locations": {
      "vic": {
        "price": 3.45,
        "promoText": "$3.45 ",
        "packageSize": "400mL",
        "packagePrice": "$0.86 per 100mL"
      }
    }
  },
  {
    "id": "schwarzkopf-extra-care-shampoo-ultimate-repair-3156232p",
    "brand": "Schwarzkopf",
    "name": "Extra Care Shampoo Ultimate Repair",
    "imageUrl": "https://shop.coles.com.au/wcsstore/Coles-CAS/images/3/1/5/3156232-th.jpg",
    "categories": ["health-beauty"],
    "tags": ["hair-care", "shampo"],
    "locations": {
      "vic": {
        "price": 7,
        "promoText": "$7.00 ",
        "packageSize": "900mL",
        "packagePrice": "$0.78 per 100mL"
      }
    }
  },
  {
    "id": "selsun-medicated-scalp-treatment-shampoo",
    "brand": "Selsun",
    "name": "Gold Dandruff Treatment Shampoo",
    "imageUrl": "https://shop.coles.com.au/wcsstore/Coles-CAS/images/9/6/9/9695590-th.jpg",
    "categories": ["health-beauty"],
    "tags": ["hair-care", "shampo"],
    "locations": {
      "vic": {
        "price": 8.8,
        "promoText": "$2.20 ",
        "packageSize": "200mL",
        "packagePrice": "$4.40 per 100mL"
      }
    }
  },
  {
    "id": "sukin-shampoo-hydrating",
    "brand": "Sukin",
    "name": "Hydrating Shampoo",
    "imageUrl": "https://shop.coles.com.au/wcsstore/Coles-CAS/images/3/1/5/3154940-th.jpg",
    "categories": ["health-beauty"],
    "tags": ["hair-care", "shampo"],
    "locations": {
      "vic": {
        "price": 28,
        "promoText": " ",
        "packageSize": "1L",
        "packagePrice": "$2.80 per 100mL"
      }
    }
  },
  {
    "id": "sunsilk-shampoo-longer-stronger-9972045p",
    "brand": "Sunsilk",
    "name": "Longer & Stronger Shampoo",
    "imageUrl": "https://shop.coles.com.au/wcsstore/Coles-CAS/images/9/9/7/9972045-th.jpg",
    "categories": ["health-beauty"],
    "tags": ["hair-care", "shampo"],
    "locations": {
      "vic": {
        "price": 10,
        "promoText": " ",
        "packageSize": "700mL",
        "packagePrice": "$1.43 per 100mL"
      }
    }
  },
  {
    "id": "dove-hair-therapy-intensive-repair-shampoo",
    "brand": "Dove",
    "name": "Hair Therapy Intensive Repair Shampoo",
    "imageUrl": "https://shop.coles.com.au/wcsstore/Coles-CAS/images/2/1/0/2103525-th.jpg",
    "categories": ["health-beauty"],
    "tags": ["hair-care", "shampo"],
    "locations": {
      "vic": {
        "price": 11.9,
        "promoText": " ",
        "packageSize": "640mL",
        "packagePrice": "$1.86 per 100mL"
      }
    }
  },
  {
    "id": "dove-hair-therapy-intensive-repair-conditioner",
    "brand": "Dove",
    "name": "Hair Therapy Intensive Repair Conditioner",
    "imageUrl": "https://shop.coles.com.au/wcsstore/Coles-CAS/images/2/1/0/2103434-th.jpg",
    "categories": ["health-beauty"],
    "tags": ["hair-care", "shampo"],
    "locations": {
      "vic": {
        "price": 11.9,
        "promoText": " ",
        "packageSize": "640mL",
        "packagePrice": "$1.86 per 100mL"
      }
    }
  },
  {
    "id": "garnier-fructis-shampoo-colour-last-3302753p",
    "brand": "Garnier",
    "name": "Fructis Colour Last Shampoo",
    "imageUrl": "https://shop.coles.com.au/wcsstore/Coles-CAS/images/3/3/0/3302753-th.jpg",
    "categories": ["health-beauty"],
    "tags": ["hair-care", "shampo"],
    "locations": {
      "vic": {
        "price": 3.5,
        "promoText": "$3.50 ",
        "packageSize": "315mL",
        "packagePrice": "$1.11 per 100mL"
      }
    }
  },
  {
    "id": "head-shoulders-anti-dandruff-smooth-silky-shampoo-9015380p",
    "brand": "Head & Shoulders",
    "name": "Smooth & Silky Anti-Dandruff Shampoo",
    "imageUrl": "https://shop.coles.com.au/wcsstore/Coles-CAS/images/9/0/1/9015380-th.jpg",
    "categories": ["health-beauty"],
    "tags": ["hair-care", "shampo"],
    "locations": {
      "vic": {
        "price": 11,
        "promoText": " ",
        "packageSize": "400mL",
        "packagePrice": "$2.75 per 100mL"
      }
    }
  },
  {
    "id": "head-and-shoulders-apple-fresh-shampoo-9932801p",
    "brand": "Head & Shoulders",
    "name": "Apple Fresh Shampoo",
    "imageUrl": "https://shop.coles.com.au/wcsstore/Coles-CAS/images/9/9/3/9932801-th.jpg",
    "categories": ["health-beauty"],
    "tags": ["hair-care", "shampo"],
    "locations": {
      "vic": {
        "price": 11,
        "promoText": " ",
        "packageSize": "400mL",
        "packagePrice": "$2.75 per 100mL"
      }
    }
  },
  {
    "id": "head-shoulders-anti-dandruff-clean-balanced-shampoo-9015404p",
    "brand": "Head & Shoulders",
    "name": "Clean & Balanced Anti-Dandruff Shampoo",
    "imageUrl": "https://shop.coles.com.au/wcsstore/Coles-CAS/images/9/0/1/9015404-th.jpg",
    "categories": ["health-beauty"],
    "tags": ["hair-care", "shampo"],
    "locations": {
      "vic": {
        "price": 4.45,
        "promoText": "$1.95 ",
        "packageSize": "200mL",
        "packagePrice": "$2.23 per 100mL"
      }
    }
  },
  {
    "id": "head-shoulders-shampoo-conditioner-2in1-itchy-scalp",
    "brand": "Head & Shoulders",
    "name": "Itchy Scalp 2 In 1 Shampoo & Conditioner",
    "imageUrl": "https://shop.coles.com.au/wcsstore/Coles-CAS/images/1/5/9/1593087-th.jpg",
    "categories": ["health-beauty"],
    "tags": ["hair-care", "shampo"],
    "locations": {
      "vic": {
        "price": 11,
        "promoText": " ",
        "packageSize": "350mL",
        "packagePrice": "$3.14 per 100mL"
      }
    }
  },
  {
    "id": "head-shoulders-itchy-scalp-shampoo",
    "brand": "Head & Shoulders",
    "name": "Itchy Scalp Care Shampoo",
    "imageUrl": "https://shop.coles.com.au/wcsstore/Coles-CAS/images/2/3/5/2350310-th.jpg",
    "categories": ["health-beauty"],
    "tags": ["hair-care", "shampo"],
    "locations": {
      "vic": {
        "price": 12,
        "promoText": "Was $16.00 on Feb 2018 ",
        "packageSize": "620mL",
        "packagePrice": "$1.94 per 100mL"
      }
    }
  },
  {
    "id": "head-shoulders-ultramen-shampoo-hair-retain-2in1",
    "brand": "Head & Shoulders",
    "name": "Ultra Men 2 In 1 Hair Retain Shampoo",
    "imageUrl": "https://shop.coles.com.au/wcsstore/Coles-CAS/images/3/4/1/3416162-th.jpg",
    "categories": ["health-beauty"],
    "tags": ["hair-care", "shampo"],
    "locations": {
      "vic": {
        "price": 15,
        "promoText": " ",
        "packageSize": "400mL",
        "packagePrice": "$3.75 per 100mL"
      }
    }
  },
  {
    "id": "head-shoulders-ultramen-shampoo-deep-clean-2in1-3416173p",
    "brand": "Head & Shoulders",
    "name": "Ultra Men 2 In1 Deep Clean Anti-Dandruff Shampoo + Conditioner",
    "imageUrl": "https://shop.coles.com.au/wcsstore/Coles-CAS/images/3/4/1/3416173-th.jpg",
    "categories": ["health-beauty"],
    "tags": ["hair-care", "shampo"],
    "locations": {
      "vic": {
        "price": 15,
        "promoText": " ",
        "packageSize": "400mL",
        "packagePrice": "$3.75 per 100mL"
      }
    }
  },
  {
    "id": "head-shoulders-supreme-moisture-shampoo",
    "brand": "Head & Shoulders",
    "name": "Supreme Moisture Shampoo",
    "imageUrl": "https://shop.coles.com.au/wcsstore/Coles-CAS/images/3/4/1/3418736-th.jpg",
    "categories": ["health-beauty"],
    "tags": ["hair-care", "shampo"],
    "locations": {
      "vic": {
        "price": 19,
        "promoText": " ",
        "packageSize": "550mL",
        "packagePrice": "$3.45 per 100mL"
      }
    }
  },
  {
    "id": "herbal-essences-moroccan-my-shine-shampoo-2290386p",
    "brand": "Herbal Essences",
    "name": "Moroccan My Shine Shampoo",
    "imageUrl": "https://shop.coles.com.au/wcsstore/Coles-CAS/images/2/2/9/2290386-th.jpg",
    "categories": ["health-beauty"],
    "tags": ["hair-care", "shampo"],
    "locations": {
      "vic": {
        "price": 5.5,
        "promoText": " ",
        "packageSize": "300mL",
        "packagePrice": "$1.83 per 100mL"
      }
    }
  },
  {
    "id": "john-frieda-brilliant-brunette-chestnut-espresso-moisturising-shampoo",
    "brand": "John Frieda",
    "name": "Brilliant Brunette Chestnut Espresso Moisturising Shampoo",
    "imageUrl": "https://shop.coles.com.au/wcsstore/Coles-CAS/images/9/8/0/9806035-th.jpg",
    "categories": ["health-beauty"],
    "tags": ["hair-care", "shampo"],
    "locations": {
      "vic": {
        "price": 11.2,
        "promoText": "$4.80 ",
        "packageSize": "250mL",
        "packagePrice": "$4.48 per 100mL"
      }
    }
  },
  {
    "id": "loreal-elvive-total-repair-shampoo",
    "brand": "L'Oreal",
    "name": "Total Repair Elvive Shampoo",
    "imageUrl": "https://shop.coles.com.au/wcsstore/Coles-CAS/images/3/0/4/3047882-th.jpg",
    "categories": ["health-beauty"],
    "tags": ["hair-care", "shampo"],
    "locations": {
      "vic": {
        "price": 8,
        "promoText": " ",
        "packageSize": "325mL",
        "packagePrice": "$2.46 per 100mL"
      }
    }
  },
  {
    "id": "loreal-elvive-colour-protect-shampoo-3047850p",
    "brand": "L'Oreal",
    "name": "Colour Protect Elvive Shampoo",
    "imageUrl": "https://shop.coles.com.au/wcsstore/Coles-CAS/images/3/0/4/3047850-th.jpg",
    "categories": ["health-beauty"],
    "tags": ["hair-care", "shampo"],
    "locations": {
      "vic": {
        "price": 8,
        "promoText": " ",
        "packageSize": "325mL",
        "packagePrice": "$2.46 per 100mL"
      }
    }
  },
  {
    "id": "loreal-elvive-shampoo-dream-lengths",
    "brand": "L'Oreal",
    "name": "Paris Elvive Dream Lengths Restoring Shampoo",
    "imageUrl": "https://shop.coles.com.au/wcsstore/Coles-CAS/images/3/6/1/3610450-th.jpg",
    "categories": ["health-beauty"],
    "tags": ["hair-care", "shampo"],
    "locations": {
      "vic": {
        "price": 8,
        "promoText": " ",
        "packageSize": "325mL",
        "packagePrice": "$2.46 per 100mL"
      }
    }
  },
  {
    "id": "organix-moroccan-argan-oil-shampoo",
    "brand": "Ogx",
    "name": "Argan Oil of Morocco Shampoo",
    "imageUrl": "https://shop.coles.com.au/wcsstore/Coles-CAS/images/8/6/3/8632020-th.jpg",
    "categories": ["health-beauty"],
    "tags": ["hair-care", "shampo"],
    "locations": {
      "vic": {
        "price": 10,
        "promoText": "$10.00 ",
        "packageSize": "385mL",
        "packagePrice": "$2.60 per 100mL"
      }
    }
  },
  {
    "id": "organix-shampoo-brazilian-keratin",
    "brand": "Ogx",
    "name": "Brazilian Keratin Shampoo",
    "imageUrl": "https://shop.coles.com.au/wcsstore/Coles-CAS/images/8/1/4/8142756-th.jpg",
    "categories": ["health-beauty"],
    "tags": ["hair-care", "shampo"],
    "locations": {
      "vic": {
        "price": 10,
        "promoText": "$10.00 ",
        "packageSize": "385mL",
        "packagePrice": "$2.60 per 100mL"
      }
    }
  },
  {
    "id": "organix-shampoo-coconut-milk",
    "brand": "Ogx",
    "name": "Coconut Milk Shampoo",
    "imageUrl": "https://shop.coles.com.au/wcsstore/Coles-CAS/images/6/8/9/6896723-th.jpg",
    "categories": ["health-beauty"],
    "tags": ["hair-care", "shampo"],
    "locations": {
      "vic": {
        "price": 10,
        "promoText": "$10.00 ",
        "packageSize": "384mL",
        "packagePrice": "$2.60 per 100mL"
      }
    }
  },
  {
    "id": "organix-heavenly-hydration-cherry-blossom-shampoo",
    "brand": "Ogx",
    "name": "Heavenly Hydration Cherry Blossom Shampoo",
    "imageUrl": "https://shop.coles.com.au/wcsstore/Coles-CAS/images/2/3/2/2321253-th.jpg",
    "categories": ["health-beauty"],
    "tags": ["hair-care", "shampo"],
    "locations": {
      "vic": {
        "price": 10,
        "promoText": "$10.00 ",
        "packageSize": "385mL",
        "packagePrice": "$2.60 per 100mL"
      }
    }
  },
  {
    "id": "ogx--quenching-coconut-curls-shampoo",
    "brand": "Ogx",
    "name": "Quenching Coconut Curls Shampoo",
    "imageUrl": "https://shop.coles.com.au/wcsstore/Coles-CAS/images/2/6/7/2675562-th.jpg",
    "categories": ["health-beauty"],
    "tags": ["hair-care", "shampo"],
    "locations": {
      "vic": {
        "price": 10,
        "promoText": "$10.00 ",
        "packageSize": "385mL",
        "packagePrice": "$2.60 per 100mL"
      }
    }
  },
  {
    "id": "ogx-shampoo-detox-pomegranate-ginger",
    "brand": "Ogx",
    "name": "Detoxifying Pomegranate & Ginger Shampoo",
    "imageUrl": "https://shop.coles.com.au/wcsstore/Coles-CAS/images/3/1/5/3155976-th.jpg",
    "categories": ["health-beauty"],
    "tags": ["hair-care", "shampo"],
    "locations": {
      "vic": {
        "price": 10,
        "promoText": "$10.00 ",
        "packageSize": "385mL",
        "packagePrice": "$2.60 per 100mL"
      }
    }
  },
  {
    "id": "palmolive-naturals-active-nourishment-shampoo-4708710p",
    "brand": "Palmolive",
    "name": "Naturals Active Nourishment Shampoo",
    "imageUrl": "https://shop.coles.com.au/wcsstore/Coles-CAS/images/4/7/0/4708710-th.jpg",
    "categories": ["health-beauty"],
    "tags": ["hair-care", "shampo"],
    "locations": {
      "vic": {
        "price": 4.5,
        "promoText": "Was $5.00 on Apr 2018 ",
        "packageSize": "350ml",
        "packagePrice": "$1.29 per 100mL"
      }
    }
  },
  {
    "id": "palmolive-luminous-oil-shampoo-argan-oil",
    "brand": "Palmolive",
    "name": "Luminous Oil Moroccan Argan Oil & Camellia Shampoo",
    "imageUrl": "https://shop.coles.com.au/wcsstore/Coles-CAS/images/3/4/1/3413685-th.jpg",
    "categories": ["health-beauty"],
    "tags": ["hair-care", "shampo"],
    "locations": {
      "vic": {
        "price": 4,
        "promoText": "$1.00 ",
        "packageSize": "350mL",
        "packagePrice": "$1.14 per 100mL"
      }
    }
  },
  {
    "id": "pantene-always-smooth-shampoo",
    "brand": "Pantene",
    "name": "Pro-V Always Smooth & Sleek Shampoo",
    "imageUrl": "https://shop.coles.com.au/wcsstore/Coles-CAS/images/2/2/9/2290444-th.jpg",
    "categories": ["health-beauty"],
    "tags": ["hair-care", "shampo"],
    "locations": {
      "vic": {
        "price": 0,
        "promoText": " ",
        "packageSize": "900mL",
        "packagePrice": ""
      }
    }
  },
  {
    "id": "pantene-shampoo-micellar-water-aloe",
    "brand": "Pantene",
    "name": "Micellar Water Aloe Vera Shampoo",
    "imageUrl": "https://shop.coles.com.au/wcsstore/Coles-CAS/images/3/4/1/3415931-th.jpg",
    "categories": ["health-beauty"],
    "tags": ["hair-care", "shampo"],
    "locations": {
      "vic": {
        "price": 13,
        "promoText": " ",
        "packageSize": "300mL",
        "packagePrice": "$4.33 per 100mL"
      }
    }
  },
  {
    "id": "selsun-blue-5-shampoo",
    "brand": "Selsun",
    "name": "Blue Replenishing Anti-Dandruff Shampoo",
    "imageUrl": "https://shop.coles.com.au/wcsstore/Coles-CAS/images/2/5/6/256591-th.jpg",
    "categories": ["health-beauty"],
    "tags": ["hair-care", "shampo"],
    "locations": {
      "vic": {
        "price": 4.4,
        "promoText": "$1.10 ",
        "packageSize": "200mL",
        "packagePrice": "$2.20 per 100mL"
      }
    }
  },
  {
    "id": "tigi-bed-head-shampoo-l2-recovery",
    "brand": "TIGI",
    "name": "Bed Head Urban Antidotes L2 Recovery Shampoo",
    "imageUrl": "https://shop.coles.com.au/wcsstore/Coles-CAS/images/3/6/1/3611328-th.jpg",
    "categories": ["health-beauty"],
    "tags": ["hair-care", "shampo"],
    "locations": {
      "vic": {
        "price": 20,
        "promoText": " ",
        "packageSize": "250mL",
        "packagePrice": "$8.00 per 100mL"
      }
    }
  },
  {
    "id": "toni-guy-shampoo-purple",
    "brand": "Toni & Guy",
    "name": "Purple Shampoo",
    "imageUrl": "https://shop.coles.com.au/wcsstore/Coles-CAS/images/3/1/5/3157596-th.jpg",
    "categories": ["health-beauty"],
    "tags": ["hair-care", "shampo"],
    "locations": {
      "vic": {
        "price": 16,
        "promoText": "Any 2 $25",
        "packageSize": "250mL",
        "packagePrice": "$6.40 per 100mL"
      }
    }
  },
  {
    "id": "dove-shampoo-mens-anti-dandruff",
    "brand": "Dove",
    "name": "Men+Care Shampoo Anti Dandruff",
    "imageUrl": "https://shop.coles.com.au/wcsstore/Coles-CAS/images/1/2/5/1257068-th.jpg",
    "categories": ["health-beauty"],
    "tags": ["hair-care", "shampo"],
    "locations": {
      "vic": {
        "price": 6.5,
        "promoText": " ",
        "packageSize": "300mL",
        "packagePrice": "$2.17 per 100mL"
      }
    }
  },
  {
    "id": "dove-hair-therapy-daily-moisture-shampoo-2103478p",
    "brand": "Dove",
    "name": "Nutritive Solutions Daily Moisture Shampoo",
    "imageUrl": "https://shop.coles.com.au/wcsstore/Coles-CAS/images/2/1/0/2103478-th.jpg",
    "categories": ["health-beauty"],
    "tags": ["hair-care", "shampo"],
    "locations": {
      "vic": {
        "price": 6.9,
        "promoText": " ",
        "packageSize": "320mL",
        "packagePrice": "$2.16 per 100mL"
      }
    }
  },
  {
    "id": "dove-daily-care-shampoo-2939019p",
    "brand": "Dove",
    "name": "Daily Care Shampoo",
    "imageUrl": "https://shop.coles.com.au/wcsstore/Coles-CAS/images/2/9/3/2939019-th.jpg",
    "categories": ["health-beauty"],
    "tags": ["hair-care", "shampo"],
    "locations": {
      "vic": {
        "price": 11.9,
        "promoText": " ",
        "packageSize": "640mL",
        "packagePrice": "$1.86 per 100mL"
      }
    }
  },
  {
    "id": "essano-shampoo-argan",
    "brand": "Essano",
    "name": "Argan Oil Nourishing Shampoo",
    "imageUrl": "https://shop.coles.com.au/wcsstore/Coles-CAS/images/3/4/1/3418871-th.jpg",
    "categories": ["health-beauty"],
    "tags": ["hair-care", "shampo"],
    "locations": {
      "vic": {
        "price": 8,
        "promoText": "$8.00 ",
        "packageSize": "300mL",
        "packagePrice": "$2.67 per 100mL"
      }
    }
  },
  {
    "id": "garnier-fructis-shampoo-coconut-water",
    "brand": "Garnier",
    "name": "Fructis Coconut Water Shampoo",
    "imageUrl": "https://shop.coles.com.au/wcsstore/Coles-CAS/images/3/3/0/3303224-th.jpg",
    "categories": ["health-beauty"],
    "tags": ["hair-care", "shampo"],
    "locations": {
      "vic": {
        "price": 7.5,
        "promoText": "$7.50 ",
        "packageSize": "850mL",
        "packagePrice": "$0.88 per 100mL"
      }
    }
  },
  {
    "id": "hask-monoi-coconut-shampoo",
    "brand": "Hask",
    "name": "Monoi Coconut Shampoo",
    "imageUrl": "https://shop.coles.com.au/wcsstore/Coles-CAS/images/2/9/4/2940222-th.jpg",
    "categories": ["health-beauty"],
    "tags": ["hair-care", "shampo"],
    "locations": {
      "vic": {
        "price": 7.5,
        "promoText": "$7.50 ",
        "packageSize": "355mL",
        "packagePrice": "$2.11 per 100mL"
      }
    }
  },
  {
    "id": "head-shoulders-2-in-1-dry-scalp-shampoo",
    "brand": "Head & Shoulders",
    "name": "2 in 1 Dry Scalp Shampoo & Conditioner",
    "imageUrl": "https://shop.coles.com.au/wcsstore/Coles-CAS/images/2/1/2/2123760-th.jpg",
    "categories": ["health-beauty"],
    "tags": ["hair-care", "shampo"],
    "locations": {
      "vic": {
        "price": 4.45,
        "promoText": "$1.95 ",
        "packageSize": "180mL",
        "packagePrice": "$2.47 per 100mL"
      }
    }
  },
  {
    "id": "head-shoulders-apple-fresh-shampoo",
    "brand": "Head & Shoulders",
    "name": "Apple Fresh Shampoo",
    "imageUrl": "https://shop.coles.com.au/wcsstore/Coles-CAS/images/2/3/5/2350240-th.jpg",
    "categories": ["health-beauty"],
    "tags": ["hair-care", "shampo"],
    "locations": {
      "vic": {
        "price": 12,
        "promoText": "Was $16.00 on Feb 2018 ",
        "packageSize": "620mL",
        "packagePrice": "$1.94 per 100mL"
      }
    }
  },
  {
    "id": "head-shoulders-dry-scalp-shampoo",
    "brand": "Head & Shoulders",
    "name": "Dry Scalp Shampoo",
    "imageUrl": "https://shop.coles.com.au/wcsstore/Coles-CAS/images/2/3/5/2350295-th.jpg",
    "categories": ["health-beauty"],
    "tags": ["hair-care", "shampo"],
    "locations": {
      "vic": {
        "price": 12,
        "promoText": "Was $16.00 on Feb 2018 ",
        "packageSize": "620mL",
        "packagePrice": "$1.94 per 100mL"
      }
    }
  },
  {
    "id": "head-shoulders-smooth-silky-shampoo",
    "brand": "Head & Shoulders",
    "name": "Smooth & Silky Shampoo",
    "imageUrl": "https://shop.coles.com.au/wcsstore/Coles-CAS/images/2/3/5/2350320-th.jpg",
    "categories": ["health-beauty"],
    "tags": ["hair-care", "shampo"],
    "locations": {
      "vic": {
        "price": 12,
        "promoText": "Was $16.00 on Feb 2018 ",
        "packageSize": "620mL",
        "packagePrice": "$1.94 per 100mL"
      }
    }
  },
  {
    "id": "head-shoulders-supreme-shampoo-smooth-3164106p",
    "brand": "Head & Shoulders",
    "name": "Supreme Smooth Anti Dandruff Shampoo",
    "imageUrl": "https://shop.coles.com.au/wcsstore/Coles-CAS/images/3/1/6/3164106-th.jpg",
    "categories": ["health-beauty"],
    "tags": ["hair-care", "shampo"],
    "locations": {
      "vic": {
        "price": 15,
        "promoText": " ",
        "packageSize": "400mL",
        "packagePrice": "$3.75 per 100mL"
      }
    }
  },
  {
    "id": "head-shoulders-shampoo-old-spice-2in1",
    "brand": "Head & Shoulders",
    "name": "2 in 1 Ultra Men Old Spice Shampoo",
    "imageUrl": "https://shop.coles.com.au/wcsstore/Coles-CAS/images/3/4/1/3416140-th.jpg",
    "categories": ["health-beauty"],
    "tags": ["hair-care", "shampo"],
    "locations": {
      "vic": {
        "price": 19,
        "promoText": " ",
        "packageSize": "550mL",
        "packagePrice": "$3.45 per 100mL"
      }
    }
  },
  {
    "id": "head-shoulders-ultramen-shampoo-sports-2in1",
    "brand": "Head & Shoulders",
    "name": "Ultra Men 2 In1 Sports Fresh Anti-Dandruff Shampoo + Conditioner",
    "imageUrl": "https://shop.coles.com.au/wcsstore/Coles-CAS/images/3/4/1/3416151-th.jpg",
    "categories": ["health-beauty"],
    "tags": ["hair-care", "shampo"],
    "locations": {
      "vic": {
        "price": 15,
        "promoText": " ",
        "packageSize": "400mL",
        "packagePrice": "$3.75 per 100mL"
      }
    }
  },
  {
    "id": "head-shoulders-shampoo-cool-menthol",
    "brand": "Head & Shoulders",
    "name": "Cool Menthol Shampoo",
    "imageUrl": "https://shop.coles.com.au/wcsstore/Coles-CAS/images/3/6/1/3610518-th.jpg",
    "categories": ["health-beauty"],
    "tags": ["hair-care", "shampo"],
    "locations": {
      "vic": {
        "price": 11,
        "promoText": " ",
        "packageSize": "400mL",
        "packagePrice": "$2.75 per 100mL"
      }
    }
  },
  {
    "id": "herbal-essences-colour-me-happy-shampoo",
    "brand": "Herbal Essences",
    "name": "Colour Me Happy Shampoo",
    "imageUrl": "https://shop.coles.com.au/wcsstore/Coles-CAS/images/5/8/9/5891860-th.jpg",
    "categories": ["health-beauty"],
    "tags": ["hair-care", "shampo"],
    "locations": {
      "vic": {
        "price": 5.5,
        "promoText": " ",
        "packageSize": "300mL",
        "packagePrice": "$1.83 per 100mL"
      }
    }
  },
  {
    "id": "herbal-essences-bio-renew-morocco-argan-oil-shampoo",
    "brand": "Herbal Essences",
    "name": "Bio Renew Morocco Argan Oil Shampoo",
    "imageUrl": "https://shop.coles.com.au/wcsstore/Coles-CAS/images/3/0/0/3004879-th.jpg",
    "categories": ["health-beauty"],
    "tags": ["hair-care", "shampo"],
    "locations": {
      "vic": {
        "price": 11,
        "promoText": " ",
        "packageSize": "400mL",
        "packagePrice": "$2.75 per 100mL"
      }
    }
  },
  {
    "id": "herbal-essences-hydrate-coconut-milk-shampoo",
    "brand": "Herbal Essences",
    "name": "Bio Renew Hydrate Coconut Milk Shampoo",
    "imageUrl": "https://shop.coles.com.au/wcsstore/Coles-CAS/images/3/0/0/3004857-th.jpg",
    "categories": ["health-beauty"],
    "tags": ["hair-care", "shampo"],
    "locations": {
      "vic": {
        "price": 11,
        "promoText": " ",
        "packageSize": "400mL",
        "packagePrice": "$2.75 per 100mL"
      }
    }
  },
  {
    "id": "herbal-essences-bio-renew-coconut-milk-shampoo",
    "brand": "Herbal Essences",
    "name": "Bio Renew Coconut Milk Shampoo",
    "imageUrl": "https://shop.coles.com.au/wcsstore/Coles-CAS/images/3/4/1/3417799-th.jpg",
    "categories": ["health-beauty"],
    "tags": ["hair-care", "shampo"],
    "locations": {
      "vic": {
        "price": 17,
        "promoText": " ",
        "packageSize": "600mL",
        "packagePrice": "$2.83 per 100mL"
      }
    }
  },
  {
    "id": "herbal-essences-bio-renew-burbon-manuka-shampoo",
    "brand": "Herbal Essences",
    "name": "Bio Renew Burbon & Manuka Shampoo",
    "imageUrl": "https://shop.coles.com.au/wcsstore/Coles-CAS/images/3/4/1/3417777-th.jpg",
    "categories": ["health-beauty"],
    "tags": ["hair-care", "shampo"],
    "locations": {
      "vic": {
        "price": 0,
        "promoText": " ",
        "packageSize": "400mL",
        "packagePrice": ""
      }
    }
  },
  {
    "id": "herbal-essences-bio-renew-argan-oil-shampoo",
    "brand": "Herbal Essences",
    "name": "Bio Renew Argan Oil Of Morocco Repair Shampoo",
    "imageUrl": "https://shop.coles.com.au/wcsstore/Coles-CAS/images/3/4/1/3417788-th.jpg",
    "categories": ["health-beauty"],
    "tags": ["hair-care", "shampo"],
    "locations": {
      "vic": {
        "price": 17,
        "promoText": " ",
        "packageSize": "600mL",
        "packagePrice": "$2.83 per 100mL"
      }
    }
  },
  {
    "id": "herbal-essences-shampoo-white-grapefruit-mint",
    "brand": "Herbal Essences",
    "name": "White Grapefruit & Mosa Mint Shampoo",
    "imageUrl": "https://shop.coles.com.au/wcsstore/Coles-CAS/images/3/6/1/3611124-th.jpg",
    "categories": ["health-beauty"],
    "tags": ["hair-care", "shampo"],
    "locations": {
      "vic": {
        "price": 17,
        "promoText": " ",
        "packageSize": "600mL",
        "packagePrice": "$2.83 per 100mL"
      }
    }
  },
  {
    "id": "herbal-essences-shampoo-hello-hydration-3610573p",
    "brand": "Herbal Essences",
    "name": "Hello Hydration Shampoo",
    "imageUrl": "https://shop.coles.com.au/wcsstore/Coles-CAS/images/3/6/1/3610573-th.jpg",
    "categories": ["health-beauty"],
    "tags": ["hair-care", "shampo"],
    "locations": {
      "vic": {
        "price": 12,
        "promoText": " ",
        "packageSize": "700mL",
        "packagePrice": "$1.71 per 100mL"
      }
    }
  },
  {
    "id": "john-frieda-frizz-ease-shampoo-smooth-start-repairing",
    "brand": "John Frieda",
    "name": "Frizz Ease Miraculous Recovery Shampoo",
    "imageUrl": "https://shop.coles.com.au/wcsstore/Coles-CAS/images/7/5/3/7534660-th.jpg",
    "categories": ["health-beauty"],
    "tags": ["hair-care", "shampo"],
    "locations": {
      "vic": {
        "price": 11.2,
        "promoText": "$4.80 ",
        "packageSize": "250mL",
        "packagePrice": "$4.48 per 100mL"
      }
    }
  },
  {
    "id": "john-frieda-frizz-ease-shampoo-dream-curls",
    "brand": "John Frieda",
    "name": "Frizz Ease Dream Curls Shampoo",
    "imageUrl": "https://shop.coles.com.au/wcsstore/Coles-CAS/images/7/5/3/7534670-th.jpg",
    "categories": ["health-beauty"],
    "tags": ["hair-care", "shampo"],
    "locations": {
      "vic": {
        "price": 11.2,
        "promoText": "$4.80 ",
        "packageSize": "250mL",
        "packagePrice": "$4.48 per 100mL"
      }
    }
  },
  {
    "id": "john-frieda-collection-sheer-blonde-colour-renew-tone-refreshing-shampoo",
    "brand": "John Frieda",
    "name": "Sheer Blonde Colour Renew Tone-Refreshing Shampoo",
    "imageUrl": "https://shop.coles.com.au/wcsstore/Coles-CAS/images/6/8/8/6886435-th.jpg",
    "categories": ["health-beauty"],
    "tags": ["hair-care", "shampo"],
    "locations": {
      "vic": {
        "price": 12.6,
        "promoText": "$5.40 ",
        "packageSize": "250mL",
        "packagePrice": "$5.04 per 100mL"
      }
    }
  },
  {
    "id": "john-frieda-sher-blonde-shampo-violet-crush",
    "brand": "John Frieda",
    "name": "Violet Crush For Blonde Intensive Toning Shampoo",
    "imageUrl": "https://shop.coles.com.au/wcsstore/Coles-CAS/images/3/7/3/3731669-th.jpg",
    "categories": ["health-beauty"],
    "tags": ["hair-care", "shampo"],
    "locations": {
      "vic": {
        "price": 12.6,
        "promoText": "$5.40 ",
        "packageSize": "250mL",
        "packagePrice": "$5.04 per 100mL"
      }
    }
  },
  {
    "id": "loreal-elvive-colour-protect-shampoo-1850408p",
    "brand": "L'Oreal",
    "name": "Elvive Colour Protect Shampoo",
    "imageUrl": "https://shop.coles.com.au/wcsstore/Coles-CAS/images/1/8/5/1850408-th.jpg",
    "categories": ["health-beauty"],
    "tags": ["hair-care", "shampo"],
    "locations": {
      "vic": {
        "price": 11.5,
        "promoText": "Was $15.00 on May 2020 ",
        "packageSize": "700mL",
        "packagePrice": "$1.64 per 100mL"
      }
    }
  },
  {
    "id": "loreal-elvive-extraordinary-oil-shampoo",
    "brand": "L'Oreal",
    "name": "Elvive Extraordinary Oil Shampoo",
    "imageUrl": "https://shop.coles.com.au/wcsstore/Coles-CAS/images/2/3/2/2321468-th.jpg",
    "categories": ["health-beauty"],
    "tags": ["hair-care", "shampo"],
    "locations": {
      "vic": {
        "price": 11.5,
        "promoText": "Was $15.00 on May 2020 ",
        "packageSize": "700mL",
        "packagePrice": "$1.64 per 100mL"
      }
    }
  },
  {
    "id": "loreal-elvive-extraordinary-oil-shampoo-3047827p",
    "brand": "L'Oreal",
    "name": "Elvive Extraordinary Oil Shampoo",
    "imageUrl": "https://shop.coles.com.au/wcsstore/Coles-CAS/images/3/0/4/3047827-th.jpg",
    "categories": ["health-beauty"],
    "tags": ["hair-care", "shampo"],
    "locations": {
      "vic": {
        "price": 8,
        "promoText": " ",
        "packageSize": "325mL",
        "packagePrice": "$2.46 per 100mL"
      }
    }
  },
  {
    "id": "loreal-elvive-shampoo-colour-protect-purple",
    "brand": "L'Oreal",
    "name": "Elvive Colour Protect Purple Shampoo",
    "imageUrl": "https://shop.coles.com.au/wcsstore/Coles-CAS/images/3/4/2/3422460-th.jpg",
    "categories": ["health-beauty"],
    "tags": ["hair-care", "shampo"],
    "locations": {
      "vic": {
        "price": 9.95,
        "promoText": " ",
        "packageSize": "200mL",
        "packagePrice": "$4.98 per 100mL"
      }
    }
  },
  {
    "id": "marc-anthony-strictly-curls-curl-defining-shampoo",
    "brand": "Marc Anthony",
    "name": "Strictly Curls Curl Defining Shampoo",
    "imageUrl": "https://shop.coles.com.au/wcsstore/Coles-CAS/images/2/9/3/2930116-th.jpg",
    "categories": ["health-beauty"],
    "tags": ["hair-care", "shampo"],
    "locations": {
      "vic": {
        "price": 0,
        "promoText": " ",
        "packageSize": "380mL",
        "packagePrice": ""
      }
    }
  },
  {
    "id": "marc-anthony-dream-big-volume-shampoo",
    "brand": "Marc Anthony",
    "name": "Dream Big Volume Shampoo",
    "imageUrl": "https://shop.coles.com.au/wcsstore/Coles-CAS/images/3/4/1/3415807-th.jpg",
    "categories": ["health-beauty"],
    "tags": ["hair-care", "shampo"],
    "locations": {
      "vic": {
        "price": 0,
        "promoText": " ",
        "packageSize": "250mL",
        "packagePrice": ""
      }
    }
  },
  {
    "id": "maui-shampoo-shea-butter",
    "brand": "Maui",
    "name": "Shea Butter Shampoo",
    "imageUrl": "https://shop.coles.com.au/wcsstore/Coles-CAS/images/3/4/2/3422595-th.jpg",
    "categories": ["health-beauty"],
    "tags": ["hair-care", "shampo"],
    "locations": {
      "vic": {
        "price": 22,
        "promoText": " ",
        "packageSize": "385mL",
        "packagePrice": "$5.71 per 100mL"
      }
    }
  },
  {
    "id": "natural-world-shampoo-argan-oil",
    "brand": "Natural World",
    "name": "Argan Oil Of Morocco Shampoo",
    "imageUrl": "https://shop.coles.com.au/wcsstore/Coles-CAS/images/3/1/5/3156924-th.jpg",
    "categories": ["health-beauty"],
    "tags": ["hair-care", "shampo"],
    "locations": {
      "vic": {
        "price": 0,
        "promoText": " ",
        "packageSize": "500mL",
        "packagePrice": ""
      }
    }
  },
  {
    "id": "natural-world-shampoo-coconut-milk",
    "brand": "Natural World",
    "name": "Coconut Milk Hydration And Shine Shampoo",
    "imageUrl": "https://shop.coles.com.au/wcsstore/Coles-CAS/images/3/1/5/3156946-th.jpg",
    "categories": ["health-beauty"],
    "tags": ["hair-care", "shampo"],
    "locations": {
      "vic": {
        "price": 0,
        "promoText": " ",
        "packageSize": "500mL",
        "packagePrice": ""
      }
    }
  },
  {
    "id": "natures-organics-normal-hair-apple-fresh-shampoo",
    "brand": "Nature's Organics",
    "name": "Normal Hair Apple Fresh Shampoo",
    "imageUrl": "https://shop.coles.com.au/wcsstore/Coles-CAS/images/5/8/5/5859302-th.jpg",
    "categories": ["health-beauty"],
    "tags": ["hair-care", "shampo"],
    "locations": {
      "vic": {
        "price": 1.9,
        "promoText": " ",
        "packageSize": "500mL",
        "packagePrice": "$0.38 per 100mL"
      }
    }
  },
  {
    "id": "neutrogena-t-gel-hair-shampoo",
    "brand": "Neutrogena",
    "name": "T Gel Hair Shampoo",
    "imageUrl": "https://shop.coles.com.au/wcsstore/Coles-CAS/images/5/5/5/5552773-th.jpg",
    "categories": ["health-beauty"],
    "tags": ["hair-care", "shampo"],
    "locations": {
      "vic": {
        "price": 13,
        "promoText": " ",
        "packageSize": "200mL",
        "packagePrice": "$6.50 per 100mL"
      }
    }
  },
  {
    "id": "neutrogena-t-gel-anti-dandruff-shampoo-2-in-1",
    "brand": "Neutrogena",
    "name": "T Gel Anti Dandruff  2 in 1 Shampoo",
    "imageUrl": "https://shop.coles.com.au/wcsstore/Coles-CAS/images/4/7/1/4716060-th.jpg",
    "categories": ["health-beauty"],
    "tags": ["hair-care", "shampo"],
    "locations": {
      "vic": {
        "price": 6.3,
        "promoText": " ",
        "packageSize": "200mL",
        "packagePrice": "$3.15 per 100mL"
      }
    }
  },
  {
    "id": "organix-shampoo-biotin-collagen",
    "brand": "Ogx",
    "name": "Biotin & Collagen Shampoo",
    "imageUrl": "https://shop.coles.com.au/wcsstore/Coles-CAS/images/1/2/5/1255357-th.jpg",
    "categories": ["health-beauty"],
    "tags": ["hair-care", "shampo"],
    "locations": {
      "vic": {
        "price": 10,
        "promoText": "$10.00 ",
        "packageSize": "385mL",
        "packagePrice": "$2.60 per 100mL"
      }
    }
  },
  {
    "id": "ogx-extra-strength-shampoo",
    "brand": "Ogx",
    "name": "Extra Strength Argan Oil Shampoo",
    "imageUrl": "https://shop.coles.com.au/wcsstore/Coles-CAS/images/2/6/7/2675610-th.jpg",
    "categories": ["health-beauty"],
    "tags": ["hair-care", "shampo"],
    "locations": {
      "vic": {
        "price": 10.5,
        "promoText": "$10.50 ",
        "packageSize": "385mL",
        "packagePrice": "$2.73 per 100mL"
      }
    }
  },
  {
    "id": "ogx-extra-strength-damage-remedy-coconut-oil-shampoo",
    "brand": "Ogx",
    "name": "Extra Strength Damage Remedy Coconut Oil Shampoo",
    "imageUrl": "https://shop.coles.com.au/wcsstore/Coles-CAS/images/2/9/4/2940051-th.jpg",
    "categories": ["health-beauty"],
    "tags": ["hair-care", "shampo"],
    "locations": {
      "vic": {
        "price": 10.5,
        "promoText": "$10.50 ",
        "packageSize": "385mL",
        "packagePrice": "$2.73 per 100mL"
      }
    }
  },
  {
    "id": "ogx-shampoo-youth-enhance-sake-essence",
    "brand": "Ogx",
    "name": "Youth Enhancing Sake Essence Shampoo",
    "imageUrl": "https://shop.coles.com.au/wcsstore/Coles-CAS/images/3/1/5/3155466-th.jpg",
    "categories": ["health-beauty"],
    "tags": ["hair-care", "shampo"],
    "locations": {
      "vic": {
        "price": 0,
        "promoText": " ",
        "packageSize": "385mL",
        "packagePrice": ""
      }
    }
  },
  {
    "id": "ogx-shampoo-hyd-rev-lavender-platinum",
    "brand": "Ogx",
    "name": "Hydrate And Color Reviving Lavender Platinum Shampoo",
    "imageUrl": "https://shop.coles.com.au/wcsstore/Coles-CAS/images/3/1/5/3155444-th.jpg",
    "categories": ["health-beauty"],
    "tags": ["hair-care", "shampo"],
    "locations": {
      "vic": {
        "price": 10,
        "promoText": "$10.00 ",
        "packageSize": "385mL",
        "packagePrice": "$2.60 per 100mL"
      }
    }
  },
  {
    "id": "ogx-shampoo-green-tea-fitness",
    "brand": "Ogx",
    "name": "Green Tea Fitness Shampoo",
    "imageUrl": "https://shop.coles.com.au/wcsstore/Coles-CAS/images/3/4/2/3423281-th.jpg",
    "categories": ["health-beauty"],
    "tags": ["hair-care", "shampo"],
    "locations": {
      "vic": {
        "price": 10,
        "promoText": "$10.00 ",
        "packageSize": "385mL",
        "packagePrice": "$2.60 per 100mL"
      }
    }
  },
  {
    "id": "palmolive-micellar-shampoo-rose-oil",
    "brand": "Palmolive",
    "name": "Clarifying Micella Natural Rose Oil Shampoo",
    "imageUrl": "https://shop.coles.com.au/wcsstore/Coles-CAS/images/3/6/1/3610959-th.jpg",
    "categories": ["health-beauty"],
    "tags": ["hair-care", "shampo"],
    "locations": {
      "vic": {
        "price": 8,
        "promoText": " ",
        "packageSize": "370mL",
        "packagePrice": "$2.16 per 100mL"
      }
    }
  },
  {
    "id": "pantene-colour-therapy-shampoo",
    "brand": "Pantene",
    "name": "Pro-V Colour Therapy Shampoo",
    "imageUrl": "https://shop.coles.com.au/wcsstore/Coles-CAS/images/2/2/9/2290580-th.jpg",
    "categories": ["health-beauty"],
    "tags": ["hair-care", "shampo"],
    "locations": {
      "vic": {
        "price": 0,
        "promoText": " ",
        "packageSize": "900mL",
        "packagePrice": ""
      }
    }
  },
  {
    "id": "pantene-ultimate-10-shampoo-2290400p",
    "brand": "Pantene",
    "name": "Pro-V Ultimate 10 Repair & Protect Shampoo",
    "imageUrl": "https://shop.coles.com.au/wcsstore/Coles-CAS/images/2/2/9/2290400-th.jpg",
    "categories": ["health-beauty"],
    "tags": ["hair-care", "shampo"],
    "locations": {
      "vic": {
        "price": 0,
        "promoText": " ",
        "packageSize": "900mL",
        "packagePrice": ""
      }
    }
  },
  {
    "id": "pantene-shampoo-micellar-water",
    "brand": "Pantene",
    "name": "Micellar Shampoo",
    "imageUrl": "https://shop.coles.com.au/wcsstore/Coles-CAS/images/3/4/1/3416107-th.jpg",
    "categories": ["health-beauty"],
    "tags": ["hair-care", "shampo"],
    "locations": {
      "vic": {
        "price": 13,
        "promoText": " ",
        "packageSize": "300mL",
        "packagePrice": "$4.33 per 100mL"
      }
    }
  },
  {
    "id": "pantene-shampoo-micellar-water-charcoal",
    "brand": "Pantene",
    "name": "Micellar Water Charcoal Shampoo",
    "imageUrl": "https://shop.coles.com.au/wcsstore/Coles-CAS/images/3/4/1/3415942-th.jpg",
    "categories": ["health-beauty"],
    "tags": ["hair-care", "shampo"],
    "locations": {
      "vic": {
        "price": 18,
        "promoText": " ",
        "packageSize": "530mL",
        "packagePrice": "$3.40 per 100mL"
      }
    }
  },
  {
    "id": "pantene-shampoo-micellar-water-3415986p",
    "brand": "Pantene",
    "name": "Micellar Water Shampoo",
    "imageUrl": "https://shop.coles.com.au/wcsstore/Coles-CAS/images/3/4/1/3415986-th.jpg",
    "categories": ["health-beauty"],
    "tags": ["hair-care", "shampo"],
    "locations": {
      "vic": {
        "price": 18,
        "promoText": " ",
        "packageSize": "530mL",
        "packagePrice": "$3.40 per 100mL"
      }
    }
  },
  {
    "id": "pantene-shampoo-micellar-water-aloe-3415909p",
    "brand": "Pantene",
    "name": "Micellar Water Aloe Vera Shampoo",
    "imageUrl": "https://shop.coles.com.au/wcsstore/Coles-CAS/images/3/4/1/3415909-th.jpg",
    "categories": ["health-beauty"],
    "tags": ["hair-care", "shampo"],
    "locations": {
      "vic": {
        "price": 18,
        "promoText": " ",
        "packageSize": "530mL",
        "packagePrice": "$3.40 per 100mL"
      }
    }
  },
  {
    "id": "redwin-extracts-from-nature-shampoo-coal-tar",
    "brand": "Redwin",
    "name": "Coal Tar Shampoo",
    "imageUrl": "https://shop.coles.com.au/wcsstore/Coles-CAS/images/5/1/8/5183495-th.jpg",
    "categories": ["health-beauty"],
    "tags": ["hair-care", "shampo"],
    "locations": {
      "vic": {
        "price": 4.85,
        "promoText": " ",
        "packageSize": "250mL",
        "packagePrice": "$1.94 per 100mL"
      }
    }
  },
  {
    "id": "schwarzkopf-extra-care-shampoo-marrakesh-oil",
    "brand": "Schwarzkopf",
    "name": "Extra Care Shampoo Marrakesh Oil & Coconut",
    "imageUrl": "https://shop.coles.com.au/wcsstore/Coles-CAS/images/3/1/5/3156210-th.jpg",
    "categories": ["health-beauty"],
    "tags": ["hair-care", "shampo"],
    "locations": {
      "vic": {
        "price": 7,
        "promoText": "$7.00 ",
        "packageSize": "900mL",
        "packagePrice": "$0.78 per 100mL"
      }
    }
  },
  {
    "id": "sukin-natural-balance-shampoo",
    "brand": "Sukin",
    "name": "Natural Balance Shampoo",
    "imageUrl": "https://shop.coles.com.au/wcsstore/Coles-CAS/images/2/9/9/2994108-th.jpg",
    "categories": ["health-beauty"],
    "tags": ["hair-care", "shampo"],
    "locations": {
      "vic": {
        "price": 18,
        "promoText": " ",
        "packageSize": "500mL",
        "packagePrice": "$3.60 per 100mL"
      }
    }
  },
  {
    "id": "sunsilk-shampoo-addictive-brilliant-shine",
    "brand": "Sunsilk",
    "name": "Addictive Brilliant Shine Shampoo",
    "imageUrl": "https://shop.coles.com.au/wcsstore/Coles-CAS/images/7/5/4/7549576-th.jpg",
    "categories": ["health-beauty"],
    "tags": ["hair-care", "shampo"],
    "locations": {
      "vic": {
        "price": 10,
        "promoText": " ",
        "packageSize": "700mL",
        "packagePrice": "$1.43 per 100mL"
      }
    }
  },
  {
    "id": "sunsilk-shampoo-addictive-brilliant-shine-7547898p",
    "brand": "Sunsilk",
    "name": "Addictive Brilliant Shine Shampoo",
    "imageUrl": "https://shop.coles.com.au/wcsstore/Coles-CAS/images/7/5/4/7547898-th.jpg",
    "categories": ["health-beauty"],
    "tags": ["hair-care", "shampo"],
    "locations": {
      "vic": {
        "price": 5.5,
        "promoText": " ",
        "packageSize": "350mL",
        "packagePrice": "$1.57 per 100mL"
      }
    }
  },
  {
    "id": "sunsilk-supershine-shampoo-conditioner",
    "brand": "Sunsilk",
    "name": "Supershine Shampoo & Conditioner 2 Pack",
    "imageUrl": "https://shop.coles.com.au/wcsstore/Coles-CAS/images/6/5/4/6545547-th.jpg",
    "categories": ["health-beauty"],
    "tags": ["hair-care", "shampo"],
    "locations": {
      "vic": {
        "price": 5,
        "promoText": " ",
        "packageSize": "100mL",
        "packagePrice": "$5.00 per 1ea"
      }
    }
  },
  {
    "id": "sunsilk-soft-smooth-shampoo",
    "brand": "Sunsilk",
    "name": "Soft & Smooth Shampoo",
    "imageUrl": "https://shop.coles.com.au/wcsstore/Coles-CAS/images/2/6/7/2672190-th.jpg",
    "categories": ["health-beauty"],
    "tags": ["hair-care", "shampo"],
    "locations": {
      "vic": {
        "price": 5.5,
        "promoText": " ",
        "packageSize": "350mL",
        "packagePrice": "$1.57 per 100mL"
      }
    }
  },
  {
    "id": "tigi-bed-head-shampoo-l3-resurrection",
    "brand": "Tigi",
    "name": "Bed Head Level 3 Resurrection Shampoo",
    "imageUrl": "https://shop.coles.com.au/wcsstore/Coles-CAS/images/3/6/1/3611340-th.jpg",
    "categories": ["health-beauty"],
    "tags": ["hair-care", "shampo"],
    "locations": {
      "vic": {
        "price": 20,
        "promoText": " ",
        "packageSize": "250mL",
        "packagePrice": "$8.00 per 100mL"
      }
    }
  },
  {
    "id": "tresemme-botanique-shampoo-thick-full",
    "brand": "Tresemme",
    "name": "Botanique Thick & Full Shampoo",
    "imageUrl": "https://shop.coles.com.au/wcsstore/Coles-CAS/images/3/4/2/3421967-th.jpg",
    "categories": ["health-beauty"],
    "tags": ["hair-care", "shampo"],
    "locations": {
      "vic": {
        "price": 9,
        "promoText": " ",
        "packageSize": "350mL",
        "packagePrice": "$2.57 per 100mL"
      }
    }
  },
  {
    "id": "tresemme-shampoo-hydration-vitamin-complex",
    "brand": "Tresemme",
    "name": "Ultimate Hydration Vitamin Complex Shampoo",
    "imageUrl": "https://shop.coles.com.au/wcsstore/Coles-CAS/images/3/4/2/3421934-th.jpg",
    "categories": ["health-beauty"],
    "tags": ["hair-care", "shampo"],
    "locations": {
      "vic": {
        "price": 9,
        "promoText": " ",
        "packageSize": "350mL",
        "packagePrice": "$2.57 per 100mL"
      }
    }
  },
  {
    "id": "tresemme-shampoo-keratin-smooth-marula-oil",
    "brand": "Tresemme",
    "name": "Keratin Smooth Marula Oil Shampoo",
    "imageUrl": "https://shop.coles.com.au/wcsstore/Coles-CAS/images/3/4/2/3421912-th.jpg",
    "categories": ["health-beauty"],
    "tags": ["hair-care", "shampo"],
    "locations": {
      "vic": {
        "price": 9,
        "promoText": " ",
        "packageSize": "350mL",
        "packagePrice": "$2.57 per 100mL"
      }
    }
  },
  {
    "id": "tresemme-shampoo-repair-7-with-biotin",
    "brand": "Tresemme",
    "name": "Repair and 7 Protect Shampoo",
    "imageUrl": "https://shop.coles.com.au/wcsstore/Coles-CAS/images/3/4/2/3421923-th.jpg",
    "categories": ["health-beauty"],
    "tags": ["hair-care", "shampo"],
    "locations": {
      "vic": {
        "price": 9,
        "promoText": " ",
        "packageSize": "350mL",
        "packagePrice": "$2.57 per 100mL"
      }
    }
  },
  {
    "id": "tresemme-shampoo-repair-protect",
    "brand": "Tresemme",
    "name": "Repair & Protect Shampoo",
    "imageUrl": "https://shop.coles.com.au/wcsstore/Coles-CAS/images/3/6/1/3611576-th.jpg",
    "categories": ["health-beauty"],
    "tags": ["hair-care", "shampo"],
    "locations": {
      "vic": {
        "price": 13,
        "promoText": " ",
        "packageSize": "675mL",
        "packagePrice": "$1.93 per 100mL"
      }
    }
  },
  {
    "id": "tresemme-shampoo-keratin-smooth-3611849p",
    "brand": "Tresemme",
    "name": "Keratin Smooth Shampoo",
    "imageUrl": "https://shop.coles.com.au/wcsstore/Coles-CAS/images/3/6/1/3611849-th.jpg",
    "categories": ["health-beauty"],
    "tags": ["hair-care", "shampo"],
    "locations": {
      "vic": {
        "price": 13,
        "promoText": " ",
        "packageSize": "675mL",
        "packagePrice": "$1.93 per 100mL"
      }
    }
  },
  {
    "id": "nivea-for-men-senstive-aftershave-balm",
    "brand": "Nivea",
    "name": "Men Sensitive Aftershave Balm + Chamomile & Witch Hazel",
    "imageUrl": "https://shop.coles.com.au/wcsstore/Coles-CAS/images/8/4/7/8478145-th.jpg",
    "categories": ["health-beauty"],
    "tags": ["hair-removal", "after-shave-care"],
    "locations": {
      "vic": {
        "price": 8.05,
        "promoText": "$3.45 ",
        "packageSize": "100mL",
        "packagePrice": "$8.05 per 100mL"
      }
    }
  },
  {
    "id": "nivea-for-men-moisturiser-sensitive",
    "brand": "Nivea",
    "name": "Men Protective Face Moisturiser Cream for Sensitive Skin + SPF15",
    "imageUrl": "https://shop.coles.com.au/wcsstore/Coles-CAS/images/4/4/9/4496407-th.jpg",
    "categories": ["health-beauty"],
    "tags": ["hair-removal", "after-shave-care"],
    "locations": {
      "vic": {
        "price": 8.4,
        "promoText": "$3.60 ",
        "packageSize": "75mL",
        "packagePrice": "$11.20 per 100mL"
      }
    }
  },
  {
    "id": "loreal-men-expert-moisturiser-hydra-energetic",
    "brand": "L'Oreal",
    "name": "Men Expert Hydra Energetic Moisturiser",
    "imageUrl": "https://shop.coles.com.au/wcsstore/Coles-CAS/images/4/6/6/4669028-th.jpg",
    "categories": ["health-beauty"],
    "tags": ["hair-removal", "after-shave-care"],
    "locations": {
      "vic": {
        "price": 16,
        "promoText": " ",
        "packageSize": "50mL",
        "packagePrice": "$32.00 per 100mL"
      }
    }
  },
  {
    "id": "brut-aftershave-lotion-refresh",
    "brand": "Brut",
    "name": "Refresh Aftershave Lotion",
    "imageUrl": "https://shop.coles.com.au/wcsstore/Coles-CAS/images/5/2/5/5250945-th.jpg",
    "categories": ["health-beauty"],
    "tags": ["hair-removal", "after-shave-care"],
    "locations": {
      "vic": {
        "price": 10.5,
        "promoText": " ",
        "packageSize": "100mL",
        "packagePrice": "$10.50 per 100mL"
      }
    }
  },
  {
    "id": "nivea-for-men-spf-15-protective-moisturiser",
    "brand": "Nivea",
    "name": "Men Protect & Care Face Moisturiser Cream SPF15 + Aloe Vera",
    "imageUrl": "https://shop.coles.com.au/wcsstore/Coles-CAS/images/5/1/8/5184341-th.jpg",
    "categories": ["health-beauty"],
    "tags": ["hair-removal", "after-shave-care"],
    "locations": {
      "vic": {
        "price": 8.4,
        "promoText": "$3.60 ",
        "packageSize": "75mL",
        "packagePrice": "$11.20 per 100mL"
      }
    }
  },
  {
    "id": "nivea-men-protect-care-exfoliating-face-scrub",
    "brand": "Nivea",
    "name": "Men Exfoliating Face Scrub + Aloe Vera",
    "imageUrl": "https://shop.coles.com.au/wcsstore/Coles-CAS/images/3/1/2/3127471-th.jpg",
    "categories": ["health-beauty"],
    "tags": ["hair-removal", "after-shave-care"],
    "locations": {
      "vic": {
        "price": 8.4,
        "promoText": "$3.60 ",
        "packageSize": "125mL",
        "packagePrice": "$6.72 per 100mL"
      }
    }
  },
  {
    "id": "sukin-for-men-facial-cleanser",
    "brand": "Sukin",
    "name": "Facial Cleanser For Men",
    "imageUrl": "https://shop.coles.com.au/wcsstore/Coles-CAS/images/3/1/2/3128510-th.jpg",
    "categories": ["health-beauty"],
    "tags": ["hair-removal", "after-shave-care"],
    "locations": {
      "vic": {
        "price": 16,
        "promoText": " ",
        "packageSize": "225mL",
        "packagePrice": "$7.11 per 100mL"
      }
    }
  },
  {
    "id": "bulldog-moisturiser-sensitive",
    "brand": "Bulldog",
    "name": "Sensitive Moisturiser Skincare For Men",
    "imageUrl": "https://shop.coles.com.au/wcsstore/Coles-CAS/images/3/4/0/3402601-th.jpg",
    "categories": ["health-beauty"],
    "tags": ["hair-removal", "after-shave-care"],
    "locations": {
      "vic": {
        "price": 12.5,
        "promoText": " ",
        "packageSize": "100mL",
        "packagePrice": "$12.50 per 100mL"
      }
    }
  },
  {
    "id": "just-for-men-beard-oil",
    "brand": "Just For Men",
    "name": "Beard Oil",
    "imageUrl": "https://shop.coles.com.au/wcsstore/Coles-CAS/images/3/3/6/3365505-th.jpg",
    "categories": ["health-beauty"],
    "tags": ["hair-removal", "after-shave-care"],
    "locations": {
      "vic": {
        "price": 15,
        "promoText": " ",
        "packageSize": "30mL",
        "packagePrice": "$50.00 per 100mL"
      }
    }
  },
  {
    "id": "loreal-men-pure-charcoal-scrub",
    "brand": "L'Oreal",
    "name": "Men Pure Charcoal Anti-Blackhead Face Scrub",
    "imageUrl": "https://shop.coles.com.au/wcsstore/Coles-CAS/images/3/5/8/3583834-th.jpg",
    "categories": ["health-beauty"],
    "tags": ["hair-removal", "after-shave-care"],
    "locations": {
      "vic": {
        "price": 10,
        "promoText": " ",
        "packageSize": "100mL",
        "packagePrice": "$10.00 per 100mL"
      }
    }
  },
  {
    "id": "loreal-men-pure-charcoal-cleanser",
    "brand": "L'Oreal",
    "name": "Men Pure Charcoal Face Wash",
    "imageUrl": "https://shop.coles.com.au/wcsstore/Coles-CAS/images/3/5/8/3583652-th.jpg",
    "categories": ["health-beauty"],
    "tags": ["hair-removal", "after-shave-care"],
    "locations": {
      "vic": {
        "price": 10,
        "promoText": " ",
        "packageSize": "100mL",
        "packagePrice": "$10.00 per 100mL"
      }
    }
  },
  {
    "id": "nivea-men-for-men-cream-face-body-hands",
    "brand": "Nivea",
    "name": "Men All Purpose Cream Moisturiser for Face Body & Hands",
    "imageUrl": "https://shop.coles.com.au/wcsstore/Coles-CAS/images/2/2/7/2274233-th.jpg",
    "categories": ["health-beauty"],
    "tags": ["hair-removal", "after-shave-care"],
    "locations": {
      "vic": {
        "price": 5.6,
        "promoText": "$2.40 ",
        "packageSize": "150mL",
        "packagePrice": "$3.73 per 100mL"
      }
    }
  },
  {
    "id": "gillette-mach-3-razor-cartridges",
    "brand": "Gillette",
    "name": "Mach3 Cartridges",
    "imageUrl": "https://shop.coles.com.au/wcsstore/Coles-CAS/images/7/9/5/7950880-th.jpg",
    "categories": ["health-beauty"],
    "tags": ["hair-removal", "razors-blades"],
    "locations": {
      "vic": {
        "price": 13.4,
        "promoText": " ",
        "packageSize": "4 pack",
        "packagePrice": "$3.35 per 1Ea"
      }
    }
  },
  {
    "id": "gillette-fusion-razor-cartridges-5624364p",
    "brand": "Gillette",
    "name": "Fusion Manual Shaving Blade Refill",
    "imageUrl": "https://shop.coles.com.au/wcsstore/Coles-CAS/images/5/6/2/5624364-th.jpg",
    "categories": ["health-beauty"],
    "tags": ["hair-removal", "razors-blades"],
    "locations": {
      "vic": {
        "price": 22.5,
        "promoText": " ",
        "packageSize": "4 pack",
        "packagePrice": "$5.63 per 1Ea"
      }
    }
  },
  {
    "id": "bic-hybrid-advance-disposable-razor",
    "brand": "Bic",
    "name": "Hybrid Comfort 3 Disposable Razor",
    "imageUrl": "https://shop.coles.com.au/wcsstore/Coles-CAS/images/7/4/2/7429621-th.jpg",
    "categories": ["health-beauty"],
    "tags": ["hair-removal", "razors-blades"],
    "locations": {
      "vic": {
        "price": 8.5,
        "promoText": " ",
        "packageSize": "6 pack",
        "packagePrice": "$8.50 per 1Ea"
      }
    }
  },
  {
    "id": "bic-soleil-razor-twilight-lavender",
    "brand": "Bic",
    "name": "Soleil Twilight Lavender Razor",
    "imageUrl": "https://shop.coles.com.au/wcsstore/Coles-CAS/images/6/3/1/6310565-th.jpg",
    "categories": ["health-beauty"],
    "tags": ["hair-removal", "razors-blades"],
    "locations": {
      "vic": {
        "price": 5.5,
        "promoText": " ",
        "packageSize": "4 pack",
        "packagePrice": "$1.38 per 1Ea"
      }
    }
  },
  {
    "id": "gillette-venus-spa-breeze-disposable-razor",
    "brand": "Gillette",
    "name": "Venus Spa Breeze 2 in 1 Disposable Shaving Razor & Gel Bars",
    "imageUrl": "https://shop.coles.com.au/wcsstore/Coles-CAS/images/7/1/2/7124646-th.jpg",
    "categories": ["health-beauty"],
    "tags": ["hair-removal", "razors-blades"],
    "locations": {
      "vic": {
        "price": 9,
        "promoText": " ",
        "packageSize": "2 pack",
        "packagePrice": "$4.50 per 1Ea"
      }
    }
  },
  {
    "id": "gillette-simply-venus-disposable-razors",
    "brand": "Gillette",
    "name": "Simply Venus Disposable Shaving Razor",
    "imageUrl": "https://shop.coles.com.au/wcsstore/Coles-CAS/images/7/6/6/7660664-th.jpg",
    "categories": ["health-beauty"],
    "tags": ["hair-removal", "razors-blades"],
    "locations": {
      "vic": {
        "price": 7,
        "promoText": " ",
        "packageSize": "4 pack",
        "packagePrice": "$1.75 per 1Ea"
      }
    }
  },
  {
    "id": "gillette-venus-razor-cartridges",
    "brand": "Gillette",
    "name": "Venus Shaving Blade Refill",
    "imageUrl": "https://shop.coles.com.au/wcsstore/Coles-CAS/images/9/0/4/9049530-th.jpg",
    "categories": ["health-beauty"],
    "tags": ["hair-removal", "razors-blades"],
    "locations": {
      "vic": {
        "price": 15.5,
        "promoText": " ",
        "packageSize": "4 pack",
        "packagePrice": "$3.88 per 1Ea"
      }
    }
  },
  {
    "id": "schick-xtreme-3-razor-disposable-for-women",
    "brand": "Schick",
    "name": "Xtreme 3 Disposable Razors for Women",
    "imageUrl": "https://shop.coles.com.au/wcsstore/Coles-CAS/images/9/3/8/9387690-th.jpg",
    "categories": ["health-beauty"],
    "tags": ["hair-removal", "razors-blades"],
    "locations": {
      "vic": {
        "price": 4,
        "promoText": "$1.00 ",
        "packageSize": "4 pack",
        "packagePrice": "$1.00 per 1Ea"
      }
    }
  },
  {
    "id": "bic-flex-3-mens-shaver",
    "brand": "Bic",
    "name": "Flex 3 Men's Disposable Razor",
    "imageUrl": "https://shop.coles.com.au/wcsstore/Coles-CAS/images/2/2/7/2277912-th.jpg",
    "categories": ["health-beauty"],
    "tags": ["hair-removal", "razors-blades"],
    "locations": {
      "vic": {
        "price": 5.5,
        "promoText": " ",
        "packageSize": "4 pack",
        "packagePrice": "$1.38 per 1Ea"
      }
    }
  },
  {
    "id": "coles--twin-blade-womens-disposable-razor",
    "brand": "Coles",
    "name": "2 Blade Disposable Women Razor",
    "imageUrl": "https://shop.coles.com.au/wcsstore/Coles-CAS/images/2/6/4/2646644-th.jpg",
    "categories": ["health-beauty"],
    "tags": ["hair-removal", "razors-blades"],
    "locations": {
      "vic": {
        "price": 2,
        "promoText": " ",
        "packageSize": "10 pack",
        "packagePrice": "$0.20 per 1Ea"
      }
    }
  },
  {
    "id": "gilllette-venus-disposable-razor-sensitive",
    "brand": "Gillette",
    "name": "Venus Sensitive Disposable Razors",
    "imageUrl": "https://shop.coles.com.au/wcsstore/Coles-CAS/images/6/5/1/6519922-th.jpg",
    "categories": ["health-beauty"],
    "tags": ["hair-removal", "razors-blades"],
    "locations": {
      "vic": {
        "price": 10,
        "promoText": " ",
        "packageSize": "3 pack",
        "packagePrice": "$3.33 per 1Ea"
      }
    }
  },
  {
    "id": "schick-intuition-razor-kit-aloe",
    "brand": "Schick",
    "name": "Intuition Pure Nourishment Coconut Milk Razor Kit",
    "imageUrl": "https://shop.coles.com.au/wcsstore/Coles-CAS/images/7/6/7/7679152-th.jpg",
    "categories": ["health-beauty"],
    "tags": ["hair-removal", "razors-blades"],
    "locations": {
      "vic": {
        "price": 10,
        "promoText": "$2.50 ",
        "packageSize": "1 pack",
        "packagePrice": "$10.00 per 1Ea"
      }
    }
  },
  {
    "id": "bic-shavers-twin-select-for-sensitive-skin",
    "brand": "Bic",
    "name": "Twin Blade Disposable Razors for Sensitive Skin",
    "imageUrl": "https://shop.coles.com.au/wcsstore/Coles-CAS/images/5/5/1/5513002-th.jpg",
    "categories": ["health-beauty"],
    "tags": ["hair-removal", "razors-blades"],
    "locations": {
      "vic": {
        "price": 4,
        "promoText": " ",
        "packageSize": "10 pack",
        "packagePrice": "$0.40 per 1Ea"
      }
    }
  },
  {
    "id": "coles-disposable-twin-blade-mens-razor",
    "brand": "Coles",
    "name": "Disposable Twin Blade Men's Razor",
    "imageUrl": "https://shop.coles.com.au/wcsstore/Coles-CAS/images/2/6/4/2646622-th.jpg",
    "categories": ["health-beauty"],
    "tags": ["hair-removal", "razors-blades"],
    "locations": {
      "vic": {
        "price": 3.3,
        "promoText": " ",
        "packageSize": "16 pack",
        "packagePrice": "$0.21 per 1Ea"
      }
    }
  },
  {
    "id": "gillette-blue-ii-plus-sensitive-pivot-head-disposable-razors-8737040p",
    "brand": "Gillette",
    "name": "Blue II UltraGrip Pivot Disposable Shaving Razor",
    "imageUrl": "https://shop.coles.com.au/wcsstore/Coles-CAS/images/8/7/3/8737040-th.jpg",
    "categories": ["health-beauty"],
    "tags": ["hair-removal", "razors-blades"],
    "locations": {
      "vic": {
        "price": 5.5,
        "promoText": " ",
        "packageSize": "5 pack",
        "packagePrice": "$1.10 per 1Ea"
      }
    }
  },
  {
    "id": "gillette-blue-ii-plus-sensitive-pivot-head-disposable-razors-8766128p",
    "brand": "Gillette",
    "name": "Blue II UltraGrip Pivot Disposable Shaving Razor",
    "imageUrl": "https://shop.coles.com.au/wcsstore/Coles-CAS/images/8/7/6/8766128-th.jpg",
    "categories": ["health-beauty"],
    "tags": ["hair-removal", "razors-blades"],
    "locations": {
      "vic": {
        "price": 13.5,
        "promoText": " ",
        "packageSize": "16 pack",
        "packagePrice": "$0.84 per 1Ea"
      }
    }
  },
  {
    "id": "gillette-fusion-proglide-flexball-power-razor",
    "brand": "Gillette",
    "name": "Fusion ProGlide Power Flexball Shaving Razor Includes 1 Battery",
    "imageUrl": "https://shop.coles.com.au/wcsstore/Coles-CAS/images/2/2/3/2237689-th.jpg",
    "categories": ["health-beauty"],
    "tags": ["hair-removal", "razors-blades"],
    "locations": {
      "vic": {
        "price": 20,
        "promoText": " ",
        "packageSize": "1 pack",
        "packagePrice": "$20.00 per 1Ea"
      }
    }
  },
  {
    "id": "gillette-sensor-3-razors-comfortgel-disposable",
    "brand": "Gillette",
    "name": "Sensor 3 Comfort Disposable Razors",
    "imageUrl": "https://shop.coles.com.au/wcsstore/Coles-CAS/images/3/5/8/3584134-th.jpg",
    "categories": ["health-beauty"],
    "tags": ["hair-removal", "razors-blades"],
    "locations": {
      "vic": {
        "price": 11.5,
        "promoText": " ",
        "packageSize": "8 pack",
        "packagePrice": "$1.44 per 1Ea"
      }
    }
  },
  {
    "id": "gillette-sensor-3-comfortgel-disp-razor",
    "brand": "Gillette",
    "name": "Sensor 3 Comfort Disposable Razors",
    "imageUrl": "https://shop.coles.com.au/wcsstore/Coles-CAS/images/3/5/8/3582591-th.jpg",
    "categories": ["health-beauty"],
    "tags": ["hair-removal", "razors-blades"],
    "locations": {
      "vic": {
        "price": 6.5,
        "promoText": " ",
        "packageSize": "4 pack",
        "packagePrice": "$1.63 per 1Ea"
      }
    }
  },
  {
    "id": "gillette-mach3-razor-cartridge",
    "brand": "Gillette",
    "name": "Mach3+ Razor Cartridge",
    "imageUrl": "https://shop.coles.com.au/wcsstore/Coles-CAS/images/3/7/9/3793735-th.jpg",
    "categories": ["health-beauty"],
    "tags": ["hair-removal", "razors-blades"],
    "locations": {
      "vic": {
        "price": 14.5,
        "promoText": " ",
        "packageSize": "4 pack",
        "packagePrice": "$3.63 per 1Ea"
      }
    }
  },
  {
    "id": "schick-quattro-razor-cartridges-for-women",
    "brand": "Schick",
    "name": "Quattro For Women Razor Blade Cartridges",
    "imageUrl": "https://shop.coles.com.au/wcsstore/Coles-CAS/images/4/7/0/4703705-th.jpg",
    "categories": ["health-beauty"],
    "tags": ["hair-removal", "razors-blades"],
    "locations": {
      "vic": {
        "price": 9.6,
        "promoText": "$2.40 ",
        "packageSize": "4 pack",
        "packagePrice": "$2.40 per 1Ea"
      }
    }
  },
  {
    "id": "schick-xtreme-3-razor-disposable-sensitive-with-aloe",
    "brand": "Schick",
    "name": "Xtreme 3 Sensitive with Aloe Disposable Razor",
    "imageUrl": "https://shop.coles.com.au/wcsstore/Coles-CAS/images/9/3/8/9387680-th.jpg",
    "categories": ["health-beauty"],
    "tags": ["hair-removal", "razors-blades"],
    "locations": {
      "vic": {
        "price": 4,
        "promoText": "$1.00 ",
        "packageSize": "4 pack",
        "packagePrice": "$1.00 per 1Ea"
      }
    }
  },
  {
    "id": "bic-single-blade-disposable-razors-sensitive",
    "brand": "Bic",
    "name": "Single Blade Disposable Razors for Sensitive Skin",
    "imageUrl": "https://shop.coles.com.au/wcsstore/Coles-CAS/images/9/8/3/9832975-th.jpg",
    "categories": ["health-beauty"],
    "tags": ["hair-removal", "razors-blades"],
    "locations": {
      "vic": {
        "price": 3.4,
        "promoText": "Was $3.89 on Oct 2018 ",
        "packageSize": "10 pack",
        "packagePrice": "$0.34 per 1Ea"
      }
    }
  },
  {
    "id": "bic--soleil-simply-lady-shaver",
    "brand": "Bic",
    "name": "Soleil Simply Lady Shaver",
    "imageUrl": "https://shop.coles.com.au/wcsstore/Coles-CAS/images/2/2/7/2276920-th.jpg",
    "categories": ["health-beauty"],
    "tags": ["hair-removal", "razors-blades"],
    "locations": {
      "vic": {
        "price": 3.55,
        "promoText": " ",
        "packageSize": "3 pack",
        "packagePrice": "$1.18 per 1Ea"
      }
    }
  },
  {
    "id": "coles-razor-cartridges-rapid-5",
    "brand": "Coles",
    "name": "5 Blade Razor",
    "imageUrl": "https://shop.coles.com.au/wcsstore/Coles-CAS/images/8/4/1/8418664-th.jpg",
    "categories": ["health-beauty"],
    "tags": ["hair-removal", "razors-blades"],
    "locations": {
      "vic": {
        "price": 6.5,
        "promoText": " ",
        "packageSize": "1 pack",
        "packagePrice": "$6.50 per 1Ea"
      }
    }
  },
  {
    "id": "coles-brand-razor-cartridges-rapid-5",
    "brand": "Coles",
    "name": "5 Blade Razor Cartridges",
    "imageUrl": "https://shop.coles.com.au/wcsstore/Coles-CAS/images/8/4/1/8418755-th.jpg",
    "categories": ["health-beauty"],
    "tags": ["hair-removal", "razors-blades"],
    "locations": {
      "vic": {
        "price": 6,
        "promoText": " ",
        "packageSize": "4 pack",
        "packagePrice": "$1.50 per 1Ea"
      }
    }
  },
  {
    "id": "coles-mens-triple-blade-razors",
    "brand": "Coles",
    "name": "Triple Blade 8 Disposable Razors For Men",
    "imageUrl": "https://shop.coles.com.au/wcsstore/Coles-CAS/images/2/6/4/2646269-th.jpg",
    "categories": ["health-beauty"],
    "tags": ["hair-removal", "razors-blades"],
    "locations": {
      "vic": {
        "price": 4.4,
        "promoText": " ",
        "packageSize": "8 pack",
        "packagePrice": "$0.55 per 1Ea"
      }
    }
  },
  {
    "id": "coles-womens-5-cartridges-razor",
    "brand": "Coles",
    "name": "Women's 5 Blade Razor Cartridges",
    "imageUrl": "https://shop.coles.com.au/wcsstore/Coles-CAS/images/2/6/4/2647261-th.jpg",
    "categories": ["health-beauty"],
    "tags": ["hair-removal", "razors-blades"],
    "locations": {
      "vic": {
        "price": 6,
        "promoText": " ",
        "packageSize": "4 pack",
        "packagePrice": "$1.50 per 1Ea"
      }
    }
  },
  {
    "id": "coles-razor--womens-5-system",
    "brand": "Coles",
    "name": "Women's 5 Blade Razor",
    "imageUrl": "https://shop.coles.com.au/wcsstore/Coles-CAS/images/2/6/4/2647057-th.jpg",
    "categories": ["health-beauty"],
    "tags": ["hair-removal", "razors-blades"],
    "locations": {
      "vic": {
        "price": 6.5,
        "promoText": " ",
        "packageSize": "1 pack",
        "packagePrice": "$6.50 per 1Ea"
      }
    }
  },
  {
    "id": "gillette-blue-ii-plus-sensitive-pivot-head-disposable-razors",
    "brand": "Gillette",
    "name": "Blue II UltraGrip Pivot Disposable Shaving Razor",
    "imageUrl": "https://shop.coles.com.au/wcsstore/Coles-CAS/images/8/7/3/8735951-th.jpg",
    "categories": ["health-beauty"],
    "tags": ["hair-removal", "razors-blades"],
    "locations": {
      "vic": {
        "price": 8.9,
        "promoText": " ",
        "packageSize": "10 pack",
        "packagePrice": "$0.89 per 1Ea"
      }
    }
  },
  {
    "id": "gillette-fusion-proglide-power-cartridges-8443377p",
    "brand": "Gillette",
    "name": "Fusion ProGlide Power Shaving Blade Refill 4 Pack",
    "imageUrl": "https://shop.coles.com.au/wcsstore/Coles-CAS/images/8/4/4/8443377-th.jpg",
    "categories": ["health-beauty"],
    "tags": ["hair-removal", "razors-blades"],
    "locations": {
      "vic": {
        "price": 28.5,
        "promoText": "Was $30.00 on May 2019 ",
        "packageSize": "4 pack",
        "packagePrice": "$7.13 per 1Ea"
      }
    }
  },
  {
    "id": "gillette-blue-3-razor-disposable",
    "brand": "Gillette",
    "name": "Blue 3 Disposable Shaving Razor",
    "imageUrl": "https://shop.coles.com.au/wcsstore/Coles-CAS/images/7/4/3/7434949-th.jpg",
    "categories": ["health-beauty"],
    "tags": ["hair-removal", "razors-blades"],
    "locations": {
      "vic": {
        "price": 8.5,
        "promoText": " ",
        "packageSize": "8 pack",
        "packagePrice": "$1.06 per 1Ea"
      }
    }
  },
  {
    "id": "gillette-venus-spa-breeze-razor",
    "brand": "Gillette",
    "name": "Venus Comfortglide White Tea Razor",
    "imageUrl": "https://shop.coles.com.au/wcsstore/Coles-CAS/images/7/1/2/7124679-th.jpg",
    "categories": ["health-beauty"],
    "tags": ["hair-removal", "razors-blades"],
    "locations": {
      "vic": {
        "price": 15.4,
        "promoText": " ",
        "packageSize": "1 pack",
        "packagePrice": "$15.40 per 1Ea"
      }
    }
  },
  {
    "id": "gillette-venus-spa-breeze-razor-cartridges",
    "brand": "Gillette",
    "name": "Venus ComfortGlide Razor Blades Refill White Tea",
    "imageUrl": "https://shop.coles.com.au/wcsstore/Coles-CAS/images/7/1/2/7124690-th.jpg",
    "categories": ["health-beauty"],
    "tags": ["hair-removal", "razors-blades"],
    "locations": {
      "vic": {
        "price": 20,
        "promoText": " ",
        "packageSize": "4 pack",
        "packagePrice": "$5.00 per 1Ea"
      }
    }
  },
  {
    "id": "gillette-razor-venus-embrace",
    "brand": "Gillette",
    "name": "Venus Embrace Shaving Razor & 2 Blade Refill",
    "imageUrl": "https://shop.coles.com.au/wcsstore/Coles-CAS/images/6/5/1/6515127-th.jpg",
    "categories": ["health-beauty"],
    "tags": ["hair-removal", "razors-blades"],
    "locations": {
      "vic": {
        "price": 15,
        "promoText": " ",
        "packageSize": "1 pack",
        "packagePrice": "$15.00 per 1Ea"
      }
    }
  },
  {
    "id": "gillette-venus-embrace-cartridges",
    "brand": "Gillette",
    "name": "Venus Embrace Shaving Blade Refill",
    "imageUrl": "https://shop.coles.com.au/wcsstore/Coles-CAS/images/6/5/1/6515218-th.jpg",
    "categories": ["health-beauty"],
    "tags": ["hair-removal", "razors-blades"],
    "locations": {
      "vic": {
        "price": 19.5,
        "promoText": " ",
        "packageSize": "4 pack",
        "packagePrice": "$4.88 per 1Ea"
      }
    }
  },
  {
    "id": "gillette-venus-razor",
    "brand": "Gillette",
    "name": "Venus Shaving Razor",
    "imageUrl": "https://shop.coles.com.au/wcsstore/Coles-CAS/images/6/0/2/6021240-th.jpg",
    "categories": ["health-beauty"],
    "tags": ["hair-removal", "razors-blades"],
    "locations": {
      "vic": {
        "price": 7.85,
        "promoText": " ",
        "packageSize": "1 pack",
        "packagePrice": "$7.85 per 1Ea"
      }
    }
  },
  {
    "id": "gillette-razor-disposable-daisy-classic-for-women",
    "brand": "Gillette",
    "name": "Daisy Classic Shaving Razors",
    "imageUrl": "https://shop.coles.com.au/wcsstore/Coles-CAS/images/8/7/3/8735930-th.jpg",
    "categories": ["health-beauty"],
    "tags": ["hair-removal", "razors-blades"],
    "locations": {
      "vic": {
        "price": 4.5,
        "promoText": " ",
        "packageSize": "5 pack",
        "packagePrice": "$0.90 per 1Ea"
      }
    }
  },
  {
    "id": "gillette-razor-cartridges-venus-olay-strawberry",
    "brand": "Gillette",
    "name": "Venus & Olay Sugarberry Scent Shaving Blade Refill",
    "imageUrl": "https://shop.coles.com.au/wcsstore/Coles-CAS/images/1/6/5/1650238-th.jpg",
    "categories": ["health-beauty"],
    "tags": ["hair-removal", "razors-blades"],
    "locations": {
      "vic": {
        "price": 20,
        "promoText": " ",
        "packageSize": "3 pack",
        "packagePrice": "$20.00 per 1Ea"
      }
    }
  },
  {
    "id": "gillette-venus-razor-cartridges-3140695p",
    "brand": "Gillette",
    "name": "Venus Razor Cartridges",
    "imageUrl": "https://shop.coles.com.au/wcsstore/Coles-CAS/images/3/1/4/3140695-th.jpg",
    "categories": ["health-beauty"],
    "tags": ["hair-removal", "razors-blades"],
    "locations": {
      "vic": {
        "price": 26.5,
        "promoText": " ",
        "packageSize": "8 pack",
        "packagePrice": "$3.31 per 1Ea"
      }
    }
  },
  {
    "id": "gillette-venus-platinum-extra-smooth-razor",
    "brand": "Gillette",
    "name": "Venus Platinum Extra Smooth Razor",
    "imageUrl": "https://shop.coles.com.au/wcsstore/Coles-CAS/images/3/2/3/3236105-th.jpg",
    "categories": ["health-beauty"],
    "tags": ["hair-removal", "razors-blades"],
    "locations": {
      "vic": {
        "price": 19.9,
        "promoText": " ",
        "packageSize": "1 pack",
        "packagePrice": "$19.90 per 1Ea"
      }
    }
  },
  {
    "id": "gillette-skin-guard-sensitive-blades-refill",
    "brand": "Gillette",
    "name": "Skin Guard Sensitive 4 Blade Refills",
    "imageUrl": "https://shop.coles.com.au/wcsstore/Coles-CAS/images/3/5/8/3582514-th.jpg",
    "categories": ["health-beauty"],
    "tags": ["hair-removal", "razors-blades"],
    "locations": {
      "vic": {
        "price": 27.9,
        "promoText": " ",
        "packageSize": "1 pack",
        "packagePrice": "$27.90 per 1Ea"
      }
    }
  },
  {
    "id": "gillette-skin-guard-manual-razor",
    "brand": "Gillette",
    "name": "Skin Guard Manual Razor",
    "imageUrl": "https://shop.coles.com.au/wcsstore/Coles-CAS/images/3/5/8/3582490-th.jpg",
    "categories": ["health-beauty"],
    "tags": ["hair-removal", "razors-blades"],
    "locations": {
      "vic": {
        "price": 15,
        "promoText": " ",
        "packageSize": "1 pack",
        "packagePrice": "$15.00 per 1Ea"
      }
    }
  },
  {
    "id": "gillette-venus-smooth-sensitive-blades-refill",
    "brand": "Gillette",
    "name": "Venus Smooth Sensitive Blades Refill",
    "imageUrl": "https://shop.coles.com.au/wcsstore/Coles-CAS/images/3/5/8/3582627-th.jpg",
    "categories": ["health-beauty"],
    "tags": ["hair-removal", "razors-blades"],
    "locations": {
      "vic": {
        "price": 16,
        "promoText": " ",
        "packageSize": "4 pack",
        "packagePrice": "$4.00 per 1Ea"
      }
    }
  },
  {
    "id": "gillette-mach3-turbo-turbo-razor",
    "brand": "Gillette",
    "name": "Mach3+ Razor",
    "imageUrl": "https://shop.coles.com.au/wcsstore/Coles-CAS/images/3/7/9/3793702-th.jpg",
    "categories": ["health-beauty"],
    "tags": ["hair-removal", "razors-blades"],
    "locations": {
      "vic": {
        "price": 12,
        "promoText": " ",
        "packageSize": "",
        "packagePrice": "$12.00 per 1Ea"
      }
    }
  },
  {
    "id": "gillette-fusion-manual-razor-2up",
    "brand": "Gillette",
    "name": "Fusion Manual Razor 2up",
    "imageUrl": "https://shop.coles.com.au/wcsstore/Coles-CAS/images/3/7/9/3793666-th.jpg",
    "categories": ["health-beauty"],
    "tags": ["hair-removal", "razors-blades"],
    "locations": {
      "vic": {
        "price": 17,
        "promoText": " ",
        "packageSize": "",
        "packagePrice": ""
      }
    }
  },
  {
    "id": "gillette-mach3-3d-turbo-turbo-razor",
    "brand": "Gillette",
    "name": "Mach3 3D Turbo Razor",
    "imageUrl": "https://shop.coles.com.au/wcsstore/Coles-CAS/images/3/7/9/3793633-th.jpg",
    "categories": ["health-beauty"],
    "tags": ["hair-removal", "razors-blades"],
    "locations": {
      "vic": {
        "price": 15,
        "promoText": " ",
        "packageSize": "",
        "packagePrice": "$15.00 per 1Ea"
      }
    }
  },
  {
    "id": "gillette-mach3-turbo-razor-cartridge-3789997p",
    "brand": "Gillette",
    "name": "Mach3 Turbo Razor Cartridge",
    "imageUrl": "https://shop.coles.com.au/wcsstore/Coles-CAS/images/3/7/8/3789997-th.jpg",
    "categories": ["health-beauty"],
    "tags": ["hair-removal", "razors-blades"],
    "locations": {
      "vic": {
        "price": 17,
        "promoText": " ",
        "packageSize": "4 PACK",
        "packagePrice": ""
      }
    }
  },
  {
    "id": "schick-quattro-razor-kit-for-women",
    "brand": "Schick",
    "name": "Quattro For Women Razor Kit",
    "imageUrl": "https://shop.coles.com.au/wcsstore/Coles-CAS/images/4/7/0/4703716-th.jpg",
    "categories": ["health-beauty"],
    "tags": ["hair-removal", "razors-blades"],
    "locations": {
      "vic": {
        "price": 6.4,
        "promoText": " ",
        "packageSize": "",
        "packagePrice": "$6.40 per 1Ea"
      }
    }
  },
  {
    "id": "schick-xtreme-3-razor-disposable-sensitive-with-aloe-value-pack",
    "brand": "Schick",
    "name": "Xtreme 3 Sensitive Disposable Razor with Aloe",
    "imageUrl": "https://shop.coles.com.au/wcsstore/Coles-CAS/images/4/7/0/4702021-th.jpg",
    "categories": ["health-beauty"],
    "tags": ["hair-removal", "razors-blades"],
    "locations": {
      "vic": {
        "price": 7.6,
        "promoText": "$1.90 ",
        "packageSize": "10 pack",
        "packagePrice": "$0.76 per 1Ea"
      }
    }
  },
  {
    "id": "schick-hydro-silk-blade-refill",
    "brand": "Schick",
    "name": "Hydro Silk Blade Refill",
    "imageUrl": "https://shop.coles.com.au/wcsstore/Coles-CAS/images/9/8/5/9851700-th.jpg",
    "categories": ["health-beauty"],
    "tags": ["hair-removal", "razors-blades"],
    "locations": {
      "vic": {
        "price": 15.6,
        "promoText": "$3.90 ",
        "packageSize": "4 pack",
        "packagePrice": "$3.90 per 1Ea"
      }
    }
  },
  {
    "id": "schick-intuition-plus-razor-cartridges-sensitive-care-with-aloe-vitamin-e",
    "brand": "Schick",
    "name": "Intuition Moisture Plus Sensitive Care with Aloe & Vitamin E Razor Cartridges",
    "imageUrl": "https://shop.coles.com.au/wcsstore/Coles-CAS/images/9/6/0/9603297-th.jpg",
    "categories": ["health-beauty"],
    "tags": ["hair-removal", "razors-blades"],
    "locations": {
      "vic": {
        "price": 10.16,
        "promoText": "$2.54 ",
        "packageSize": "3 pack",
        "packagePrice": "$3.39 per 1Ea"
      }
    }
  },
  {
    "id": "schick-hydro-silk-razor-blade-kit",
    "brand": "Schick",
    "name": "Hydro Silk Razor & Blade Kit",
    "imageUrl": "https://shop.coles.com.au/wcsstore/Coles-CAS/images/9/8/4/9849763-th.jpg",
    "categories": ["health-beauty"],
    "tags": ["hair-removal", "razors-blades"],
    "locations": {
      "vic": {
        "price": 11.68,
        "promoText": "$2.92 ",
        "packageSize": "1 pack",
        "packagePrice": "$11.68 per 1Ea"
      }
    }
  },
  {
    "id": "schick-hydro-5-blade-kit",
    "brand": "Schick",
    "name": "Hydro 5 Blade Kit",
    "imageUrl": "https://shop.coles.com.au/wcsstore/Coles-CAS/images/2/6/7/2677579-th.jpg",
    "categories": ["health-beauty"],
    "tags": ["hair-removal", "razors-blades"],
    "locations": {
      "vic": {
        "price": 20.8,
        "promoText": "$5.20 ",
        "packageSize": "6 pack",
        "packagePrice": "$3.47 per 1Ea"
      }
    }
  },
  {
    "id": "schick--hydro-5-razor",
    "brand": "Schick",
    "name": "Hydro 5 Razor Kit",
    "imageUrl": "https://shop.coles.com.au/wcsstore/Coles-CAS/images/2/6/2/2629690-th.jpg",
    "categories": ["health-beauty"],
    "tags": ["hair-removal", "razors-blades"],
    "locations": {
      "vic": {
        "price": 10.4,
        "promoText": "$2.60 ",
        "packageSize": "1 pack",
        "packagePrice": "$10.40 per 1Ea"
      }
    }
  },
  {
    "id": "schick-hydro-sense-5-energise",
    "brand": "Schick",
    "name": "Sense Hydro 5 Sensitive Cartridges",
    "imageUrl": "https://shop.coles.com.au/wcsstore/Coles-CAS/images/3/1/4/3140866-th.jpg",
    "categories": ["health-beauty"],
    "tags": ["hair-removal", "razors-blades"],
    "locations": {
      "vic": {
        "price": 19.2,
        "promoText": "$4.80 ",
        "packageSize": "4 Pack",
        "packagePrice": "$4.80 per 1Ea"
      }
    }
  },
  {
    "id": "schick-hydro-5-sense-comfort-kit",
    "brand": "Schick",
    "name": "Sense Hydro 5 Sensitive Kit",
    "imageUrl": "https://shop.coles.com.au/wcsstore/Coles-CAS/images/3/1/4/3140855-th.jpg",
    "categories": ["health-beauty"],
    "tags": ["hair-removal", "razors-blades"],
    "locations": {
      "vic": {
        "price": 12.8,
        "promoText": "$3.20 ",
        "packageSize": "1 pack",
        "packagePrice": "$12.80 per 1Ea"
      }
    }
  },
  {
    "id": "schick-hydro-silk-trimstyle-kit-5refills",
    "brand": "Schick",
    "name": "Hydro Silk Trimstyle Kit + 5 Refills",
    "imageUrl": "https://shop.coles.com.au/wcsstore/Coles-CAS/images/3/3/6/3365764-th.jpg",
    "categories": ["health-beauty"],
    "tags": ["hair-removal", "razors-blades"],
    "locations": {
      "vic": {
        "price": 40,
        "promoText": " ",
        "packageSize": "1 kit",
        "packagePrice": "$40.00 per 1Ea"
      }
    }
  },
  {
    "id": "schick-xtreme-3-hawaiian-tropic-disposable-razors",
    "brand": "Schick",
    "name": "Xtreme 3 Hawaiian Tropic Disposable Razors",
    "imageUrl": "https://shop.coles.com.au/wcsstore/Coles-CAS/images/3/5/8/3582412-th.jpg",
    "categories": ["health-beauty"],
    "tags": ["hair-removal", "razors-blades"],
    "locations": {
      "vic": {
        "price": 7.2,
        "promoText": "$1.80 ",
        "packageSize": "8 pack",
        "packagePrice": "$0.90 per 1Ea"
      }
    }
  },
  {
    "id": "gillette-series-shave-gel-sensitive-skin-with-soothing-aloe",
    "brand": "Gillette",
    "name": "Series Shaving Gel Sensitive Skin",
    "imageUrl": "https://shop.coles.com.au/wcsstore/Coles-CAS/images/5/5/8/5588216-th.jpg",
    "categories": ["health-beauty"],
    "tags": ["hair-removal", "shave-gel-foam"],
    "locations": {
      "vic": {
        "price": 6.3,
        "promoText": " ",
        "packageSize": "195g",
        "packagePrice": "$3.23 per 100G"
      }
    }
  },
  {
    "id": "nivea-for-men-shaving-gel-sensitive",
    "brand": "Nivea",
    "name": "Men Shaving Gel for Sensitive Skin",
    "imageUrl": "https://shop.coles.com.au/wcsstore/Coles-CAS/images/8/4/7/8477914-th.jpg",
    "categories": ["health-beauty"],
    "tags": ["hair-removal", "shave-gel-foam"],
    "locations": {
      "vic": {
        "price": 3,
        "promoText": "$3.00 ",
        "packageSize": "200mL",
        "packagePrice": "$1.50 per 100mL"
      }
    }
  },
  {
    "id": "nivea-for-men-shave-foam-sensitive",
    "brand": "Nivea",
    "name": "Men Shaving Foam for Sensitive Skin",
    "imageUrl": "https://shop.coles.com.au/wcsstore/Coles-CAS/images/1/7/4/1740647-th.jpg",
    "categories": ["health-beauty"],
    "tags": ["hair-removal", "shave-gel-foam"],
    "locations": {
      "vic": {
        "price": 2.9,
        "promoText": "$2.90 ",
        "packageSize": "200mL",
        "packagePrice": "$1.45 per 100mL"
      }
    }
  },
  {
    "id": "nivea-men-active-clean-shower-gel",
    "brand": "Nivea",
    "name": "Men Active Clean Shower Gel & Body Wash + Active Charcoal",
    "imageUrl": "https://shop.coles.com.au/wcsstore/Coles-CAS/images/2/4/9/2497817-th.jpg",
    "categories": ["health-beauty"],
    "tags": ["hair-removal", "shave-gel-foam"],
    "locations": {
      "vic": {
        "price": 6,
        "promoText": "Was $7.50 on Sep 2018 ",
        "packageSize": "500mL",
        "packagePrice": "$1.20 per 100mL"
      }
    }
  },
  {
    "id": "nivea-for-men-refresh-shower-gel",
    "brand": "Nivea",
    "name": "Men Power Fresh Shower Gel & Body Wash",
    "imageUrl": "https://shop.coles.com.au/wcsstore/Coles-CAS/images/1/7/4/1749914-th.jpg",
    "categories": ["health-beauty"],
    "tags": ["hair-removal", "shave-gel-foam"],
    "locations": {
      "vic": {
        "price": 6,
        "promoText": "Was $7.50 on Sep 2018 ",
        "packageSize": "500mL",
        "packagePrice": "$1.20 per 100mL"
      }
    }
  },
  {
    "id": "rexona-men-ap-advanced-sport",
    "brand": "Rexona",
    "name": "Men Advanced Protection Sport Deodorant",
    "imageUrl": "https://shop.coles.com.au/wcsstore/Coles-CAS/images/3/6/6/3660811-th.jpg",
    "categories": ["health-beauty"],
    "tags": ["hair-removal", "shave-gel-foam"],
    "locations": {
      "vic": {
        "price": 7.5,
        "promoText": " ",
        "packageSize": "220mL",
        "packagePrice": "$3.41 per 100mL"
      }
    }
  },
  {
    "id": "coles-smart-buy-shaving-foam-aerosol",
    "brand": "Coles",
    "name": "Smart Buy Shave Foam",
    "imageUrl": "https://shop.coles.com.au/wcsstore/Coles-CAS/images/8/7/6/8761000-th.jpg",
    "categories": ["health-beauty"],
    "tags": ["hair-removal", "shave-gel-foam"],
    "locations": {
      "vic": {
        "price": 2.3,
        "promoText": " ",
        "packageSize": "250g",
        "packagePrice": "$0.92 per 100G"
      }
    }
  },
  {
    "id": "gillette-pure-soothing-shave-gel",
    "brand": "Gillette",
    "name": "Pure Soothing Shave Gel With Aloe",
    "imageUrl": "https://shop.coles.com.au/wcsstore/Coles-CAS/images/3/5/8/3582536-th.jpg",
    "categories": ["health-beauty"],
    "tags": ["hair-removal", "shave-gel-foam"],
    "locations": {
      "vic": {
        "price": 8.5,
        "promoText": " ",
        "packageSize": "170g",
        "packagePrice": "$5.00 per 100G"
      }
    }
  },
  {
    "id": "fudge-urban-matte-wax",
    "brand": "Fudge",
    "name": "Urban Matte Hair Wax",
    "imageUrl": "https://shop.coles.com.au/wcsstore/Coles-CAS/images/1/0/5/1058480-th.jpg",
    "categories": ["health-beauty"],
    "tags": ["hair-removal", "shave-gel-foam"],
    "locations": {
      "vic": {
        "price": 10,
        "promoText": " ",
        "packageSize": "70g",
        "packagePrice": "$14.29 per 100G"
      }
    }
  },
  {
    "id": "gillette-satin-care-shave-gel-sensitive-skin-aloe-viatmin-e",
    "brand": "Gillette",
    "name": "Venus Satin Care Sensitive Skin Shaving Gel",
    "imageUrl": "https://shop.coles.com.au/wcsstore/Coles-CAS/images/6/1/2/6124618-th.jpg",
    "categories": ["health-beauty"],
    "tags": ["hair-removal", "shave-gel-foam"],
    "locations": {
      "vic": {
        "price": 7.2,
        "promoText": " ",
        "packageSize": "195g",
        "packagePrice": "$3.69 per 100G"
      }
    }
  },
  {
    "id": "rexona-men-antiperspirant-aerosol-advcd-invsble-b-w",
    "brand": "Rexona",
    "name": "Men Antiperspirant Aerosol Advanced Invisible Dry Black & White Deodorant",
    "imageUrl": "https://shop.coles.com.au/wcsstore/Coles-CAS/images/3/6/6/3660913-th.jpg",
    "categories": ["health-beauty"],
    "tags": ["hair-removal", "shave-gel-foam"],
    "locations": {
      "vic": {
        "price": 7.5,
        "promoText": " ",
        "packageSize": "220mL",
        "packagePrice": "$3.41 per 100mL"
      }
    }
  },
  {
    "id": "exona-men-antiperspirant-aerosol-advanced-workout",
    "brand": "Rexona",
    "name": "Men Aerosol Advanced Workout Antiperspirant Deodorant",
    "imageUrl": "https://shop.coles.com.au/wcsstore/Coles-CAS/images/3/6/6/3660902-th.jpg",
    "categories": ["health-beauty"],
    "tags": ["hair-removal", "shave-gel-foam"],
    "locations": {
      "vic": {
        "price": 7.5,
        "promoText": " ",
        "packageSize": "220mL",
        "packagePrice": "$3.41 per 100mL"
      }
    }
  },
  {
    "id": "palmolive-for-men-rapid-shave-foam-for-sensitive-skin",
    "brand": "Palmolive",
    "name": "Men Rapid Shave Foam for Sensitive Skin",
    "imageUrl": "https://shop.coles.com.au/wcsstore/Coles-CAS/images/2/1/9/219030-th.jpg",
    "categories": ["health-beauty"],
    "tags": ["hair-removal", "shave-gel-foam"],
    "locations": {
      "vic": {
        "price": 3.49,
        "promoText": " ",
        "packageSize": "250g",
        "packagePrice": "$1.40 per 100G"
      }
    }
  },
  {
    "id": "rexona-men-antiperspirant-aerosol-advanced-ext-cool",
    "brand": "Rexona",
    "name": "Men Antiperspirant Aerosol Advanced Extra Cool Deodorant",
    "imageUrl": "https://shop.coles.com.au/wcsstore/Coles-CAS/images/3/6/6/3660899-th.jpg",
    "categories": ["health-beauty"],
    "tags": ["hair-removal", "shave-gel-foam"],
    "locations": {
      "vic": {
        "price": 7.5,
        "promoText": " ",
        "packageSize": "220mL",
        "packagePrice": "$3.41 per 100mL"
      }
    }
  },
  {
    "id": "fauldings-shaving-cream",
    "brand": "Sanofi",
    "name": "Shave Moisturising Lather Shaving Cream",
    "imageUrl": "https://shop.coles.com.au/wcsstore/Coles-CAS/images/1/7/3/173086-th.jpg",
    "categories": ["health-beauty"],
    "tags": ["hair-removal", "shave-gel-foam"],
    "locations": {
      "vic": {
        "price": 2.5,
        "promoText": " ",
        "packageSize": "75g",
        "packagePrice": "$0.33 per 10G"
      }
    }
  },
  {
    "id": "schick-hydro-shave-gel-sensitive",
    "brand": "Schick",
    "name": "Hydro Sensitive Shave Gel",
    "imageUrl": "https://shop.coles.com.au/wcsstore/Coles-CAS/images/8/0/3/8037208-th.jpg",
    "categories": ["health-beauty"],
    "tags": ["hair-removal", "shave-gel-foam"],
    "locations": {
      "vic": {
        "price": 4.8,
        "promoText": "$1.20 ",
        "packageSize": "236g",
        "packagePrice": "$2.03 per 100G"
      }
    }
  },
  {
    "id": "veet-wax-strips-face-sensitive",
    "brand": "Veet",
    "name": "Face Precision Wax Strips Sensitive Skin",
    "imageUrl": "https://shop.coles.com.au/wcsstore/Coles-CAS/images/8/6/9/8692043-th.jpg",
    "categories": ["health-beauty"],
    "tags": ["hair-removal", "wax-cream-bleach"],
    "locations": {
      "vic": {
        "price": 9,
        "promoText": "Was $10.29 on Aug 2017 ",
        "packageSize": "20 pack",
        "packagePrice": "$0.45 per 1Ea"
      }
    }
  },
  {
    "id": "veet-hair-removal-wax-warm",
    "brand": "Veet",
    "name": "Warm Wax Hair Remover",
    "imageUrl": "https://shop.coles.com.au/wcsstore/Coles-CAS/images/6/7/4/6741002-th.jpg",
    "categories": ["health-beauty"],
    "tags": ["hair-removal", "wax-cream-bleach"],
    "locations": {
      "vic": {
        "price": 14,
        "promoText": " ",
        "packageSize": "375g",
        "packagePrice": "$3.73 per 100G"
      }
    }
  },
  {
    "id": "veet-hair-removal-cream-for-sensitive-skin",
    "brand": "Veet",
    "name": "Hair Removal Cream For Sensitive Skin",
    "imageUrl": "https://shop.coles.com.au/wcsstore/Coles-CAS/images/8/8/1/8812043-th.jpg",
    "categories": ["health-beauty"],
    "tags": ["hair-removal", "wax-cream-bleach"],
    "locations": {
      "vic": {
        "price": 7,
        "promoText": "Was $8.75 on Nov 2017 ",
        "packageSize": "100g",
        "packagePrice": "$7.00 per 100mL"
      }
    }
  },
  {
    "id": "gillette-shave-foam-sensitive-skin-3790001p",
    "brand": "Gillette",
    "name": "Shave Foam Sensitive Skin",
    "imageUrl": "https://shop.coles.com.au/wcsstore/Coles-CAS/images/3/7/9/3790001-th.jpg",
    "categories": ["health-beauty"],
    "tags": ["hair-removal", "wax-cream-bleach"],
    "locations": {
      "vic": {
        "price": 4.6,
        "promoText": " ",
        "packageSize": "330 GRAM",
        "packagePrice": ""
      }
    }
  },
  {
    "id": "marzena-sensitive-hair-remover-lotion",
    "brand": "Marzena",
    "name": "Sensitive Hair Remover Lotion",
    "imageUrl": "https://shop.coles.com.au/wcsstore/Coles-CAS/images/7/2/5/7255338-th.jpg",
    "categories": ["health-beauty"],
    "tags": ["hair-removal", "wax-cream-bleach"],
    "locations": {
      "vic": {
        "price": 8.5,
        "promoText": "Was $10.25 on Apr 2016 ",
        "packageSize": "170g",
        "packagePrice": "$5.00 per 100G"
      }
    }
  },
  {
    "id": "veet-cold-wax-strips-shea-butter-berry",
    "brand": "Veet",
    "name": "Shea Butter & Berry Cold Wax Strips",
    "imageUrl": "https://shop.coles.com.au/wcsstore/Coles-CAS/images/7/3/3/7330604-th.jpg",
    "categories": ["health-beauty"],
    "tags": ["hair-removal", "wax-cream-bleach"],
    "locations": {
      "vic": {
        "price": 15,
        "promoText": " ",
        "packageSize": "40 pack",
        "packagePrice": "$0.38 per 1Ea"
      }
    }
  },
  {
    "id": "nads-facial-wax-strips-hypoallergenic",
    "brand": "Nad's",
    "name": "Hypoallergenic Facial Wax Strips",
    "imageUrl": "https://shop.coles.com.au/wcsstore/Coles-CAS/images/7/3/3/7331200-th.jpg",
    "categories": ["health-beauty"],
    "tags": ["hair-removal", "wax-cream-bleach"],
    "locations": {
      "vic": {
        "price": 10.5,
        "promoText": " ",
        "packageSize": "20 pack",
        "packagePrice": "$0.53 per 1Ea"
      }
    }
  },
  {
    "id": "nads-facial-wand",
    "brand": "Nad's",
    "name": "Facial Wand Eyebrow Shaper",
    "imageUrl": "https://shop.coles.com.au/wcsstore/Coles-CAS/images/9/3/5/9357623-th.jpg",
    "categories": ["health-beauty"],
    "tags": ["hair-removal", "wax-cream-bleach"],
    "locations": {
      "vic": {
        "price": 15,
        "promoText": " ",
        "packageSize": "",
        "packagePrice": "$250.04 per 100G"
      }
    }
  },
  {
    "id": "nads-natural-sugar-wax",
    "brand": "Nads",
    "name": "Natural Sugar Wax Kit",
    "imageUrl": "https://shop.coles.com.au/wcsstore/Coles-CAS/images/3/3/6/3365480-th.jpg",
    "categories": ["health-beauty"],
    "tags": ["hair-removal", "wax-cream-bleach"],
    "locations": {
      "vic": {
        "price": 15,
        "promoText": " ",
        "packageSize": "370g",
        "packagePrice": "$4.05 per 100G"
      }
    }
  },
  {
    "id": "nair-facial-hair-bleach-regular",
    "brand": "Nair",
    "name": "Regular Facial Hair Bleach",
    "imageUrl": "https://shop.coles.com.au/wcsstore/Coles-CAS/images/4/7/0/4701084-th.jpg",
    "categories": ["health-beauty"],
    "tags": ["hair-removal", "wax-cream-bleach"],
    "locations": {
      "vic": {
        "price": 14,
        "promoText": " ",
        "packageSize": "35g",
        "packagePrice": "$40.00 per 100G"
      }
    }
  },
  {
    "id": "nair-cream-hair-remover-shower-power-max",
    "brand": "Nair",
    "name": "Shower Power Max Hair Removel Cream",
    "imageUrl": "https://shop.coles.com.au/wcsstore/Coles-CAS/images/7/6/6/7660336-th.jpg",
    "categories": ["health-beauty"],
    "tags": ["hair-removal", "wax-cream-bleach"],
    "locations": {
      "vic": {
        "price": 15.5,
        "promoText": " ",
        "packageSize": "312g",
        "packagePrice": "$4.97 per 100G"
      }
    }
  },
  {
    "id": "nair-sensitive-hair-remover-cream",
    "brand": "Nair",
    "name": "Sensitive Hair Remover Cream",
    "imageUrl": "https://shop.coles.com.au/wcsstore/Coles-CAS/images/7/2/4/7249845-th.jpg",
    "categories": ["health-beauty"],
    "tags": ["hair-removal", "wax-cream-bleach"],
    "locations": {
      "vic": {
        "price": 7,
        "promoText": " ",
        "packageSize": "75g",
        "packagePrice": "$9.33 per 100G"
      }
    }
  },
  {
    "id": "nair-salon-divine-sensitive-wax-kit",
    "brand": "Nair",
    "name": "Sensitive Waxing Kit",
    "imageUrl": "https://shop.coles.com.au/wcsstore/Coles-CAS/images/4/6/9/4698128-th.jpg",
    "categories": ["health-beauty"],
    "tags": ["hair-removal", "wax-cream-bleach"],
    "locations": {
      "vic": {
        "price": 15,
        "promoText": " ",
        "packageSize": "100g",
        "packagePrice": "$15.00 per 100G"
      }
    }
  },
  {
    "id": "nair-esiwax-mini-reusable-wax-strips",
    "brand": "Nair",
    "name": "Easiwax Mini Reusable Wax Strips",
    "imageUrl": "https://shop.coles.com.au/wcsstore/Coles-CAS/images/4/7/0/4700988-th.jpg",
    "categories": ["health-beauty"],
    "tags": ["hair-removal", "wax-cream-bleach"],
    "locations": {
      "vic": {
        "price": 9,
        "promoText": " ",
        "packageSize": "20 pack",
        "packagePrice": "$0.45 per 1Ea"
      }
    }
  },
  {
    "id": "nair-sensitive-shower-power",
    "brand": "Nair",
    "name": "Sensitive Hair Removal Shower Cream",
    "imageUrl": "https://shop.coles.com.au/wcsstore/Coles-CAS/images/2/2/7/2274197-th.jpg",
    "categories": ["health-beauty"],
    "tags": ["hair-removal", "wax-cream-bleach"],
    "locations": {
      "vic": {
        "price": 13,
        "promoText": " ",
        "packageSize": "200mL",
        "packagePrice": "$6.50 per 100mL"
      }
    }
  },
  {
    "id": "nair-sensitive-pain-reducing-wax",
    "brand": "Nair",
    "name": "Sensitive Pain Reducing Wax",
    "imageUrl": "https://shop.coles.com.au/wcsstore/Coles-CAS/images/2/2/7/2274200-th.jpg",
    "categories": ["health-beauty"],
    "tags": ["hair-removal", "wax-cream-bleach"],
    "locations": {
      "vic": {
        "price": 22,
        "promoText": " ",
        "packageSize": "400g",
        "packagePrice": "$5.50 per 100G"
      }
    }
  },
  {
    "id": "nair-sensitive-wax-strips-large",
    "brand": "Nair",
    "name": "Sensitive Wax Strips Large",
    "imageUrl": "https://shop.coles.com.au/wcsstore/Coles-CAS/images/2/9/0/2904692-th.jpg",
    "categories": ["health-beauty"],
    "tags": ["hair-removal", "wax-cream-bleach"],
    "locations": {
      "vic": {
        "price": 15,
        "promoText": " ",
        "packageSize": "40 pack",
        "packagePrice": "$0.38 per 1Ea"
      }
    }
  },
  {
    "id": "nair-facial-sensitive-hair-removal-cream",
    "brand": "Nair",
    "name": "Sensitive Facial Hair Removal Cream",
    "imageUrl": "https://shop.coles.com.au/wcsstore/Coles-CAS/images/3/3/6/3365710-th.jpg",
    "categories": ["health-beauty"],
    "tags": ["hair-removal", "wax-cream-bleach"],
    "locations": {
      "vic": {
        "price": 6,
        "promoText": " ",
        "packageSize": "20g",
        "packagePrice": "$30.00 per 100G"
      }
    }
  },
  {
    "id": "nair-hair-removal-shower-cream-with-coconut-oil",
    "brand": "Nair",
    "name": "Hair Removal Shower Cream With Coconut Oil",
    "imageUrl": "https://shop.coles.com.au/wcsstore/Coles-CAS/images/3/5/8/3583040-th.jpg",
    "categories": ["health-beauty"],
    "tags": ["hair-removal", "wax-cream-bleach"],
    "locations": {
      "vic": {
        "price": 15.5,
        "promoText": " ",
        "packageSize": "357g",
        "packagePrice": "$4.34 per 100G"
      }
    }
  },
  {
    "id": "veet-in-shower-hair-removal-cream-sensitive",
    "brand": "Veet",
    "name": "In Shower Sensitive Hair Removal Cream",
    "imageUrl": "https://shop.coles.com.au/wcsstore/Coles-CAS/images/8/9/4/8944805-th.jpg",
    "categories": ["health-beauty"],
    "tags": ["hair-removal", "wax-cream-bleach"],
    "locations": {
      "vic": {
        "price": 14,
        "promoText": " ",
        "packageSize": "150g",
        "packagePrice": "$9.33 per 100G"
      }
    }
  },
  {
    "id": "veet-spray-on-hair-removal-cream-sensitive",
    "brand": "Veet",
    "name": "Sensitive Spray On Hair Removal Cream Aloe Vera & Vitamin E",
    "imageUrl": "https://shop.coles.com.au/wcsstore/Coles-CAS/images/7/1/2/7126029-th.jpg",
    "categories": ["health-beauty"],
    "tags": ["hair-removal", "wax-cream-bleach"],
    "locations": {
      "vic": {
        "price": 15,
        "promoText": " ",
        "packageSize": "150g",
        "packagePrice": "$10.00 per 100G"
      }
    }
  },
  {
    "id": "veet-hair-removal-cream-sensitive",
    "brand": "Veet",
    "name": "Sensitive Hair Removal Cream",
    "imageUrl": "https://shop.coles.com.au/wcsstore/Coles-CAS/images/7/3/3/7330648-th.jpg",
    "categories": ["health-beauty"],
    "tags": ["hair-removal", "wax-cream-bleach"],
    "locations": {
      "vic": {
        "price": 21,
        "promoText": " ",
        "packageSize": "400mL",
        "packagePrice": "$5.25 per 100mL"
      }
    }
  },
  {
    "id": "veet-spa-wax-sugar-fig-refill",
    "brand": "Veet",
    "name": "Spawax Sugar Fig Refill",
    "imageUrl": "https://shop.coles.com.au/wcsstore/Coles-CAS/images/2/5/1/2513367-th.jpg",
    "categories": ["health-beauty"],
    "tags": ["hair-removal", "wax-cream-bleach"],
    "locations": {
      "vic": {
        "price": 15,
        "promoText": " ",
        "packageSize": "150g",
        "packagePrice": "$10.00 per 100G"
      }
    }
  },
  {
    "id": "veet-cold-wax-strips-underarm",
    "brand": "Veet",
    "name": "Underarm Cold Wax Strips",
    "imageUrl": "https://shop.coles.com.au/wcsstore/Coles-CAS/images/3/5/8/3582343-th.jpg",
    "categories": ["health-beauty"],
    "tags": ["hair-removal", "wax-cream-bleach"],
    "locations": {
      "vic": {
        "price": 10.5,
        "promoText": " ",
        "packageSize": "16 pack",
        "packagePrice": "$0.66 per 1Ea"
      }
    }
  },
  {
    "id": "veet-cold-wax-strips-bikini",
    "brand": "Veet",
    "name": "Bikini Cold Wax Strips",
    "imageUrl": "https://shop.coles.com.au/wcsstore/Coles-CAS/images/3/5/8/3582332-th.jpg",
    "categories": ["health-beauty"],
    "tags": ["hair-removal", "wax-cream-bleach"],
    "locations": {
      "vic": {
        "price": 10.5,
        "promoText": " ",
        "packageSize": "16 pack",
        "packagePrice": "$0.66 per 1Ea"
      }
    }
  },
  {
    "id": "mylanta2go-tablets-double-strength",
    "brand": "Mylanta",
    "name": "2go Double Strength Tablets",
    "imageUrl": "https://shop.coles.com.au/wcsstore/Coles-CAS/images/4/8/0/4801839-th.jpg",
    "categories": ["health-beauty"],
    "tags": ["medicinal", "antacid-indigestion"],
    "locations": {
      "vic": {
        "price": 5.3,
        "promoText": " ",
        "packageSize": "24 pack",
        "packagePrice": "$0.22 per 1Ea"
      }
    }
  },
  {
    "id": "imodium-tablets-zapid-2mg",
    "brand": "Imodium",
    "name": "Zapid Tablets",
    "imageUrl": "https://shop.coles.com.au/wcsstore/Coles-CAS/images/9/5/4/9540641-th.jpg",
    "categories": ["health-beauty"],
    "tags": ["medicinal", "antacid-indigestion"],
    "locations": {
      "vic": {
        "price": 11.2,
        "promoText": " ",
        "packageSize": "1 pack",
        "packagePrice": "$1.87 per 1Ea"
      }
    }
  },
  {
    "id": "part_3627929P",
    "brand": "Dettol",
    "name": "Instant Hand Sanitizer",
    "imageUrl": "https://shop.coles.com.au/wcsstore/Coles-CAS/images/3/6/2/3627929-th.jpg",
    "categories": ["health-beauty"],
    "tags": ["medicinal", "antacid-indigestion"],
    "locations": {
      "vic": {
        "price": 3.5,
        "promoText": " ",
        "packageSize": "50mL",
        "packagePrice": "$7.00 per 100mL"
      }
    }
  },
  {
    "id": "coles-epsom-salts",
    "brand": "Coles",
    "name": "Epsom Salts",
    "imageUrl": "https://shop.coles.com.au/wcsstore/Coles-CAS/images/2/8/4/2845946-th.jpg",
    "categories": ["health-beauty"],
    "tags": ["medicinal", "antacid-indigestion"],
    "locations": {
      "vic": {
        "price": 6,
        "promoText": " ",
        "packageSize": "1kg",
        "packagePrice": "$6.00 per 1KG"
      }
    }
  },
  {
    "id": "gaviscon-dual-action-tablets",
    "brand": "Gaviscon",
    "name": "Dual Action Tablets",
    "imageUrl": "https://shop.coles.com.au/wcsstore/Coles-CAS/images/3/1/6/3161571-th.jpg",
    "categories": ["health-beauty"],
    "tags": ["medicinal", "antacid-indigestion"],
    "locations": {
      "vic": {
        "price": 15,
        "promoText": " ",
        "packageSize": "48 pack",
        "packagePrice": "$0.31 per 1Ea"
      }
    }
  },
  {
    "id": "gaviscon-dual-action-antacid-liquid",
    "brand": "Gaviscon",
    "name": "Dual Action Antacid Liquid",
    "imageUrl": "https://shop.coles.com.au/wcsstore/Coles-CAS/images/2/3/7/2371455-th.jpg",
    "categories": ["health-beauty"],
    "tags": ["medicinal", "antacid-indigestion"],
    "locations": {
      "vic": {
        "price": 15.7,
        "promoText": " ",
        "packageSize": "600mL",
        "packagePrice": "$2.62 per 100mL"
      }
    }
  },
  {
    "id": "quick-eze-antacid-tablets-310507p",
    "brand": "Quick-Eze",
    "name": "Antacid Original Tablets",
    "imageUrl": "https://shop.coles.com.au/wcsstore/Coles-CAS/images/3/1/0/310507-th.jpg",
    "categories": ["health-beauty"],
    "tags": ["medicinal", "antacid-indigestion"],
    "locations": {
      "vic": {
        "price": 6.5,
        "promoText": " ",
        "packageSize": "5 pack",
        "packagePrice": "$4.45 per 100G"
      }
    }
  },
  {
    "id": "rennie-antacid-tablets-spearmint",
    "brand": "Rennie",
    "name": "Indigestion and Heartburn Relief Spearmint 48 Chewable Tablets",
    "imageUrl": "https://shop.coles.com.au/wcsstore/Coles-CAS/images/5/5/4/5548970-th.jpg",
    "categories": ["health-beauty"],
    "tags": ["medicinal", "antacid-indigestion"],
    "locations": {
      "vic": {
        "price": 7.5,
        "promoText": " ",
        "packageSize": "1 Pack",
        "packagePrice": "$7.50 per 1Ea"
      }
    }
  },
  {
    "id": "gaviscon-dual-action-liquid",
    "brand": "Gaviscon",
    "name": "Dual Action Liquid",
    "imageUrl": "https://shop.coles.com.au/wcsstore/Coles-CAS/images/6/9/7/6979387-th.jpg",
    "categories": ["health-beauty"],
    "tags": ["medicinal", "antacid-indigestion"],
    "locations": {
      "vic": {
        "price": 8.7,
        "promoText": " ",
        "packageSize": "300mL",
        "packagePrice": "$2.90 per 100mL"
      }
    }
  },
  {
    "id": "gaviscon-dual-action-chewable-tablets",
    "brand": "Gaviscon",
    "name": "Dual Action Chewable Tablets",
    "imageUrl": "https://shop.coles.com.au/wcsstore/Coles-CAS/images/6/9/7/6979172-th.jpg",
    "categories": ["health-beauty"],
    "tags": ["medicinal", "antacid-indigestion"],
    "locations": {
      "vic": {
        "price": 5.7,
        "promoText": " ",
        "packageSize": "16 pack",
        "packagePrice": "$0.36 per 1Ea"
      }
    }
  },
  {
    "id": "gaviscon-dual-action-peppermint-tablets",
    "brand": "Gaviscon",
    "name": "Dual Action Peppermint Tablets",
    "imageUrl": "https://shop.coles.com.au/wcsstore/Coles-CAS/images/1/7/5/1750312-th.jpg",
    "categories": ["health-beauty"],
    "tags": ["medicinal", "antacid-indigestion"],
    "locations": {
      "vic": {
        "price": 9.45,
        "promoText": "$1.05 ",
        "packageSize": "32 pack",
        "packagePrice": "$0.30 per 1Ea"
      }
    }
  },
  {
    "id": "hydralyte-effervescent-tablets-orange",
    "brand": "Hydralyte",
    "name": "Tablets Orange",
    "imageUrl": "https://shop.coles.com.au/wcsstore/Coles-CAS/images/2/8/6/2864838-th.jpg",
    "categories": ["health-beauty"],
    "tags": ["medicinal", "antacid-indigestion"],
    "locations": {
      "vic": {
        "price": 8,
        "promoText": " ",
        "packageSize": "10 pack",
        "packagePrice": "$0.80 per 1Ea"
      }
    }
  },
  {
    "id": "walco-quick-eze-chewy",
    "brand": "Quick-Eze",
    "name": "Chewy Peppermint Antacid Tablets",
    "imageUrl": "https://shop.coles.com.au/wcsstore/Coles-CAS/images/6/0/8/6082992-th.jpg",
    "categories": ["health-beauty"],
    "tags": ["medicinal", "antacid-indigestion"],
    "locations": {
      "vic": {
        "price": 6,
        "promoText": " ",
        "packageSize": "3 pack",
        "packagePrice": "$4.96 per 100G"
      }
    }
  },
  {
    "id": "coles-eucalyptus-oil-spray",
    "brand": "Coles",
    "name": "Eucalyptus Oil Spray",
    "imageUrl": "https://shop.coles.com.au/wcsstore/Coles-CAS/images/3/6/4/3649499-th.jpg",
    "categories": ["health-beauty"],
    "tags": ["medicinal", "antacid-indigestion"],
    "locations": {
      "vic": {
        "price": 8.5,
        "promoText": " ",
        "packageSize": "200g",
        "packagePrice": "$4.25 per 100G"
      }
    }
  },
  {
    "id": "de-gas-peppermint-capsules",
    "brand": "De-Gas",
    "name": "Peppermint Capsules",
    "imageUrl": "https://shop.coles.com.au/wcsstore/Coles-CAS/images/5/5/2/5521714-th.jpg",
    "categories": ["health-beauty"],
    "tags": ["medicinal", "antacid-indigestion"],
    "locations": {
      "vic": {
        "price": 7.3,
        "promoText": " ",
        "packageSize": "24 pack",
        "packagePrice": "$0.30 per 1Ea"
      }
    }
  },
  {
    "id": "hydralyte--effervescent-apple-blackcurrant-electrolyte-tablets",
    "brand": "Hydralyte",
    "name": "Apple Blackcurrant 10 Effervescent Electrolyte Tablets",
    "imageUrl": "https://shop.coles.com.au/wcsstore/Coles-CAS/images/2/8/6/2864882-th.jpg",
    "categories": ["health-beauty"],
    "tags": ["medicinal", "antacid-indigestion"],
    "locations": {
      "vic": {
        "price": 8,
        "promoText": " ",
        "packageSize": "1 pack",
        "packagePrice": "$0.80 per 1Ea"
      }
    }
  },
  {
    "id": "quick-eze-antacid-tablets-forest-berry",
    "brand": "Quick Eze",
    "name": "Chewy Fast Acting Heartburn And Indigestion Tablets",
    "imageUrl": "https://shop.coles.com.au/wcsstore/Coles-CAS/images/6/9/8/6988515-th.jpg",
    "categories": ["health-beauty"],
    "tags": ["medicinal", "antacid-indigestion"],
    "locations": {
      "vic": {
        "price": 6,
        "promoText": " ",
        "packageSize": "3 pack",
        "packagePrice": "$2.00 per 1Ea"
      }
    }
  },
  {
    "id": "anusol-ointment",
    "brand": "Anusol",
    "name": "Ointment",
    "imageUrl": "https://shop.coles.com.au/wcsstore/Coles-CAS/images/5/7/6/5765504-th.jpg",
    "categories": ["health-beauty"],
    "tags": ["medicinal", "antacid-indigestion"],
    "locations": {
      "vic": {
        "price": 9.4,
        "promoText": " ",
        "packageSize": "50g",
        "packagePrice": "$18.80 per 100G"
      }
    }
  },
  {
    "id": "bach-rescue-remedy-cranberry-pastilles",
    "brand": "Bach",
    "name": "Rescue Remedy Cranberry Pastilles",
    "imageUrl": "https://shop.coles.com.au/wcsstore/Coles-CAS/images/2/1/1/2110214-th.jpg",
    "categories": ["health-beauty"],
    "tags": ["medicinal", "antacid-indigestion"],
    "locations": {
      "vic": {
        "price": 13,
        "promoText": " ",
        "packageSize": "50g",
        "packagePrice": "$26.00 per 100G"
      }
    }
  },
  {
    "id": "bach-rescue-remedy-drops",
    "brand": "Bach",
    "name": "Rescue Remedy Drops",
    "imageUrl": "https://shop.coles.com.au/wcsstore/Coles-CAS/images/1/7/9/1795208-th.jpg",
    "categories": ["health-beauty"],
    "tags": ["medicinal", "antacid-indigestion"],
    "locations": {
      "vic": {
        "price": 20,
        "promoText": " ",
        "packageSize": "10mL",
        "packagePrice": "$200.00 per 100mL"
      }
    }
  },
  {
    "id": "benefiber-fibre-supplement-powder-non-thick-natural",
    "brand": "Benefiber",
    "name": "Natural Fibre Supplement",
    "imageUrl": "https://shop.coles.com.au/wcsstore/Coles-CAS/images/6/0/2/6027371-th.jpg",
    "categories": ["health-beauty"],
    "tags": ["medicinal", "antacid-indigestion"],
    "locations": {
      "vic": {
        "price": 12,
        "promoText": " ",
        "packageSize": "155g",
        "packagePrice": "$7.74 per 100G"
      }
    }
  },
  {
    "id": "benefiber-powder",
    "brand": "Benefiber",
    "name": "Natural Fibre Supplement",
    "imageUrl": "https://shop.coles.com.au/wcsstore/Coles-CAS/images/2/8/3/2837507-th.jpg",
    "categories": ["health-beauty"],
    "tags": ["medicinal", "antacid-indigestion"],
    "locations": {
      "vic": {
        "price": 29,
        "promoText": " ",
        "packageSize": "500g",
        "packagePrice": "$5.80 per 100G"
      }
    }
  },
  {
    "id": "bexters-soda-crystals",
    "brand": "Bexters",
    "name": "Soda Crystals",
    "imageUrl": "https://shop.coles.com.au/wcsstore/Coles-CAS/images/2/3/8/2384275-th.jpg",
    "categories": ["health-beauty"],
    "tags": ["medicinal", "antacid-indigestion"],
    "locations": {
      "vic": {
        "price": 8,
        "promoText": "$2.00 ",
        "packageSize": "800g",
        "packagePrice": "$1.00 per 100G"
      }
    }
  },
  {
    "id": "bonvit-psyllium-capsules",
    "brand": "Bonvit",
    "name": "Psyllium Fibre Capsules",
    "imageUrl": "https://shop.coles.com.au/wcsstore/Coles-CAS/images/8/1/4/8147909-th.jpg",
    "categories": ["health-beauty"],
    "tags": ["medicinal", "antacid-indigestion"],
    "locations": {
      "vic": {
        "price": 25,
        "promoText": " ",
        "packageSize": "180 pack",
        "packagePrice": "$0.14 per 1Ea"
      }
    }
  },
  {
    "id": "coles-anti-diarrhoea-capsules",
    "brand": "Coles",
    "name": "Anti-diarrhoea 8 Capsules",
    "imageUrl": "https://shop.coles.com.au/wcsstore/Coles-CAS/images/2/8/4/2843408-th.jpg",
    "categories": ["health-beauty"],
    "tags": ["medicinal", "antacid-indigestion"],
    "locations": {
      "vic": {
        "price": 7,
        "promoText": " ",
        "packageSize": "1 Pack",
        "packagePrice": "$7.00 per 1Ea"
      }
    }
  },
  {
    "id": "coloxyl-with-senna-softener-plus-laxative-tablets",
    "brand": "Coloxyl with Senna",
    "name": "Softener Plus Laxative Tablets",
    "imageUrl": "https://shop.coles.com.au/wcsstore/Coles-CAS/images/3/1/6/3169675-th.jpg",
    "categories": ["health-beauty"],
    "tags": ["medicinal", "antacid-indigestion"],
    "locations": {
      "vic": {
        "price": 8,
        "promoText": " ",
        "packageSize": "45 pack",
        "packagePrice": "$0.18 per 1Ea"
      }
    }
  },
  {
    "id": "eno-fruit-salts-lemon",
    "brand": "Eno",
    "name": "Lemon Fruit Salts",
    "imageUrl": "https://shop.coles.com.au/wcsstore/Coles-CAS/images/1/8/5/185110-th.jpg",
    "categories": ["health-beauty"],
    "tags": ["medicinal", "antacid-indigestion"],
    "locations": {
      "vic": {
        "price": 10,
        "promoText": " ",
        "packageSize": "200g",
        "packagePrice": "$5.00 per 100G"
      }
    }
  },
  {
    "id": "gastro-stop-2mg-8-pack",
    "brand": "Gastro Stop",
    "name": "2MG",
    "imageUrl": "https://shop.coles.com.au/wcsstore/Coles-CAS/images/3/1/6/3161630-th.jpg",
    "categories": ["health-beauty"],
    "tags": ["medicinal", "antacid-indigestion"],
    "locations": {
      "vic": {
        "price": 9,
        "promoText": " ",
        "packageSize": "8 pack",
        "packagePrice": "$1.13 per 1Ea"
      }
    }
  },
  {
    "id": "gaviscon-double-strength-aniseed",
    "brand": "Gaviscon",
    "name": "Double Strength Aniseed",
    "imageUrl": "https://shop.coles.com.au/wcsstore/Coles-CAS/images/2/8/6/2865160-th.jpg",
    "categories": ["health-beauty"],
    "tags": ["medicinal", "antacid-indigestion"],
    "locations": {
      "vic": {
        "price": 13.6,
        "promoText": " ",
        "packageSize": "500mL",
        "packagePrice": "$2.72 per 100mL"
      }
    }
  },
  {
    "id": "gaviscon-dual-action-liquid-sachet",
    "brand": "Gaviscon",
    "name": "Dual Action Liquid Sachets",
    "imageUrl": "https://shop.coles.com.au/wcsstore/Coles-CAS/images/3/4/1/3418598-th.jpg",
    "categories": ["health-beauty"],
    "tags": ["medicinal", "antacid-indigestion"],
    "locations": {
      "vic": {
        "price": 8,
        "promoText": " ",
        "packageSize": "12 pack",
        "packagePrice": "$0.67 per 1Ea"
      }
    }
  },
  {
    "id": "gaviscon-peppermint-liquid-600ml",
    "brand": "Gaviscon",
    "name": "Peppermint Liquid",
    "imageUrl": "https://shop.coles.com.au/wcsstore/Coles-CAS/images/3/7/3/3734270-th.jpg",
    "categories": ["health-beauty"],
    "tags": ["medicinal", "antacid-indigestion"],
    "locations": {
      "vic": {
        "price": 13.69,
        "promoText": " ",
        "packageSize": "600mL",
        "packagePrice": "$2.28 per 100mL"
      }
    }
  },
  {
    "id": "gaviscon-double-strength-peppermint-tabs-24pk",
    "brand": "Gaviscon",
    "name": "Double Strength Peppermint Tabs",
    "imageUrl": "https://shop.coles.com.au/wcsstore/Coles-CAS/images/3/7/3/3734260-th.jpg",
    "categories": ["health-beauty"],
    "tags": ["medicinal", "antacid-indigestion"],
    "locations": {
      "vic": {
        "price": 8.99,
        "promoText": " ",
        "packageSize": "24 pack",
        "packagePrice": "$0.37 per 1Ea"
      }
    }
  },
  {
    "id": "herron-sennesoft-laxatives",
    "brand": "Herron",
    "name": "Sennesoft Laxatives",
    "imageUrl": "https://shop.coles.com.au/wcsstore/Coles-CAS/images/5/5/9/5599041-th.jpg",
    "categories": ["health-beauty"],
    "tags": ["medicinal", "antacid-indigestion"],
    "locations": {
      "vic": {
        "price": 8,
        "promoText": " ",
        "packageSize": "100 pack",
        "packagePrice": "$0.08 per 1Ea"
      }
    }
  },
  {
    "id": "hydralyte-sachets-appleblackcurrant-10-pack",
    "brand": "Hydralyte",
    "name": "Electrolyte Powder Apple & Blackcurrant",
    "imageUrl": "https://shop.coles.com.au/wcsstore/Coles-CAS/images/2/8/6/2864929-th.jpg",
    "categories": ["health-beauty"],
    "tags": ["medicinal", "antacid-indigestion"],
    "locations": {
      "vic": {
        "price": 14,
        "promoText": " ",
        "packageSize": "10 pack",
        "packagePrice": "$1.40 per 1Ea"
      }
    }
  },
  {
    "id": "hydralyte--orange-electrolyte-liquid",
    "brand": "Hydralyte",
    "name": "Electrolyte Solution Orange Flavour",
    "imageUrl": "https://shop.coles.com.au/wcsstore/Coles-CAS/images/2/8/6/2864930-th.jpg",
    "categories": ["health-beauty"],
    "tags": ["medicinal", "antacid-indigestion"],
    "locations": {
      "vic": {
        "price": 14,
        "promoText": " ",
        "packageSize": "1L",
        "packagePrice": "$1.40 per 100mL"
      }
    }
  },
  {
    "id": "hydralyte--orange-electrolyte-powder",
    "brand": "Hydralyte",
    "name": "Electrolyte Powder Orange Flavour",
    "imageUrl": "https://shop.coles.com.au/wcsstore/Coles-CAS/images/2/8/6/2864918-th.jpg",
    "categories": ["health-beauty"],
    "tags": ["medicinal", "antacid-indigestion"],
    "locations": {
      "vic": {
        "price": 14,
        "promoText": " ",
        "packageSize": "10 pack",
        "packagePrice": "$1.40 per 1Ea"
      }
    }
  },
  {
    "id": "hydralyte-ice-block-orange",
    "brand": "Hydralyte",
    "name": "Orange Flavoured Electrolyte Ice Block 62.5 mL",
    "imageUrl": "https://shop.coles.com.au/wcsstore/Coles-CAS/images/3/4/1/3415590-th.jpg",
    "categories": ["health-beauty"],
    "tags": ["medicinal", "antacid-indigestion"],
    "locations": {
      "vic": {
        "price": 15,
        "promoText": " ",
        "packageSize": "16 pack",
        "packagePrice": "$0.94 per 1Ea"
      }
    }
  },
  {
    "id": "imodium-capsules",
    "brand": "Imodium",
    "name": "Capsules",
    "imageUrl": "https://shop.coles.com.au/wcsstore/Coles-CAS/images/1/2/1/1218292-th.jpg",
    "categories": ["health-beauty"],
    "tags": ["medicinal", "antacid-indigestion"],
    "locations": {
      "vic": {
        "price": 11,
        "promoText": " ",
        "packageSize": "8 pack",
        "packagePrice": "$1.38 per 1Ea"
      }
    }
  },
  {
    "id": "imodium-advanced-tablets",
    "brand": "Imodium",
    "name": "Advanced Tablets",
    "imageUrl": "https://shop.coles.com.au/wcsstore/Coles-CAS/images/2/3/7/2371648-th.jpg",
    "categories": ["health-beauty"],
    "tags": ["medicinal", "antacid-indigestion"],
    "locations": {
      "vic": {
        "price": 11,
        "promoText": " ",
        "packageSize": "6 pack",
        "packagePrice": "$1.83 per 1Ea"
      }
    }
  },
  {
    "id": "laxettes-laxative-tablets-with-senna",
    "brand": "Laxettes",
    "name": "Laxative Tablets With Senna",
    "imageUrl": "https://shop.coles.com.au/wcsstore/Coles-CAS/images/5/1/3/5136000-th.jpg",
    "categories": ["health-beauty"],
    "tags": ["medicinal", "antacid-indigestion"],
    "locations": {
      "vic": {
        "price": 5.3,
        "promoText": " ",
        "packageSize": "50 pack",
        "packagePrice": "$0.11 per 1Ea"
      }
    }
  },
  {
    "id": "laxettes-laxatives",
    "brand": "Laxettes",
    "name": "Laxatives",
    "imageUrl": "https://shop.coles.com.au/wcsstore/Coles-CAS/images/9/5/0/9505470-th.jpg",
    "categories": ["health-beauty"],
    "tags": ["medicinal", "antacid-indigestion"],
    "locations": {
      "vic": {
        "price": 4.4,
        "promoText": " ",
        "packageSize": "24 pack",
        "packagePrice": "$0.18 per 1Ea"
      }
    }
  },
  {
    "id": "metamucil--fibre-capsules",
    "brand": "Metamucil",
    "name": "Daily Fibre Supplement Fibre Caps",
    "imageUrl": "https://shop.coles.com.au/wcsstore/Coles-CAS/images/8/1/5/8156568-th.jpg",
    "categories": ["health-beauty"],
    "tags": ["medicinal", "antacid-indigestion"],
    "locations": {
      "vic": {
        "price": 32.5,
        "promoText": " ",
        "packageSize": "160 pack",
        "packagePrice": "$0.20 per 1Ea"
      }
    }
  },
  {
    "id": "metamucil-natural-dietary-fibre-orange-smooth",
    "brand": "Metamucil",
    "name": "Orange Smooth Daily Fibre Supplement 48 Doses",
    "imageUrl": "https://shop.coles.com.au/wcsstore/Coles-CAS/images/6/9/0/6904708-th.jpg",
    "categories": ["health-beauty"],
    "tags": ["medicinal", "antacid-indigestion"],
    "locations": {
      "vic": {
        "price": 16,
        "promoText": " ",
        "packageSize": "283g",
        "packagePrice": "$5.65 per 100G"
      }
    }
  },
  {
    "id": "metamucil-fibre-supplement-smooth-orange",
    "brand": "Metamucil",
    "name": "Daily Fibre Supplement Smooth Orange 114 Doses",
    "imageUrl": "https://shop.coles.com.au/wcsstore/Coles-CAS/images/4/4/9/4497374-th.jpg",
    "categories": ["health-beauty"],
    "tags": ["medicinal", "antacid-indigestion"],
    "locations": {
      "vic": {
        "price": 28,
        "promoText": " ",
        "packageSize": "673g",
        "packagePrice": "$4.16 per 100G"
      }
    }
  },
  {
    "id": "metamucil-fibre-supplement-powder-lemon-lime-sugar-free",
    "brand": "Metamucil",
    "name": "Sugar Free Lemon Lime Fibre Supplement Powder 72 Doses",
    "imageUrl": "https://shop.coles.com.au/wcsstore/Coles-CAS/images/4/4/9/4497320-th.jpg",
    "categories": ["health-beauty"],
    "tags": ["medicinal", "antacid-indigestion"],
    "locations": {
      "vic": {
        "price": 16,
        "promoText": "$4.00 ",
        "packageSize": "425g",
        "packagePrice": "$3.76 per 100G"
      }
    }
  },
  {
    "id": "metamucil-laxative-powder-orange-smooth",
    "brand": "Metamucil",
    "name": "Daily Fibre Supplement Smooth Orange 72 Doses",
    "imageUrl": "https://shop.coles.com.au/wcsstore/Coles-CAS/images/9/6/7/9676202-th.jpg",
    "categories": ["health-beauty"],
    "tags": ["medicinal", "antacid-indigestion"],
    "locations": {
      "vic": {
        "price": 16,
        "promoText": "$4.00 ",
        "packageSize": "425g",
        "packagePrice": "$3.76 per 100G"
      }
    }
  },
  {
    "id": "metamucil-fibre-spplmnt-orange-smooth",
    "brand": "Metamucil",
    "name": "Orange Smooth Daily Fibre Supplement",
    "imageUrl": "https://shop.coles.com.au/wcsstore/Coles-CAS/images/9/1/2/9125140-th.jpg",
    "categories": ["health-beauty"],
    "tags": ["medicinal", "antacid-indigestion"],
    "locations": {
      "vic": {
        "price": 10,
        "promoText": " ",
        "packageSize": "30 pack",
        "packagePrice": "$0.33 per 1Ea"
      }
    }
  },
  {
    "id": "metamucil-original-natural-dietary-fibre-supplement",
    "brand": "Metamucil",
    "name": "Original Natural Granular Dietary Fibre Supplement 72 Doses",
    "imageUrl": "https://shop.coles.com.au/wcsstore/Coles-CAS/images/9/6/7/9676042-th.jpg",
    "categories": ["health-beauty"],
    "tags": ["medicinal", "antacid-indigestion"],
    "locations": {
      "vic": {
        "price": 16,
        "promoText": "$4.00 ",
        "packageSize": "504g",
        "packagePrice": "$3.17 per 100G"
      }
    }
  },
  {
    "id": "metamucil-lemon-lime-114-dose",
    "brand": "Metamucil",
    "name": "Lemon Lime 114 Dose",
    "imageUrl": "https://shop.coles.com.au/wcsstore/Coles-CAS/images/3/1/6/3161538-th.jpg",
    "categories": ["health-beauty"],
    "tags": ["medicinal", "antacid-indigestion"],
    "locations": {
      "vic": {
        "price": 28,
        "promoText": " ",
        "packageSize": "673g",
        "packagePrice": "$4.16 per 100G"
      }
    }
  },
  {
    "id": "movicol-lemon-lime-sachets",
    "brand": "Movicol",
    "name": "Lemon Lime Sachets",
    "imageUrl": "https://shop.coles.com.au/wcsstore/Coles-CAS/images/1/7/5/1755462-th.jpg",
    "categories": ["health-beauty"],
    "tags": ["medicinal", "antacid-indigestion"],
    "locations": {
      "vic": {
        "price": 20,
        "promoText": " ",
        "packageSize": "30 pack",
        "packagePrice": "$0.67 per 1Ea"
      }
    }
  },
  {
    "id": "nulax-laxative-fruit-bar",
    "brand": "Nulax",
    "name": "Laxative Fruit Bar",
    "imageUrl": "https://shop.coles.com.au/wcsstore/Coles-CAS/images/4/3/3/4338519-th.jpg",
    "categories": ["health-beauty"],
    "tags": ["medicinal", "antacid-indigestion"],
    "locations": {
      "vic": {
        "price": 0,
        "promoText": " ",
        "packageSize": "40g",
        "packagePrice": ""
      }
    }
  },
  {
    "id": "nulax-laxative-fruit",
    "brand": "Nulax",
    "name": "Fruit Laxative",
    "imageUrl": "https://shop.coles.com.au/wcsstore/Coles-CAS/images/1/1/3/113674-th.jpg",
    "categories": ["health-beauty"],
    "tags": ["medicinal", "antacid-indigestion"],
    "locations": {
      "vic": {
        "price": 6.75,
        "promoText": " ",
        "packageSize": "250g",
        "packagePrice": "$2.70 per 100G"
      }
    }
  },
  {
    "id": "salvital-drink-effervescent-powder-lemon",
    "brand": "Salvital",
    "name": "Lemon Effervescent Powder",
    "imageUrl": "https://shop.coles.com.au/wcsstore/Coles-CAS/images/1/6/7/167323-th.jpg",
    "categories": ["health-beauty"],
    "tags": ["medicinal", "antacid-indigestion"],
    "locations": {
      "vic": {
        "price": 7.5,
        "promoText": " ",
        "packageSize": "375g",
        "packagePrice": "$2.00 per 100G"
      }
    }
  },
  {
    "id": "senokot-laxative-tablets-lemon",
    "brand": "Senokot",
    "name": "Lemon Laxative Tablets",
    "imageUrl": "https://shop.coles.com.au/wcsstore/Coles-CAS/images/8/5/1/8515321-th.jpg",
    "categories": ["health-beauty"],
    "tags": ["medicinal", "antacid-indigestion"],
    "locations": {
      "vic": {
        "price": 8.5,
        "promoText": " ",
        "packageSize": "100 pack",
        "packagePrice": "$0.09 per 1Ea"
      }
    }
  },
  {
    "id": "ural-sugar-free-effervescent-powder",
    "brand": "Ural",
    "name": "Sugar Free 20 Effervescent Powder Sachets",
    "imageUrl": "https://shop.coles.com.au/wcsstore/Coles-CAS/images/2/6/9/2697973-th.jpg",
    "categories": ["health-beauty"],
    "tags": ["medicinal", "antacid-indigestion"],
    "locations": {
      "vic": {
        "price": 8,
        "promoText": " ",
        "packageSize": "1 pack",
        "packagePrice": "$8.00 per 1Ea"
      }
    }
  },
  {
    "id": "ural-cranberry-4g",
    "brand": "Ural",
    "name": "Sugar Free Cranberry 20 Effervescent Powder Sachets",
    "imageUrl": "https://shop.coles.com.au/wcsstore/Coles-CAS/images/3/4/1/3410257-th.jpg",
    "categories": ["health-beauty"],
    "tags": ["medicinal", "antacid-indigestion"],
    "locations": {
      "vic": {
        "price": 10,
        "promoText": " ",
        "packageSize": "1 pack",
        "packagePrice": "$10.00 per 1Ea"
      }
    }
  },
  {
    "id": "eulactol-heel-balm-gold",
    "brand": "Eulactol",
    "name": "Gold Heel Balm",
    "imageUrl": "https://shop.coles.com.au/wcsstore/Coles-CAS/images/5/7/8/5787380-th.jpg",
    "categories": ["health-beauty"],
    "tags": ["medicinal", "antiseptic"],
    "locations": {
      "vic": {
        "price": 15,
        "promoText": " ",
        "packageSize": "60mL",
        "packagePrice": "$25.00 per 100mL"
      }
    }
  },
  {
    "id": "dettol-antiseptic-liquid-102055p",
    "brand": "Dettol",
    "name": "Classic Antibacterial Disinfectant Liquid Solution",
    "imageUrl": "https://shop.coles.com.au/wcsstore/Coles-CAS/images/1/0/2/102055-th.jpg",
    "categories": ["health-beauty"],
    "tags": ["medicinal", "antiseptic"],
    "locations": {
      "vic": {
        "price": 10.5,
        "promoText": " ",
        "packageSize": "500mL",
        "packagePrice": "$2.10 per 100mL"
      }
    }
  },
  {
    "id": "coles-alcohol-wipes",
    "brand": "Coles",
    "name": "Alcohol Wipes",
    "imageUrl": "https://shop.coles.com.au/wcsstore/Coles-CAS/images/2/8/5/2855892-th.jpg",
    "categories": ["health-beauty"],
    "tags": ["medicinal", "antiseptic"],
    "locations": {
      "vic": {
        "price": 2.5,
        "promoText": " ",
        "packageSize": "50 Pack",
        "packagePrice": "$0.05 per 1Ea"
      }
    }
  },
  {
    "id": "isocol-antiseptic-rubbing-alcohol",
    "brand": "Isocol",
    "name": "Antiseptic Rubbing Alcohol",
    "imageUrl": "https://shop.coles.com.au/wcsstore/Coles-CAS/images/3/3/9/339702-th.jpg",
    "categories": ["health-beauty"],
    "tags": ["medicinal", "antiseptic"],
    "locations": {
      "vic": {
        "price": 10.5,
        "promoText": " ",
        "packageSize": "345mL",
        "packagePrice": "$3.04 per 100mL"
      }
    }
  },
  {
    "id": "dettol-antiseptic-liquid-102044p",
    "brand": "Dettol",
    "name": "Classic Antibacterial Disinfectant Liquid Solution",
    "imageUrl": "https://shop.coles.com.au/wcsstore/Coles-CAS/images/1/0/2/102044-th.jpg",
    "categories": ["health-beauty"],
    "tags": ["medicinal", "antiseptic"],
    "locations": {
      "vic": {
        "price": 5.7,
        "promoText": " ",
        "packageSize": "250mL",
        "packagePrice": "$2.28 per 100mL"
      }
    }
  },
  {
    "id": "fauldings-hydrogen-peroxide",
    "brand": "Sanofi",
    "name": "Hydrogen Peroxide",
    "imageUrl": "https://shop.coles.com.au/wcsstore/Coles-CAS/images/1/4/4/144372-th.jpg",
    "categories": ["health-beauty"],
    "tags": ["medicinal", "antiseptic"],
    "locations": {
      "vic": {
        "price": 3.9,
        "promoText": " ",
        "packageSize": "200mL",
        "packagePrice": "$1.95 per 100mL"
      }
    }
  },
  {
    "id": "alo-aid-aloe-vera-gel",
    "brand": "Alo Aid",
    "name": "Aloe Vera Gel",
    "imageUrl": "https://shop.coles.com.au/wcsstore/Coles-CAS/images/5/9/5/5950674-th.jpg",
    "categories": ["health-beauty"],
    "tags": ["medicinal", "antiseptic"],
    "locations": {
      "vic": {
        "price": 9.4,
        "promoText": " ",
        "packageSize": "100g",
        "packagePrice": "$9.40 per 100G"
      }
    }
  },
  {
    "id": "betadine-liquid-antiseptic",
    "brand": "Betadine",
    "name": "Antiseptic Topical Solution",
    "imageUrl": "https://shop.coles.com.au/wcsstore/Coles-CAS/images/7/8/1/7812810-th.jpg",
    "categories": ["health-beauty"],
    "tags": ["medicinal", "antiseptic"],
    "locations": {
      "vic": {
        "price": 11.3,
        "promoText": " ",
        "packageSize": "15mL",
        "packagePrice": "$7.53 per 10mL"
      }
    }
  },
  {
    "id": "betadine-ointment-antiseptic",
    "brand": "Betadine",
    "name": "Antiseptic Ointment",
    "imageUrl": "https://shop.coles.com.au/wcsstore/Coles-CAS/images/7/8/1/7813007-th.jpg",
    "categories": ["health-beauty"],
    "tags": ["medicinal", "antiseptic"],
    "locations": {
      "vic": {
        "price": 11.3,
        "promoText": " ",
        "packageSize": "25g",
        "packagePrice": "$45.20 per 100G"
      }
    }
  },
  {
    "id": "betadine-liquid-antiseptic-7812897p",
    "brand": "Betadine",
    "name": "Antiseptic Topical Solution",
    "imageUrl": "https://shop.coles.com.au/wcsstore/Coles-CAS/images/7/8/1/7812897-th.jpg",
    "categories": ["health-beauty"],
    "tags": ["medicinal", "antiseptic"],
    "locations": {
      "vic": {
        "price": 19.3,
        "promoText": " ",
        "packageSize": "100mL",
        "packagePrice": "$19.30 per 100mL"
      }
    }
  },
  {
    "id": "bosistos-lavender-spray",
    "brand": "Bosisto's",
    "name": "Natural Lavender Oil Spray",
    "imageUrl": "https://shop.coles.com.au/wcsstore/Coles-CAS/images/3/2/8/3281008-th.jpg",
    "categories": ["health-beauty"],
    "tags": ["medicinal", "antiseptic"],
    "locations": {
      "vic": {
        "price": 12,
        "promoText": " ",
        "packageSize": "125g",
        "packagePrice": "$9.60 per 100G"
      }
    }
  },
  {
    "id": "bosistos-calming-solution",
    "brand": "Bosisto's",
    "name": "Calming Solution",
    "imageUrl": "https://shop.coles.com.au/wcsstore/Coles-CAS/images/3/7/3/3734419-th.jpg",
    "categories": ["health-beauty"],
    "tags": ["medicinal", "antiseptic"],
    "locations": {
      "vic": {
        "price": 9,
        "promoText": " ",
        "packageSize": "100mL",
        "packagePrice": "$9.00 per 100mL"
      }
    }
  },
  {
    "id": "bosistos-antibacterial-solution",
    "brand": "Bosisto's",
    "name": "Antibacterial Solution",
    "imageUrl": "https://shop.coles.com.au/wcsstore/Coles-CAS/images/3/7/3/3734394-th.jpg",
    "categories": ["health-beauty"],
    "tags": ["medicinal", "antiseptic"],
    "locations": {
      "vic": {
        "price": 9,
        "promoText": " ",
        "packageSize": "250mL",
        "packagePrice": "$3.60 per 100mL"
      }
    }
  },
  {
    "id": "bosistos-tea-tre-spray",
    "brand": "Bosisto's",
    "name": "Tea Tree Spray",
    "imageUrl": "https://shop.coles.com.au/wcsstore/Coles-CAS/images/3/7/3/3734420-th.jpg",
    "categories": ["health-beauty"],
    "tags": ["medicinal", "antiseptic"],
    "locations": {
      "vic": {
        "price": 12,
        "promoText": " ",
        "packageSize": "1 pack",
        "packagePrice": "$9.60 per 100G"
      }
    }
  },
  {
    "id": "bosistos-antifungal-solution",
    "brand": "Bosistos",
    "name": "Antifungal Solution",
    "imageUrl": "https://shop.coles.com.au/wcsstore/Coles-CAS/images/3/7/3/3734408-th.jpg",
    "categories": ["health-beauty"],
    "tags": ["medicinal", "antiseptic"],
    "locations": {
      "vic": {
        "price": 9,
        "promoText": " ",
        "packageSize": "1 PACK",
        "packagePrice": "$9.00 per 100mL"
      }
    }
  },
  {
    "id": "coles-antiseptic-solution",
    "brand": "Coles",
    "name": "Antiseptic Solution",
    "imageUrl": "https://shop.coles.com.au/wcsstore/Coles-CAS/images/9/2/5/9255270-th.jpg",
    "categories": ["health-beauty"],
    "tags": ["medicinal", "antiseptic"],
    "locations": {
      "vic": {
        "price": 3.65,
        "promoText": " ",
        "packageSize": "250mL",
        "packagePrice": "$1.46 per 100mL"
      }
    }
  },
  {
    "id": "curash-family-medicated-powder",
    "brand": "Curash",
    "name": "Medicated Anti Rash Powder With Cornstarch",
    "imageUrl": "https://shop.coles.com.au/wcsstore/Coles-CAS/images/5/0/6/5063347-th.jpg",
    "categories": ["health-beauty"],
    "tags": ["medicinal", "antiseptic"],
    "locations": {
      "vic": {
        "price": 6.7,
        "promoText": " ",
        "packageSize": "100g",
        "packagePrice": "$6.70 per 100G"
      }
    }
  },
  {
    "id": "iberogast-solution-50ml",
    "brand": "Iberogast",
    "name": "Solution",
    "imageUrl": "https://shop.coles.com.au/wcsstore/Coles-CAS/images/3/7/3/3733551-th.jpg",
    "categories": ["health-beauty"],
    "tags": ["medicinal", "antiseptic"],
    "locations": {
      "vic": {
        "price": 28,
        "promoText": " ",
        "packageSize": "50mL",
        "packagePrice": "$56.00 per 100mL"
      }
    }
  },
  {
    "id": "isocol-multipur-antiseptic-spray",
    "brand": "Isocol",
    "name": "Multipurpose Rubbing Alcohol Antiseptic Spray",
    "imageUrl": "https://shop.coles.com.au/wcsstore/Coles-CAS/images/3/4/1/3411883-th.jpg",
    "categories": ["health-beauty"],
    "tags": ["medicinal", "antiseptic"],
    "locations": {
      "vic": {
        "price": 6,
        "promoText": " ",
        "packageSize": "75mL",
        "packagePrice": "$8.00 per 100mL"
      }
    }
  },
  {
    "id": "savlon-antiseptic-cream",
    "brand": "Savlon",
    "name": "Antiseptic Cream",
    "imageUrl": "https://shop.coles.com.au/wcsstore/Coles-CAS/images/1/9/7/197255-th.jpg",
    "categories": ["health-beauty"],
    "tags": ["medicinal", "antiseptic"],
    "locations": {
      "vic": {
        "price": 4.5,
        "promoText": " ",
        "packageSize": "30g",
        "packagePrice": "$15.00 per 100G"
      }
    }
  },
  {
    "id": "stingose-gel",
    "brand": "Stingose",
    "name": "Gel",
    "imageUrl": "https://shop.coles.com.au/wcsstore/Coles-CAS/images/5/1/2/5125717-th.jpg",
    "categories": ["health-beauty"],
    "tags": ["medicinal", "antiseptic"],
    "locations": {
      "vic": {
        "price": 8.7,
        "promoText": " ",
        "packageSize": "25g",
        "packagePrice": "$34.80 per 100G"
      }
    }
  },
  {
    "id": "stop-itch-first-aid-cream",
    "brand": "Stop Itch",
    "name": "First Aid Cream",
    "imageUrl": "https://shop.coles.com.au/wcsstore/Coles-CAS/images/9/2/0/9203721-th.jpg",
    "categories": ["health-beauty"],
    "tags": ["medicinal", "antiseptic"],
    "locations": {
      "vic": {
        "price": 7,
        "promoText": " ",
        "packageSize": "50g",
        "packagePrice": "$14.00 per 100G"
      }
    }
  },
  {
    "id": "thursday-plantation-tea-tree-manuka-blam",
    "brand": "Thursday Plantation",
    "name": "Tea Tree Manuka Blam",
    "imageUrl": "https://shop.coles.com.au/wcsstore/Coles-CAS/images/3/1/6/3163522-th.jpg",
    "categories": ["health-beauty"],
    "tags": ["medicinal", "antiseptic"],
    "locations": {
      "vic": {
        "price": 13,
        "promoText": " ",
        "packageSize": "30g",
        "packagePrice": "$43.33 per 100G"
      }
    }
  },
  {
    "id": "cenovis-vitamin-c-250mg",
    "brand": "Cenovis",
    "name": "Vitamin C 250mg Tablets",
    "imageUrl": "https://shop.coles.com.au/wcsstore/Coles-CAS/images/2/5/5/2556213-th.jpg",
    "categories": ["health-beauty"],
    "tags": ["medicinal", "cold-allergy"],
    "locations": {
      "vic": {
        "price": 5.25,
        "promoText": "$5.25 ",
        "packageSize": "150 pack",
        "packagePrice": "$0.04 per 1Ea"
      }
    }
  },
  {
    "id": "blackmores-bio-c-1000mg-tablets",
    "brand": "Blackmores",
    "name": "Bio C 1000mg Tablets",
    "imageUrl": "https://shop.coles.com.au/wcsstore/Coles-CAS/images/8/2/9/8297402-th.jpg",
    "categories": ["health-beauty"],
    "tags": ["medicinal", "cold-allergy"],
    "locations": {
      "vic": {
        "price": 8.8,
        "promoText": "$8.80 ",
        "packageSize": "62 pack",
        "packagePrice": "$14.19 per 100Ea"
      }
    }
  },
  {
    "id": "panadol-cold-flu-plus-decongestant",
    "brand": "Panadol",
    "name": "Paracetamol Cold + Flu Plus Decongestant Caplets",
    "imageUrl": "https://shop.coles.com.au/wcsstore/Coles-CAS/images/6/9/3/6935778-th.jpg",
    "categories": ["health-beauty"],
    "tags": ["medicinal", "cold-allergy"],
    "locations": {
      "vic": {
        "price": 13,
        "promoText": " ",
        "packageSize": "20 pack",
        "packagePrice": "$0.65 per 1Ea"
      }
    }
  },
  {
    "id": "blackmores-bio-zinc-tablets",
    "brand": "Blackmores",
    "name": "Bio Zinc 84 Tablets",
    "imageUrl": "https://shop.coles.com.au/wcsstore/Coles-CAS/images/8/2/9/8296705-th.jpg",
    "categories": ["health-beauty"],
    "tags": ["medicinal", "cold-allergy"],
    "locations": {
      "vic": {
        "price": 9.3,
        "promoText": "$9.30 ",
        "packageSize": "1 pack",
        "packagePrice": "$9.30 per 1Ea"
      }
    }
  },
  {
    "id": "blackmores-tablets-bio-c-chewable-500mg-value-pack",
    "brand": "Blackmores",
    "name": "Bio C 500mg Chewable Tablets",
    "imageUrl": "https://shop.coles.com.au/wcsstore/Coles-CAS/images/9/6/8/9688926-th.jpg",
    "categories": ["health-beauty"],
    "tags": ["medicinal", "cold-allergy"],
    "locations": {
      "vic": {
        "price": 14.5,
        "promoText": " ",
        "packageSize": "125 pack",
        "packagePrice": "$11.60 per 100Ea"
      }
    }
  },
  {
    "id": "claratyne-childrens-grape-chew-5mg-tabs-10pk",
    "brand": "Claratyne",
    "name": "Children's Hayfever Antihistamine Grape Flavoured Chewable Tablets",
    "imageUrl": "https://shop.coles.com.au/wcsstore/Coles-CAS/images/3/0/6/3060461-th.jpg",
    "categories": ["health-beauty"],
    "tags": ["medicinal", "cold-allergy"],
    "locations": {
      "vic": {
        "price": 12,
        "promoText": " ",
        "packageSize": "10 Pack",
        "packagePrice": "$12.00 per 1Ea"
      }
    }
  },
  {
    "id": "claratyne-tablet-10-pack",
    "brand": "Claratyne",
    "name": "Tablet 10Mg",
    "imageUrl": "https://shop.coles.com.au/wcsstore/Coles-CAS/images/2/8/6/2861738-th.jpg",
    "categories": ["health-beauty"],
    "tags": ["medicinal", "cold-allergy"],
    "locations": {
      "vic": {
        "price": 12,
        "promoText": " ",
        "packageSize": "10 pack",
        "packagePrice": "$1.20 per 1Ea"
      }
    }
  },
  {
    "id": "zyrtec-rapid-acting-tablets-10-pack",
    "brand": "Zyrtec",
    "name": "Rapid Acting Tablets",
    "imageUrl": "https://shop.coles.com.au/wcsstore/Coles-CAS/images/3/0/5/3057875-th.jpg",
    "categories": ["health-beauty"],
    "tags": ["medicinal", "cold-allergy"],
    "locations": {
      "vic": {
        "price": 11.5,
        "promoText": " ",
        "packageSize": "10 pack",
        "packagePrice": "$1.15 per 1Ea"
      }
    }
  },
  {
    "id": "codral-relief-tablets-cold-flu--decogestant",
    "brand": "Codral",
    "name": "Relief Cold & Flu Decongestant Tablets",
    "imageUrl": "https://shop.coles.com.au/wcsstore/Coles-CAS/images/9/0/1/9013737-th.jpg",
    "categories": ["health-beauty"],
    "tags": ["medicinal", "cold-allergy"],
    "locations": {
      "vic": {
        "price": 11.44,
        "promoText": "$2.86 ",
        "packageSize": "20 pack",
        "packagePrice": "$0.57 per 1Ea"
      }
    }
  },
  {
    "id": "sudafed-pe-tablets-sinus--anti-infammatory-pain",
    "brand": "Sudafed",
    "name": "PE Sinus + Anti-infammatory & Pain Tablets",
    "imageUrl": "https://shop.coles.com.au/wcsstore/Coles-CAS/images/1/2/1/1216231-th.jpg",
    "categories": ["health-beauty"],
    "tags": ["medicinal", "cold-allergy"],
    "locations": {
      "vic": {
        "price": 15.4,
        "promoText": " ",
        "packageSize": "20 pack",
        "packagePrice": "$0.77 per 1Ea"
      }
    }
  },
  {
    "id": "cenovis-tablets-echinacea-garlic-zinc-c",
    "brand": "Cenovis",
    "name": "Echinacea Garlic Zinc & C Tablets",
    "imageUrl": "https://shop.coles.com.au/wcsstore/Coles-CAS/images/7/1/0/7103770-th.jpg",
    "categories": ["health-beauty"],
    "tags": ["medicinal", "cold-allergy"],
    "locations": {
      "vic": {
        "price": 13,
        "promoText": "$13.00 ",
        "packageSize": "125 pack",
        "packagePrice": "$0.10 per 1Ea"
      }
    }
  },
  {
    "id": "betadine-ready-to-use-gargle-sore-throat",
    "brand": "Betadine",
    "name": "Ready To Use Sore Throat Gargle",
    "imageUrl": "https://shop.coles.com.au/wcsstore/Coles-CAS/images/7/8/1/7813266-th.jpg",
    "categories": ["health-beauty"],
    "tags": ["medicinal", "cold-allergy"],
    "locations": {
      "vic": {
        "price": 11.95,
        "promoText": "$1.35 ",
        "packageSize": "120mL",
        "packagePrice": "$9.96 per 100mL"
      }
    }
  },
  {
    "id": "strepsils-throat-lozenges-orange",
    "brand": "Strepsils",
    "name": "Orange Throat Lozenges",
    "imageUrl": "https://shop.coles.com.au/wcsstore/Coles-CAS/images/6/4/2/6420348-th.jpg",
    "categories": ["health-beauty"],
    "tags": ["medicinal", "cold-allergy"],
    "locations": {
      "vic": {
        "price": 10.5,
        "promoText": " ",
        "packageSize": "36 pack",
        "packagePrice": "$0.29 per 1Ea"
      }
    }
  },
  {
    "id": "vicks-vapodrop-original-42s",
    "brand": "Vicks",
    "name": "Vapodrop Original",
    "imageUrl": "https://shop.coles.com.au/wcsstore/Coles-CAS/images/3/7/3/3734055-th.jpg",
    "categories": ["health-beauty"],
    "tags": ["medicinal", "cold-allergy"],
    "locations": {
      "vic": {
        "price": 6.8,
        "promoText": " ",
        "packageSize": "42 pack",
        "packagePrice": "$0.16 per 1Ea"
      }
    }
  },
  {
    "id": "blackmores-vit-c-echinacea",
    "brand": "Blackmores",
    "name": "Vitamin C 1000 Echinacea + Zinc Effervescent Tablets",
    "imageUrl": "https://shop.coles.com.au/wcsstore/Coles-CAS/images/3/4/7/3472640-th.jpg",
    "categories": ["health-beauty"],
    "tags": ["medicinal", "cold-allergy"],
    "locations": {
      "vic": {
        "price": 3.5,
        "promoText": "$3.50 ",
        "packageSize": "10 Pack",
        "packagePrice": "$0.35 per 1Ea"
      }
    }
  },
  {
    "id": "cenovis-tablets-value-pack-mega-c-orange-1000mg",
    "brand": "Cenovis",
    "name": "Mega C 1000mg Tablets",
    "imageUrl": "https://shop.coles.com.au/wcsstore/Coles-CAS/images/9/3/1/9314518-th.jpg",
    "categories": ["health-beauty"],
    "tags": ["medicinal", "cold-allergy"],
    "locations": {
      "vic": {
        "price": 5,
        "promoText": "$5.00 ",
        "packageSize": "60 pack",
        "packagePrice": "$0.08 per 1Ea"
      }
    }
  },
  {
    "id": "cenovis-zinc-plus-tablets",
    "brand": "Cenovis",
    "name": "Zinc Plus Tablets",
    "imageUrl": "https://shop.coles.com.au/wcsstore/Coles-CAS/images/2/8/2/2828743-th.jpg",
    "categories": ["health-beauty"],
    "tags": ["medicinal", "cold-allergy"],
    "locations": {
      "vic": {
        "price": 13,
        "promoText": "Was $14.00 on Dec 2017 ",
        "packageSize": "150 pack",
        "packagePrice": "$8.67 per 100Ea"
      }
    }
  },
  {
    "id": "hothands-hand-warmers",
    "brand": "Hot Hands",
    "name": "Hand Warmers",
    "imageUrl": "https://shop.coles.com.au/wcsstore/Coles-CAS/images/2/3/9/2396274-th.jpg",
    "categories": ["health-beauty"],
    "tags": ["medicinal", "cold-allergy"],
    "locations": {
      "vic": {
        "price": 1.6,
        "promoText": "$0.40 ",
        "packageSize": "2 pack",
        "packagePrice": "$0.80 per 1Ea"
      }
    }
  },
  {
    "id": "nature-s-way-kids-vita-gummies-vit-c-sugar-fre",
    "brand": "Nature's Way",
    "name": "Kids Vita Gummies Vit C Sugar Free",
    "imageUrl": "https://shop.coles.com.au/wcsstore/Coles-CAS/images/3/7/5/3753151-th.jpg",
    "categories": ["health-beauty"],
    "tags": ["medicinal", "cold-allergy"],
    "locations": {
      "vic": {
        "price": 20,
        "promoText": " ",
        "packageSize": "70 pack",
        "packagePrice": "$28.57 per 100Ea"
      }
    }
  },
  {
    "id": "nyal-chesty-cough-mixture",
    "brand": "Nyal",
    "name": "Chesty Cough Mixture",
    "imageUrl": "https://shop.coles.com.au/wcsstore/Coles-CAS/images/8/0/5/8051923-th.jpg",
    "categories": ["health-beauty"],
    "tags": ["medicinal", "cold-allergy"],
    "locations": {
      "vic": {
        "price": 6.8,
        "promoText": "$1.70 ",
        "packageSize": "200mL",
        "packagePrice": "$3.40 per 100mL"
      }
    }
  },
  {
    "id": "sambucol-cold-flu-lozenges",
    "brand": "Sambucol",
    "name": "Lozenges",
    "imageUrl": "https://shop.coles.com.au/wcsstore/Coles-CAS/images/2/8/6/2864532-th.jpg",
    "categories": ["health-beauty"],
    "tags": ["medicinal", "cold-allergy"],
    "locations": {
      "vic": {
        "price": 7.5,
        "promoText": "$2.50 ",
        "packageSize": "20 pack",
        "packagePrice": "$0.38 per 1Ea"
      }
    }
  },
  {
    "id": "strepsils-extra-lozenges-honey-lemon",
    "brand": "Strepsils",
    "name": "Extra Honey and Lemon Fast Numbing Sore Throat Pain Relief with Anaesthetic 16 Lozenges",
    "imageUrl": "https://shop.coles.com.au/wcsstore/Coles-CAS/images/3/4/1/3417981-th.jpg",
    "categories": ["health-beauty"],
    "tags": ["medicinal", "cold-allergy"],
    "locations": {
      "vic": {
        "price": 7,
        "promoText": "$1.00 ",
        "packageSize": "1 Pack",
        "packagePrice": "$7.00 per 1Ea"
      }
    }
  },
  {
    "id": "swisse-ultiboost-high-strength-c-tablets",
    "brand": "Swisse",
    "name": "High Strength C",
    "imageUrl": "https://shop.coles.com.au/wcsstore/Coles-CAS/images/2/8/6/2869456-th.jpg",
    "categories": ["health-beauty"],
    "tags": ["medicinal", "cold-allergy"],
    "locations": {
      "vic": {
        "price": 40,
        "promoText": " ",
        "packageSize": "150 Pack",
        "packagePrice": "$0.27 per 1Ea"
      }
    }
  },
  {
    "id": "telfast-120mg-10-tablets",
    "brand": "Telfast",
    "name": "Telfast Hayfever Allergy Relief 120mg Tablets",
    "imageUrl": "https://shop.coles.com.au/wcsstore/Coles-CAS/images/3/1/5/3157701-th.jpg",
    "categories": ["health-beauty"],
    "tags": ["medicinal", "cold-allergy"],
    "locations": {
      "vic": {
        "price": 12,
        "promoText": " ",
        "packageSize": "10 pack",
        "packagePrice": "$1.20 per 1Ea"
      }
    }
  },
  {
    "id": "vicks-vapodrops-lozenges-original-menthol",
    "brand": "Vicks",
    "name": "VapoDrops Original Menthol Lozenges",
    "imageUrl": "https://shop.coles.com.au/wcsstore/Coles-CAS/images/8/1/6/8161706-th.jpg",
    "categories": ["health-beauty"],
    "tags": ["medicinal", "cold-allergy"],
    "locations": {
      "vic": {
        "price": 4.3,
        "promoText": " ",
        "packageSize": "24 pack",
        "packagePrice": "$0.18 per 1Ea"
      }
    }
  },
  {
    "id": "vicks-vapodrops-liquicentres-lozenges",
    "brand": "Vicks",
    "name": "VapoDrops Liquicentres Burst of Mint Lozenges",
    "imageUrl": "https://shop.coles.com.au/wcsstore/Coles-CAS/images/9/1/2/9128557-th.jpg",
    "categories": ["health-beauty"],
    "tags": ["medicinal", "cold-allergy"],
    "locations": {
      "vic": {
        "price": 4.2,
        "promoText": " ",
        "packageSize": "22 pack",
        "packagePrice": "$0.19 per 1Ea"
      }
    }
  },
  {
    "id": "voost-effervescent-vitamin-c-1000mg",
    "brand": "Voost",
    "name": "Vitamin C 1000mg 20 Blood Orange Effervescent Tablets",
    "imageUrl": "https://shop.coles.com.au/wcsstore/Coles-CAS/images/3/2/7/3279775-th.jpg",
    "categories": ["health-beauty"],
    "tags": ["medicinal", "cold-allergy"],
    "locations": {
      "vic": {
        "price": 5,
        "promoText": "$1.50 ",
        "packageSize": "1 pack",
        "packagePrice": "$5.00 per 1Ea"
      }
    }
  },
  {
    "id": "blackmores-vit-c-elderberry-gummy",
    "brand": "Blackmores",
    "name": "Vitamin C + Elderberry Gummies",
    "imageUrl": "https://shop.coles.com.au/wcsstore/Coles-CAS/images/3/7/0/3709615-th.jpg",
    "categories": ["health-beauty"],
    "tags": ["medicinal", "cold-allergy"],
    "locations": {
      "vic": {
        "price": 12.5,
        "promoText": "$12.50 ",
        "packageSize": "120 pack",
        "packagePrice": "$10.42 per 100Ea"
      }
    }
  },
  {
    "id": "bosistos-drops-eucalyptus",
    "brand": "Bosisto's",
    "name": "Sugar Free Eucalyptus Drops",
    "imageUrl": "https://shop.coles.com.au/wcsstore/Coles-CAS/images/7/1/8/7187442-th.jpg",
    "categories": ["health-beauty"],
    "tags": ["medicinal", "cold-allergy"],
    "locations": {
      "vic": {
        "price": 3.3,
        "promoText": " ",
        "packageSize": "50g",
        "packagePrice": "$6.60 per 100G"
      }
    }
  },
  {
    "id": "cenovis-echinacea-garlic-zinc-vitamin-c-tablets",
    "brand": "Cenovis",
    "name": "Echinacea Garlic Zinc & C Tablets",
    "imageUrl": "https://shop.coles.com.au/wcsstore/Coles-CAS/images/8/1/4/8142439-th.jpg",
    "categories": ["health-beauty"],
    "tags": ["medicinal", "cold-allergy"],
    "locations": {
      "vic": {
        "price": 8,
        "promoText": "$8.00 ",
        "packageSize": "60 pack",
        "packagePrice": "$0.13 per 1Ea"
      }
    }
  },
  {
    "id": "cenovis-echinacea-5000mg-capsules",
    "brand": "Cenovis",
    "name": "Echinacea 5000 Capsules",
    "imageUrl": "https://shop.coles.com.au/wcsstore/Coles-CAS/images/9/6/7/9677125-th.jpg",
    "categories": ["health-beauty"],
    "tags": ["medicinal", "cold-allergy"],
    "locations": {
      "vic": {
        "price": 7.5,
        "promoText": "$7.50 ",
        "packageSize": "60 pack",
        "packagePrice": "$0.13 per 1Ea"
      }
    }
  },
  {
    "id": "coles--cold-flu-day-night-capsules",
    "brand": "Coles",
    "name": "Cold & Flu Day & Night Capsules",
    "imageUrl": "https://shop.coles.com.au/wcsstore/Coles-CAS/images/2/8/4/2843340-th.jpg",
    "categories": ["health-beauty"],
    "tags": ["medicinal", "cold-allergy"],
    "locations": {
      "vic": {
        "price": 9.5,
        "promoText": " ",
        "packageSize": "24 pack",
        "packagePrice": "$0.40 per 1Ea"
      }
    }
  },
  {
    "id": "coles-cetirizine-rapid-10mg-tablets",
    "brand": "Coles",
    "name": "Cetirizine Hayfever Allergy Relief Rapid Tablets 10mg",
    "imageUrl": "https://shop.coles.com.au/wcsstore/Coles-CAS/images/2/8/4/2845844-th.jpg",
    "categories": ["health-beauty"],
    "tags": ["medicinal", "cold-allergy"],
    "locations": {
      "vic": {
        "price": 6,
        "promoText": " ",
        "packageSize": "10 pack",
        "packagePrice": "$0.60 per 1Ea"
      }
    }
  },
  {
    "id": "ease-a-cold-cough-cold-flu-capsules-day-night",
    "brand": "Ease A Cold",
    "name": "Cough Cold & Flu Day & Night Capsules",
    "imageUrl": "https://shop.coles.com.au/wcsstore/Coles-CAS/images/9/7/3/9738387-th.jpg",
    "categories": ["health-beauty"],
    "tags": ["medicinal", "cold-allergy"],
    "locations": {
      "vic": {
        "price": 13.5,
        "promoText": "$4.80 ",
        "packageSize": "24 pack",
        "packagePrice": "$0.56 per 1Ea"
      }
    }
  },
  {
    "id": "natures-way-vitagummies-vitamin-c",
    "brand": "Nature's Way",
    "name": "Vita Gummies Vitamin C",
    "imageUrl": "https://shop.coles.com.au/wcsstore/Coles-CAS/images/9/1/1/9114268-th.jpg",
    "categories": ["health-beauty"],
    "tags": ["medicinal", "cold-allergy"],
    "locations": {
      "vic": {
        "price": 20,
        "promoText": " ",
        "packageSize": "120 pack",
        "packagePrice": "$16.67 per 100Ea"
      }
    }
  },
  {
    "id": "natures-way-adlt-vitagummie-immune-sf",
    "brand": "Nature's Way",
    "name": "Vita Gummies Immune Support Sugar Free Tablets",
    "imageUrl": "https://shop.coles.com.au/wcsstore/Coles-CAS/images/3/4/5/3453260-th.jpg",
    "categories": ["health-beauty"],
    "tags": ["medicinal", "cold-allergy"],
    "locations": {
      "vic": {
        "price": 20,
        "promoText": " ",
        "packageSize": "65 pack",
        "packagePrice": "$30.77 per 100Ea"
      }
    }
  },
  {
    "id": "natures-own-double-strength-cold-sore-relief",
    "brand": "Nature?s Own",
    "name": "Double Strength Cold Sore Relief Tablets",
    "imageUrl": "https://shop.coles.com.au/wcsstore/Coles-CAS/images/1/8/1/1810174-th.jpg",
    "categories": ["health-beauty"],
    "tags": ["medicinal", "cold-allergy"],
    "locations": {
      "vic": {
        "price": 6,
        "promoText": "$6.00 ",
        "packageSize": "50 pack",
        "packagePrice": "$0.12 per 1Ea"
      }
    }
  },
  {
    "id": "nyal-decongested-nasal-spray-pump",
    "brand": "Nyal",
    "name": "Decongested Nasal Spray Pump",
    "imageUrl": "https://shop.coles.com.au/wcsstore/Coles-CAS/images/5/1/5/5158319-th.jpg",
    "categories": ["health-beauty"],
    "tags": ["medicinal", "cold-allergy"],
    "locations": {
      "vic": {
        "price": 7.2,
        "promoText": "$1.80 ",
        "packageSize": "15mL",
        "packagePrice": "$48.00 per 100mL"
      }
    }
  },
  {
    "id": "nyal-tablets-cough--cold-flu",
    "brand": "Nyal",
    "name": "Cough Cold & Flu Tablets",
    "imageUrl": "https://shop.coles.com.au/wcsstore/Coles-CAS/images/2/8/6/2864714-th.jpg",
    "categories": ["health-beauty"],
    "tags": ["medicinal", "cold-allergy"],
    "locations": {
      "vic": {
        "price": 11.2,
        "promoText": "$2.80 ",
        "packageSize": "24 pack",
        "packagePrice": "$0.47 per 1Ea"
      }
    }
  },
  {
    "id": "strepsils-lozenges-plus-anaesthetic",
    "brand": "Strepsils",
    "name": "Plus Anaesthetic Sore Throat Numbing Pain Relief 16 Lozenges",
    "imageUrl": "https://shop.coles.com.au/wcsstore/Coles-CAS/images/1/2/1/1216333-th.jpg",
    "categories": ["health-beauty"],
    "tags": ["medicinal", "cold-allergy"],
    "locations": {
      "vic": {
        "price": 7,
        "promoText": " ",
        "packageSize": "1 pack",
        "packagePrice": "$7.00 per 1Ea"
      }
    }
  },
  {
    "id": "strepsils-extra-lozenges",
    "brand": "Strepsils",
    "name": "Extra Lozenges",
    "imageUrl": "https://shop.coles.com.au/wcsstore/Coles-CAS/images/3/1/5/3157789-th.jpg",
    "categories": ["health-beauty"],
    "tags": ["medicinal", "cold-allergy"],
    "locations": {
      "vic": {
        "price": 7,
        "promoText": " ",
        "packageSize": "16 pack",
        "packagePrice": "$0.44 per 1Ea"
      }
    }
  },
  {
    "id": "swisse-ultibost-vitamin-c-chewable-3758315p",
    "brand": "Swisse",
    "name": "Ultiboost Vitamin C Chewable",
    "imageUrl": "https://shop.coles.com.au/wcsstore/Coles-CAS/images/3/7/5/3758315-th.jpg",
    "categories": ["health-beauty"],
    "tags": ["medicinal", "cold-allergy"],
    "locations": {
      "vic": {
        "price": 11,
        "promoText": " ",
        "packageSize": "110 pack",
        "packagePrice": "$10.00 per 100Ea"
      }
    }
  },
  {
    "id": "swisse-ultibost-vitamin-c-effervescent",
    "brand": "Swisse",
    "name": "Ultiboost Vitamin C Effervescent",
    "imageUrl": "https://shop.coles.com.au/wcsstore/Coles-CAS/images/3/7/5/3758326-th.jpg",
    "categories": ["health-beauty"],
    "tags": ["medicinal", "cold-allergy"],
    "locations": {
      "vic": {
        "price": 13,
        "promoText": " ",
        "packageSize": "20 pack",
        "packagePrice": "$65.00 per 100Ea"
      }
    }
  },
  {
    "id": "vicks-vaporub-vapour-gel",
    "brand": "Vicks",
    "name": "VapoRub Ointment Decongestant Chest Rub",
    "imageUrl": "https://shop.coles.com.au/wcsstore/Coles-CAS/images/1/3/6/136079-th.jpg",
    "categories": ["health-beauty"],
    "tags": ["medicinal", "cold-allergy"],
    "locations": {
      "vic": {
        "price": 12.25,
        "promoText": " ",
        "packageSize": "100g",
        "packagePrice": "$12.25 per 100G"
      }
    }
  },
  {
    "id": "vicks-2in1-relief-cough-syrup-200ml",
    "brand": "Vicks",
    "name": "2 In 1 Relief Cough Syrup",
    "imageUrl": "https://shop.coles.com.au/wcsstore/Coles-CAS/images/3/7/3/3734044-th.jpg",
    "categories": ["health-beauty"],
    "tags": ["medicinal", "cold-allergy"],
    "locations": {
      "vic": {
        "price": 14,
        "promoText": " ",
        "packageSize": "200mL",
        "packagePrice": "$7.00 per 100mL"
      }
    }
  },
  {
    "id": "wellgrove-immunity-olive-leaf-capsules",
    "brand": "Wellgrove",
    "name": "Immune Support Olive Leaf Extract 60 Capsules",
    "imageUrl": "https://shop.coles.com.au/wcsstore/Coles-CAS/images/3/4/7/3470394-th.jpg",
    "categories": ["health-beauty"],
    "tags": ["medicinal", "cold-allergy"],
    "locations": {
      "vic": {
        "price": 15,
        "promoText": "$5.00 ",
        "packageSize": "1 Pack",
        "packagePrice": "$15.00 per 1Ea"
      }
    }
  },
  {
    "id": "wellgrove-immunity-olive-leaf-extract-naturl-3470340p",
    "brand": "Wellgrove",
    "name": "Immune Support Olive Leaf Extract Natural Flavour Oral Liquid",
    "imageUrl": "https://shop.coles.com.au/wcsstore/Coles-CAS/images/3/4/7/3470340-th.jpg",
    "categories": ["health-beauty"],
    "tags": ["medicinal", "cold-allergy"],
    "locations": {
      "vic": {
        "price": 30,
        "promoText": " ",
        "packageSize": "500mL",
        "packagePrice": "$6.00 per 100mL"
      }
    }
  },
  {
    "id": "zyrtec-gel-capsules",
    "brand": "Zyrtec",
    "name": "Gel Capsules",
    "imageUrl": "https://shop.coles.com.au/wcsstore/Coles-CAS/images/3/0/5/3057864-th.jpg",
    "categories": ["health-beauty"],
    "tags": ["medicinal", "cold-allergy"],
    "locations": {
      "vic": {
        "price": 14.15,
        "promoText": " ",
        "packageSize": "10 pack",
        "packagePrice": "$1.42 per 1Ea"
      }
    }
  },
  {
    "id": "betadine-concentrated-gargle-sore-throat",
    "brand": "Betadine",
    "name": "Concentrated Sore Throat Gargle",
    "imageUrl": "https://shop.coles.com.au/wcsstore/Coles-CAS/images/7/8/1/7813197-th.jpg",
    "categories": ["health-beauty"],
    "tags": ["medicinal", "cold-allergy"],
    "locations": {
      "vic": {
        "price": 12,
        "promoText": " ",
        "packageSize": "15mL",
        "packagePrice": "$80.01 per 100mL"
      }
    }
  },
  {
    "id": "betadine-h-l-anaetheic-16",
    "brand": "Betadine",
    "name": "Anaesthetic Lozenges Honey & Lemon Flavour",
    "imageUrl": "https://shop.coles.com.au/wcsstore/Coles-CAS/images/3/7/3/3734543-th.jpg",
    "categories": ["health-beauty"],
    "tags": ["medicinal", "cold-allergy"],
    "locations": {
      "vic": {
        "price": 6.35,
        "promoText": "$1.64 ",
        "packageSize": "16 pack",
        "packagePrice": "$0.40 per 1Ea"
      }
    }
  },
  {
    "id": "bisolvon-marshmallow-syrup-100ml",
    "brand": "Bisolvon",
    "name": "Duo Syrup",
    "imageUrl": "https://shop.coles.com.au/wcsstore/Coles-CAS/images/3/7/3/3734532-th.jpg",
    "categories": ["health-beauty"],
    "tags": ["medicinal", "cold-allergy"],
    "locations": {
      "vic": {
        "price": 11.95,
        "promoText": "$3.04 ",
        "packageSize": "100mL",
        "packagePrice": "$11.95 per 100mL"
      }
    }
  },
  {
    "id": "blackmores-lyp-sine-tablets",
    "brand": "Blackmores",
    "name": "Lyp-Sine Tablets",
    "imageUrl": "https://shop.coles.com.au/wcsstore/Coles-CAS/images/8/2/9/8297650-th.jpg",
    "categories": ["health-beauty"],
    "tags": ["medicinal", "cold-allergy"],
    "locations": {
      "vic": {
        "price": 5,
        "promoText": "$5.00 ",
        "packageSize": "30 pack",
        "packagePrice": "$16.67 per 100Ea"
      }
    }
  },
  {
    "id": "blackmores-vitamin-c-500mg-tablets",
    "brand": "Blackmores",
    "name": "Vitamin C 500mg Tablets",
    "imageUrl": "https://shop.coles.com.au/wcsstore/Coles-CAS/images/2/8/3/2837959-th.jpg",
    "categories": ["health-beauty"],
    "tags": ["medicinal", "cold-allergy"],
    "locations": {
      "vic": {
        "price": 6.25,
        "promoText": "$6.25 ",
        "packageSize": "120 pack",
        "packagePrice": "$5.21 per 100Ea"
      }
    }
  },
  {
    "id": "bonningtons-cough-mixture-irish-moss",
    "brand": "Bonningtons",
    "name": "Irish Moss Cough Mixture",
    "imageUrl": "https://shop.coles.com.au/wcsstore/Coles-CAS/images/1/3/6/136192-th.jpg",
    "categories": ["health-beauty"],
    "tags": ["medicinal", "cold-allergy"],
    "locations": {
      "vic": {
        "price": 6.5,
        "promoText": " ",
        "packageSize": "200mL",
        "packagePrice": "$3.25 per 100mL"
      }
    }
  },
  {
    "id": "bosisto-s-nasal-spray-eucalyptus-50ml",
    "brand": "Bosisto's",
    "name": "Nasal Spray Eucalyptus",
    "imageUrl": "https://shop.coles.com.au/wcsstore/Coles-CAS/images/3/7/3/3734372-th.jpg",
    "categories": ["health-beauty"],
    "tags": ["medicinal", "cold-allergy"],
    "locations": {
      "vic": {
        "price": 8,
        "promoText": " ",
        "packageSize": "50mL",
        "packagePrice": "$16.00 per 100mL"
      }
    }
  },
  {
    "id": "breath-right-nasal-strips-regular-clear",
    "brand": "Breathe Right",
    "name": "Clear Regular Nasal Congestion Strips",
    "imageUrl": "https://shop.coles.com.au/wcsstore/Coles-CAS/images/7/2/3/7232730-th.jpg",
    "categories": ["health-beauty"],
    "tags": ["medicinal", "cold-allergy"],
    "locations": {
      "vic": {
        "price": 13.5,
        "promoText": " ",
        "packageSize": "10 pack",
        "packagePrice": "$1.35 per 1Ea"
      }
    }
  },
  {
    "id": "bronchodual-cough-pastilles-20s",
    "brand": "Bronchodual",
    "name": "Cough Pastilles",
    "imageUrl": "https://shop.coles.com.au/wcsstore/Coles-CAS/images/3/7/3/3734521-th.jpg",
    "categories": ["health-beauty"],
    "tags": ["medicinal", "cold-allergy"],
    "locations": {
      "vic": {
        "price": 12,
        "promoText": " ",
        "packageSize": "20 pack",
        "packagePrice": "$0.60 per 1Ea"
      }
    }
  },
  {
    "id": "bronchodual-cough-syrup-200ml",
    "brand": "Bronchodual",
    "name": "Cough Syrup",
    "imageUrl": "https://shop.coles.com.au/wcsstore/Coles-CAS/images/3/7/3/3734510-th.jpg",
    "categories": ["health-beauty"],
    "tags": ["medicinal", "cold-allergy"],
    "locations": {
      "vic": {
        "price": 16.99,
        "promoText": " ",
        "packageSize": "200mL",
        "packagePrice": "$8.50 per 100mL"
      }
    }
  },
  {
    "id": "cenovis-garlic-horseradish--c-complex-capsules",
    "brand": "Cenovis",
    "name": "Garlic Horseradish + C Complex Capsules",
    "imageUrl": "https://shop.coles.com.au/wcsstore/Coles-CAS/images/4/7/7/4779773-th.jpg",
    "categories": ["health-beauty"],
    "tags": ["medicinal", "cold-allergy"],
    "locations": {
      "vic": {
        "price": 8.25,
        "promoText": "$8.25 ",
        "packageSize": "120 pack",
        "packagePrice": "$0.07 per 1Ea"
      }
    }
  },
  {
    "id": "cenovis-tablets-sugarless-c-500mg-value-pack",
    "brand": "Cenovis",
    "name": "Sugarless C 500mg Tablets",
    "imageUrl": "https://shop.coles.com.au/wcsstore/Coles-CAS/images/9/4/6/9461738-th.jpg",
    "categories": ["health-beauty"],
    "tags": ["medicinal", "cold-allergy"],
    "locations": {
      "vic": {
        "price": 12.6,
        "promoText": "$1.40 ",
        "packageSize": "300 pack",
        "packagePrice": "$0.04 per 1Ea"
      }
    }
  },
  {
    "id": "cenovis-low-odour-garlic-capsules",
    "brand": "Cenovis",
    "name": "Garlic Capsules",
    "imageUrl": "https://shop.coles.com.au/wcsstore/Coles-CAS/images/2/8/2/2828153-th.jpg",
    "categories": ["health-beauty"],
    "tags": ["medicinal", "cold-allergy"],
    "locations": {
      "vic": {
        "price": 12,
        "promoText": " ",
        "packageSize": "150 pack",
        "packagePrice": "$0.08 per 1Ea"
      }
    }
  },
  {
    "id": "codral-relief-liquid-mucus-cough-cold",
    "brand": "Codral",
    "name": "Relief Mucus Cough & Cold Liquid",
    "imageUrl": "https://shop.coles.com.au/wcsstore/Coles-CAS/images/9/1/3/9132871-th.jpg",
    "categories": ["health-beauty"],
    "tags": ["medicinal", "cold-allergy"],
    "locations": {
      "vic": {
        "price": 11.5,
        "promoText": " ",
        "packageSize": "200mL",
        "packagePrice": "$5.75 per 100mL"
      }
    }
  },
  {
    "id": "codral-cold-flu-capsules-relief",
    "brand": "Codral",
    "name": "Relief Cold & Flu Capsules",
    "imageUrl": "https://shop.coles.com.au/wcsstore/Coles-CAS/images/1/2/1/1216209-th.jpg",
    "categories": ["health-beauty"],
    "tags": ["medicinal", "cold-allergy"],
    "locations": {
      "vic": {
        "price": 15.4,
        "promoText": " ",
        "packageSize": "16 pack",
        "packagePrice": "$0.96 per 1Ea"
      }
    }
  },
  {
    "id": "codral-honey-lemon-lozenges",
    "brand": "Codral",
    "name": "Honey & Lemon Lozenges",
    "imageUrl": "https://shop.coles.com.au/wcsstore/Coles-CAS/images/2/6/9/2698091-th.jpg",
    "categories": ["health-beauty"],
    "tags": ["medicinal", "cold-allergy"],
    "locations": {
      "vic": {
        "price": 6,
        "promoText": " ",
        "packageSize": "16 pack",
        "packagePrice": "$0.38 per 1Ea"
      }
    }
  },
  {
    "id": "codral-throat-lozenges-honey-lemon",
    "brand": "Codral",
    "name": "Throat Lozenges Honey & Lemon",
    "imageUrl": "https://shop.coles.com.au/wcsstore/Coles-CAS/images/2/8/6/2862151-th.jpg",
    "categories": ["health-beauty"],
    "tags": ["medicinal", "cold-allergy"],
    "locations": {
      "vic": {
        "price": 9.5,
        "promoText": " ",
        "packageSize": "36 pack",
        "packagePrice": "$0.26 per 1Ea"
      }
    }
  },
  {
    "id": "codral-relief-lozenges",
    "brand": "Codral",
    "name": "Combo Pack",
    "imageUrl": "https://shop.coles.com.au/wcsstore/Coles-CAS/images/3/4/2/3425120-th.jpg",
    "categories": ["health-beauty"],
    "tags": ["medicinal", "cold-allergy"],
    "locations": {
      "vic": {
        "price": 12.8,
        "promoText": "$3.20 ",
        "packageSize": "36 pack",
        "packagePrice": "$0.36 per 1Ea"
      }
    }
  },
  {
    "id": "codral-lozenges-lime-lemon-16-pack",
    "brand": "Codral",
    "name": "Lozenges Lime & Lemon",
    "imageUrl": "https://shop.coles.com.au/wcsstore/Coles-CAS/images/3/7/3/3733675-th.jpg",
    "categories": ["health-beauty"],
    "tags": ["medicinal", "cold-allergy"],
    "locations": {
      "vic": {
        "price": 7.49,
        "promoText": " ",
        "packageSize": "16 pack",
        "packagePrice": "$0.47 per 1Ea"
      }
    }
  },
  {
    "id": "coles-smart-buy-chest-rub",
    "brand": "Coles",
    "name": "Chest Rub Ointment",
    "imageUrl": "https://shop.coles.com.au/wcsstore/Coles-CAS/images/5/1/8/51861-th.jpg",
    "categories": ["health-beauty"],
    "tags": ["medicinal", "cold-allergy"],
    "locations": {
      "vic": {
        "price": 2.3,
        "promoText": " ",
        "packageSize": "100g",
        "packagePrice": "$2.30 per 100G"
      }
    }
  },
  {
    "id": "coles-nasal-saline-solution",
    "brand": "Coles",
    "name": "Saline Nasal Spray",
    "imageUrl": "https://shop.coles.com.au/wcsstore/Coles-CAS/images/2/8/4/2845877-th.jpg",
    "categories": ["health-beauty"],
    "tags": ["medicinal", "cold-allergy"],
    "locations": {
      "vic": {
        "price": 7,
        "promoText": " ",
        "packageSize": "30mL",
        "packagePrice": "$23.33 per 100mL"
      }
    }
  },
  {
    "id": "coles-chesty-cough-medicine-oral-liquid",
    "brand": "Coles",
    "name": "Cherry Flavoured Chesty Cough Medicine Oral Liquid",
    "imageUrl": "https://shop.coles.com.au/wcsstore/Coles-CAS/images/2/8/4/2843317-th.jpg",
    "categories": ["health-beauty"],
    "tags": ["medicinal", "cold-allergy"],
    "locations": {
      "vic": {
        "price": 6.5,
        "promoText": " ",
        "packageSize": "200mL",
        "packagePrice": "$3.25 per 100mL"
      }
    }
  },
  {
    "id": "coles-dry-cough-mixture",
    "brand": "Coles",
    "name": "Honey & Lemon Flavoured Dry Cough Medicine",
    "imageUrl": "https://shop.coles.com.au/wcsstore/Coles-CAS/images/2/8/4/2843328-th.jpg",
    "categories": ["health-beauty"],
    "tags": ["medicinal", "cold-allergy"],
    "locations": {
      "vic": {
        "price": 6.5,
        "promoText": " ",
        "packageSize": "200mL",
        "packagePrice": "$3.25 per 100mL"
      }
    }
  },
  {
    "id": "coles-cold-flu-pain-relief--pe-decongestant-capsules",
    "brand": "Coles",
    "name": "Cold & Flu Pain Relief + Pe Decongesrant Capsules",
    "imageUrl": "https://shop.coles.com.au/wcsstore/Coles-CAS/images/2/8/4/2843339-th.jpg",
    "categories": ["health-beauty"],
    "tags": ["medicinal", "cold-allergy"],
    "locations": {
      "vic": {
        "price": 10,
        "promoText": " ",
        "packageSize": "20 pack",
        "packagePrice": "$0.50 per 1Ea"
      }
    }
  },
  {
    "id": "coles-cough-cold-flu-day-night-capsules",
    "brand": "Coles",
    "name": "Cough Cold & Flu 18 Day & 6 Night Capsules",
    "imageUrl": "https://shop.coles.com.au/wcsstore/Coles-CAS/images/3/1/5/3151046-th.jpg",
    "categories": ["health-beauty"],
    "tags": ["medicinal", "cold-allergy"],
    "locations": {
      "vic": {
        "price": 10,
        "promoText": " ",
        "packageSize": "1 pack",
        "packagePrice": "$10.00 per 1Ea"
      }
    }
  },
  {
    "id": "coles-menthol-inhaler",
    "brand": "Coles",
    "name": "Menthol Inhaler 0.5mL",
    "imageUrl": "https://shop.coles.com.au/wcsstore/Coles-CAS/images/2/8/4/2845888-th.jpg",
    "categories": ["health-beauty"],
    "tags": ["medicinal", "cold-allergy"],
    "locations": {
      "vic": {
        "price": 5,
        "promoText": " ",
        "packageSize": "",
        "packagePrice": "$5.00 per 1Ea"
      }
    }
  },
  {
    "id": "coles-hayfever-fexofenadine-120mg-tblts",
    "brand": "Coles",
    "name": "Hayfever Allergy Relief Fexofenadine Tablets 120mg",
    "imageUrl": "https://shop.coles.com.au/wcsstore/Coles-CAS/images/2/8/4/2845855-th.jpg",
    "categories": ["health-beauty"],
    "tags": ["medicinal", "cold-allergy"],
    "locations": {
      "vic": {
        "price": 7,
        "promoText": " ",
        "packageSize": "10 pack",
        "packagePrice": "$0.70 per 1Ea"
      }
    }
  },
  {
    "id": "coles-throat-spray-forte",
    "brand": "Coles",
    "name": "Throat Spray Forte",
    "imageUrl": "https://shop.coles.com.au/wcsstore/Coles-CAS/images/3/6/4/3644010-th.jpg",
    "categories": ["health-beauty"],
    "tags": ["medicinal", "cold-allergy"],
    "locations": {
      "vic": {
        "price": 13,
        "promoText": " ",
        "packageSize": "15mL",
        "packagePrice": "$86.67 per 100mL"
      }
    }
  },
  {
    "id": "difflam-lozenges-honey-lemon",
    "brand": "Difflam",
    "name": "Lozenges Honey & Lemon",
    "imageUrl": "https://shop.coles.com.au/wcsstore/ColesResponsiveStorefrontAssetStore/dist/ccfc54aed6e361b650bcf0582f7b576b/img/img_product-placeholder.png",
    "categories": ["health-beauty"],
    "tags": ["medicinal", "cold-allergy"],
    "locations": {
      "vic": {
        "price": 6.5,
        "promoText": " ",
        "packageSize": "16 pack",
        "packagePrice": "$0.41 per 1Ea"
      }
    }
  },
  {
    "id": "difflam-lozenges-orange",
    "brand": "Difflam",
    "name": "Lozenges Orange",
    "imageUrl": "https://shop.coles.com.au/wcsstore/ColesResponsiveStorefrontAssetStore/dist/ccfc54aed6e361b650bcf0582f7b576b/img/img_product-placeholder.png",
    "categories": ["health-beauty"],
    "tags": ["medicinal", "cold-allergy"],
    "locations": {
      "vic": {
        "price": 6.5,
        "promoText": " ",
        "packageSize": "16 pack",
        "packagePrice": "$0.41 per 1Ea"
      }
    }
  },
  {
    "id": "difflam-plus-berry-lozenegs",
    "brand": "Difflam Plus",
    "name": "Berry Flavour Anaesthetic Sore Throat Lozeneges",
    "imageUrl": "https://shop.coles.com.au/wcsstore/Coles-CAS/images/3/1/7/3176411-th.jpg",
    "categories": ["health-beauty"],
    "tags": ["medicinal", "cold-allergy"],
    "locations": {
      "vic": {
        "price": 10,
        "promoText": " ",
        "packageSize": "16 pack",
        "packagePrice": "$0.63 per 1Ea"
      }
    }
  },
  {
    "id": "difflam-plus-anaesthetic-honey-lemon-lozenges",
    "brand": "Difflam Plus",
    "name": "Anaesthetic Lozenges Honey & Lemon Flavour",
    "imageUrl": "https://shop.coles.com.au/wcsstore/Coles-CAS/images/3/1/6/3160659-th.jpg",
    "categories": ["health-beauty"],
    "tags": ["medicinal", "cold-allergy"],
    "locations": {
      "vic": {
        "price": 10,
        "promoText": " ",
        "packageSize": "16 pack",
        "packagePrice": "$0.63 per 1Ea"
      }
    }
  },
  {
    "id": "difflam-plus-anaesthetic-blackcurrant-lozenges",
    "brand": "Difflam Plus",
    "name": "Sore Throat Lozenge Plus Anaesthetic Blackcurrant Flavour",
    "imageUrl": "https://shop.coles.com.au/wcsstore/Coles-CAS/images/3/1/6/3160648-th.jpg",
    "categories": ["health-beauty"],
    "tags": ["medicinal", "cold-allergy"],
    "locations": {
      "vic": {
        "price": 10,
        "promoText": " ",
        "packageSize": "16 pack",
        "packagePrice": "$0.63 per 1Ea"
      }
    }
  },
  {
    "id": "dimetapp-ultra-plus-cold-flu-tablets",
    "brand": "Dimetapp",
    "name": "Cold & Flu Tablets",
    "imageUrl": "https://shop.coles.com.au/wcsstore/Coles-CAS/images/2/8/6/2864543-th.jpg",
    "categories": ["health-beauty"],
    "tags": ["medicinal", "cold-allergy"],
    "locations": {
      "vic": {
        "price": 14,
        "promoText": " ",
        "packageSize": "27 pack",
        "packagePrice": "$0.52 per 1Ea"
      }
    }
  },
  {
    "id": "dimetapp-multi-symptom-cold-flu-tablets",
    "brand": "Dimetapp",
    "name": "Cold & Flu Tablets",
    "imageUrl": "https://shop.coles.com.au/wcsstore/Coles-CAS/images/2/8/6/2864554-th.jpg",
    "categories": ["health-beauty"],
    "tags": ["medicinal", "cold-allergy"],
    "locations": {
      "vic": {
        "price": 10,
        "promoText": "$3.00 ",
        "packageSize": "20 pack",
        "packagePrice": "$0.50 per 1Ea"
      }
    }
  },
  {
    "id": "ease-a-cold-cold-congestion-day-night-capsules",
    "brand": "Ease A Cold",
    "name": "Cold & Congestion Day & Night Capsules",
    "imageUrl": "https://shop.coles.com.au/wcsstore/Coles-CAS/images/6/9/3/6933761-th.jpg",
    "categories": ["health-beauty"],
    "tags": ["medicinal", "cold-allergy"],
    "locations": {
      "vic": {
        "price": 10.87,
        "promoText": "$3.63 ",
        "packageSize": "30 pack",
        "packagePrice": "$0.36 per 1Ea"
      }
    }
  },
  {
    "id": "ease-a-cold-kids-cold-flu-burstlets",
    "brand": "Ease A Cold",
    "name": "Kids Cold & Flu Soft Chewable Capsules",
    "imageUrl": "https://shop.coles.com.au/wcsstore/Coles-CAS/images/5/7/2/5725485-th.jpg",
    "categories": ["health-beauty"],
    "tags": ["medicinal", "cold-allergy"],
    "locations": {
      "vic": {
        "price": 11.25,
        "promoText": "$3.75 ",
        "packageSize": "24 pack",
        "packagePrice": "$0.47 per 1Ea"
      }
    }
  },
  {
    "id": "ease-a-cold-immune-guard",
    "brand": "Ease A Cold",
    "name": "Immune Guard Hard Capsules",
    "imageUrl": "https://shop.coles.com.au/wcsstore/Coles-CAS/images/3/4/1/3412037-th.jpg",
    "categories": ["health-beauty"],
    "tags": ["medicinal", "cold-allergy"],
    "locations": {
      "vic": {
        "price": 15,
        "promoText": "$5.00 ",
        "packageSize": "24 pack",
        "packagePrice": "$0.63 per 1Ea"
      }
    }
  },
  {
    "id": "lemsip-hot-drink-cold-flu-max",
    "brand": "Lemsip",
    "name": "Max Cold and Flu Multi Relief Hot Drink Lemon",
    "imageUrl": "https://shop.coles.com.au/wcsstore/Coles-CAS/images/8/9/1/8918204-th.jpg",
    "categories": ["health-beauty"],
    "tags": ["medicinal", "cold-allergy"],
    "locations": {
      "vic": {
        "price": 12,
        "promoText": " ",
        "packageSize": "10 pack",
        "packagePrice": "$1.20 per 1Ea"
      }
    }
  },
  {
    "id": "lemsip-max-drink-sachet-decon-lemon",
    "brand": "Lemsip",
    "name": "Max Cold and Flu with Decongestant Hot Drink Lemon",
    "imageUrl": "https://shop.coles.com.au/wcsstore/Coles-CAS/images/6/4/1/6419815-th.jpg",
    "categories": ["health-beauty"],
    "tags": ["medicinal", "cold-allergy"],
    "locations": {
      "vic": {
        "price": 13,
        "promoText": " ",
        "packageSize": "10 pack",
        "packagePrice": "$1.30 per 1Ea"
      }
    }
  },
  {
    "id": "lemsip-honey-ginger",
    "brand": "Lemsip",
    "name": "Honey and Ginger",
    "imageUrl": "https://shop.coles.com.au/wcsstore/Coles-CAS/images/2/8/6/2862210-th.jpg",
    "categories": ["health-beauty"],
    "tags": ["medicinal", "cold-allergy"],
    "locations": {
      "vic": {
        "price": 13,
        "promoText": " ",
        "packageSize": "10 pack",
        "packagePrice": "$1.30 per 1Ea"
      }
    }
  },
  {
    "id": "lemsips-all-in-one-capsules-16-pack",
    "brand": "Lemsip",
    "name": "All In One Capsules",
    "imageUrl": "https://shop.coles.com.au/wcsstore/Coles-CAS/images/3/7/3/3734248-th.jpg",
    "categories": ["health-beauty"],
    "tags": ["medicinal", "cold-allergy"],
    "locations": {
      "vic": {
        "price": 12,
        "promoText": "$3.00 ",
        "packageSize": "16 pack",
        "packagePrice": "$0.75 per 1Ea"
      }
    }
  },
  {
    "id": "lemsip-all-in-one-hot-drinks-10-pack",
    "brand": "Lemsip",
    "name": "All In One Hot Drinks",
    "imageUrl": "https://shop.coles.com.au/wcsstore/Coles-CAS/images/3/7/3/3734237-th.jpg",
    "categories": ["health-beauty"],
    "tags": ["medicinal", "cold-allergy"],
    "locations": {
      "vic": {
        "price": 12,
        "promoText": "$2.99 ",
        "packageSize": "10 pack",
        "packagePrice": "$1.20 per 1Ea"
      }
    }
  },
  {
    "id": "manuka-honey-lozenges-lemon-ginger",
    "brand": "Manuka Health",
    "name": "Lemon & Ginger Flavoured Honey Lozenges",
    "imageUrl": "https://shop.coles.com.au/wcsstore/Coles-CAS/images/3/1/7/3175044-th.jpg",
    "categories": ["health-beauty"],
    "tags": ["medicinal", "cold-allergy"],
    "locations": {
      "vic": {
        "price": 6,
        "promoText": "$2.00 ",
        "packageSize": "15 pack",
        "packagePrice": "$0.40 per 1Ea"
      }
    }
  },
  {
    "id": "mintec-20-pack",
    "brand": "Mintec",
    "name": "20 Pack",
    "imageUrl": "https://shop.coles.com.au/wcsstore/Coles-CAS/images/3/7/3/3734500-th.jpg",
    "categories": ["health-beauty"],
    "tags": ["medicinal", "cold-allergy"],
    "locations": {
      "vic": {
        "price": 7.95,
        "promoText": "$2.00 ",
        "packageSize": "20 pack",
        "packagePrice": "$0.40 per 1Ea"
      }
    }
  },
  {
    "id": "natures-own--triple-strength-garlic-c-horseradish-2279383p",
    "brand": "Nature's Own",
    "name": "Triple Strength Garlic + C Horseradish Tablets",
    "imageUrl": "https://shop.coles.com.au/wcsstore/Coles-CAS/images/2/2/7/2279383-th.jpg",
    "categories": ["health-beauty"],
    "tags": ["medicinal", "cold-allergy"],
    "locations": {
      "vic": {
        "price": 10,
        "promoText": "$10.00 ",
        "packageSize": "60 pack",
        "packagePrice": "$0.17 per 1Ea"
      }
    }
  },
  {
    "id": "natures-way-vitamin-garlic-horseradish",
    "brand": "Nature's Way",
    "name": "Garlic + C & Horseradish Tablets",
    "imageUrl": "https://shop.coles.com.au/wcsstore/Coles-CAS/images/9/3/1/9314733-th.jpg",
    "categories": ["health-beauty"],
    "tags": ["medicinal", "cold-allergy"],
    "locations": {
      "vic": {
        "price": 20,
        "promoText": " ",
        "packageSize": "200 pack",
        "packagePrice": "$10.00 per 100Ea"
      }
    }
  },
  {
    "id": "natures-way-vitamin-c-tablets",
    "brand": "Nature's Way",
    "name": "Vitamin C Tablets",
    "imageUrl": "https://shop.coles.com.au/wcsstore/Coles-CAS/images/4/8/5/4856455-th.jpg",
    "categories": ["health-beauty"],
    "tags": ["medicinal", "cold-allergy"],
    "locations": {
      "vic": {
        "price": 29,
        "promoText": " ",
        "packageSize": "500 pack",
        "packagePrice": "$5.80 per 100Ea"
      }
    }
  },
  {
    "id": "nature-s-way-adult-vita-gummies-sugar-fre-vit-c",
    "brand": "Nature's Way",
    "name": "Vita Gummies Sugar Free Vitamin C Sugar Free Tablets",
    "imageUrl": "https://shop.coles.com.au/wcsstore/Coles-CAS/images/3/7/5/3753184-th.jpg",
    "categories": ["health-beauty"],
    "tags": ["medicinal", "cold-allergy"],
    "locations": {
      "vic": {
        "price": 20,
        "promoText": " ",
        "packageSize": "65 PACK",
        "packagePrice": ""
      }
    }
  },
  {
    "id": "nurofen-cold-flu-pe-tablets",
    "brand": "Nurofen",
    "name": "Cold and Flu Multi-Symptom Relief Tablets 200mg Ibuprofen",
    "imageUrl": "https://shop.coles.com.au/wcsstore/Coles-CAS/images/1/2/1/1216297-th.jpg",
    "categories": ["health-beauty"],
    "tags": ["medicinal", "cold-allergy"],
    "locations": {
      "vic": {
        "price": 15.3,
        "promoText": " ",
        "packageSize": "24 pack",
        "packagePrice": "$0.64 per 1Ea"
      }
    }
  },
  {
    "id": "nurofen-cold-flu-pe-tablets-1216741p",
    "brand": "Nurofen",
    "name": "Cold and Flu Multi-Symptom Relief Tablets 200mg Ibuprofen",
    "imageUrl": "https://shop.coles.com.au/wcsstore/Coles-CAS/images/1/2/1/1216741-th.jpg",
    "categories": ["health-beauty"],
    "tags": ["medicinal", "cold-allergy"],
    "locations": {
      "vic": {
        "price": 8,
        "promoText": "$1.00 ",
        "packageSize": "12 pack",
        "packagePrice": "$0.67 per 1Ea"
      }
    }
  },
  {
    "id": "nyal-cough-mixture",
    "brand": "Nyal",
    "name": "Cough Mixture",
    "imageUrl": "https://shop.coles.com.au/wcsstore/Coles-CAS/images/5/7/6/5765708-th.jpg",
    "categories": ["health-beauty"],
    "tags": ["medicinal", "cold-allergy"],
    "locations": {
      "vic": {
        "price": 6.8,
        "promoText": "$1.70 ",
        "packageSize": "200mL",
        "packagePrice": "$3.40 per 100mL"
      }
    }
  },
  {
    "id": "oil-garden-breathe-easier-chest-rub-stick-12g",
    "brand": "Oil Garden",
    "name": "Breathe Easier Chest Rub Stick",
    "imageUrl": "https://shop.coles.com.au/wcsstore/Coles-CAS/images/3/7/3/3733642-th.jpg",
    "categories": ["health-beauty"],
    "tags": ["medicinal", "cold-allergy"],
    "locations": {
      "vic": {
        "price": 12,
        "promoText": " ",
        "packageSize": "12g",
        "packagePrice": "$100.00 per 100G"
      }
    }
  },
  {
    "id": "otrivin-seawater-euc-0-9-nms-20ml-x6",
    "brand": "Otrivin",
    "name": "Seawater",
    "imageUrl": "https://shop.coles.com.au/wcsstore/Coles-CAS/images/3/7/3/3733631-th.jpg",
    "categories": ["health-beauty"],
    "tags": ["medicinal", "cold-allergy"],
    "locations": {
      "vic": {
        "price": 8,
        "promoText": " ",
        "packageSize": "20mL",
        "packagePrice": "$40.00 per 100mL"
      }
    }
  },
  {
    "id": "robitussin-syrup-cold-chesty-cough",
    "brand": "Robitussin",
    "name": "Cold & Chesty Cough Syrup",
    "imageUrl": "https://shop.coles.com.au/wcsstore/Coles-CAS/images/1/4/8/1484285-th.jpg",
    "categories": ["health-beauty"],
    "tags": ["medicinal", "cold-allergy"],
    "locations": {
      "vic": {
        "price": 11.4,
        "promoText": " ",
        "packageSize": "200mL",
        "packagePrice": "$5.70 per 100mL"
      }
    }
  },
  {
    "id": "sambucol-liquid-cold-flu",
    "brand": "Sambucol",
    "name": "Cold & Flu Liquid",
    "imageUrl": "https://shop.coles.com.au/wcsstore/Coles-CAS/images/7/4/8/7484426-th.jpg",
    "categories": ["health-beauty"],
    "tags": ["medicinal", "cold-allergy"],
    "locations": {
      "vic": {
        "price": 13.5,
        "promoText": "$4.50 ",
        "packageSize": "120mL",
        "packagePrice": "$11.25 per 100mL"
      }
    }
  },
  {
    "id": "sambucol-capsules-cold-flu",
    "brand": "Sambucol",
    "name": "Cold & Flu Capsules",
    "imageUrl": "https://shop.coles.com.au/wcsstore/Coles-CAS/images/7/4/8/7484583-th.jpg",
    "categories": ["health-beauty"],
    "tags": ["medicinal", "cold-allergy"],
    "locations": {
      "vic": {
        "price": 14.25,
        "promoText": "$4.75 ",
        "packageSize": "24 pack",
        "packagePrice": "$0.59 per 1Ea"
      }
    }
  },
  {
    "id": "sambucol-kids-liquid",
    "brand": "Sambucol",
    "name": "Black Elderberry Cold & Flu Kids Liquid",
    "imageUrl": "https://shop.coles.com.au/wcsstore/Coles-CAS/images/2/1/1/2110156-th.jpg",
    "categories": ["health-beauty"],
    "tags": ["medicinal", "cold-allergy"],
    "locations": {
      "vic": {
        "price": 14.25,
        "promoText": "$4.75 ",
        "packageSize": "120mL",
        "packagePrice": "$11.88 per 100mL"
      }
    }
  },
  {
    "id": "sambucol-cold-flu--pain-relief",
    "brand": "Sambucol",
    "name": "Cold & Flu+ Pain Relief",
    "imageUrl": "https://shop.coles.com.au/wcsstore/Coles-CAS/images/3/1/6/3160692-th.jpg",
    "categories": ["health-beauty"],
    "tags": ["medicinal", "cold-allergy"],
    "locations": {
      "vic": {
        "price": 15,
        "promoText": "$5.00 ",
        "packageSize": "24 pack",
        "packagePrice": "$0.63 per 1Ea"
      }
    }
  },
  {
    "id": "strepsils-honey-lemon-throat-lozenges-double-antibacterial-action",
    "brand": "Strepsils",
    "name": "Double Antibacterial  Soothing Sore Throat  Lozenges Honey and Lemon",
    "imageUrl": "https://shop.coles.com.au/wcsstore/Coles-CAS/images/7/2/5/7251326-th.jpg",
    "categories": ["health-beauty"],
    "tags": ["medicinal", "cold-allergy"],
    "locations": {
      "vic": {
        "price": 5.5,
        "promoText": " ",
        "packageSize": "16 pack",
        "packagePrice": "$0.34 per 1Ea"
      }
    }
  },
  {
    "id": "strepsils-lozenges-soothing-honey--lemon",
    "brand": "Strepsils",
    "name": "Double Antibacterial  Soothing Sore Throat Lozenges Honey and Lemon",
    "imageUrl": "https://shop.coles.com.au/wcsstore/Coles-CAS/images/6/4/2/6420213-th.jpg",
    "categories": ["health-beauty"],
    "tags": ["medicinal", "cold-allergy"],
    "locations": {
      "vic": {
        "price": 10.5,
        "promoText": " ",
        "packageSize": "36 pack",
        "packagePrice": "$0.29 per 1Ea"
      }
    }
  },
  {
    "id": "strepsils-plus-anaesthetic-lozenges",
    "brand": "Strepsils",
    "name": "Plus Anaesthetic Sore Throat Numbing Pain Relief 36 Lozenges",
    "imageUrl": "https://shop.coles.com.au/wcsstore/Coles-CAS/images/1/2/1/1216821-th.jpg",
    "categories": ["health-beauty"],
    "tags": ["medicinal", "cold-allergy"],
    "locations": {
      "vic": {
        "price": 15,
        "promoText": "Was $15.99 on Apr 2019 ",
        "packageSize": "36 pack",
        "packagePrice": "$15.00 per 1Ea"
      }
    }
  },
  {
    "id": "strepsils-sugar-free-lemon-lozenges",
    "brand": "Strepsils",
    "name": "Sore Throat Sugar Free Antibacterial Lemon 36 Lozenges",
    "imageUrl": "https://shop.coles.com.au/wcsstore/Coles-CAS/images/2/3/7/2372196-th.jpg",
    "categories": ["health-beauty"],
    "tags": ["medicinal", "cold-allergy"],
    "locations": {
      "vic": {
        "price": 10.5,
        "promoText": " ",
        "packageSize": "1 pack",
        "packagePrice": "$10.50 per 1Ea"
      }
    }
  },
  {
    "id": "strepsils-lozenges-honey-lemon",
    "brand": "Strepsils",
    "name": "Lozenges Honey & Lemon",
    "imageUrl": "https://shop.coles.com.au/wcsstore/Coles-CAS/images/3/1/5/3157869-th.jpg",
    "categories": ["health-beauty"],
    "tags": ["medicinal", "cold-allergy"],
    "locations": {
      "vic": {
        "price": 11,
        "promoText": "$1.60 ",
        "packageSize": "48 pack",
        "packagePrice": "$0.23 per 1Ea"
      }
    }
  },
  {
    "id": "strepsils-children-7-strawberry-sf-lozenges",
    "brand": "Strepsils",
    "name": "Sore Throat Lozenges Children 6+  Antibacterial Strawberry Sugar Free",
    "imageUrl": "https://shop.coles.com.au/wcsstore/Coles-CAS/images/3/1/5/3157790-th.jpg",
    "categories": ["health-beauty"],
    "tags": ["medicinal", "cold-allergy"],
    "locations": {
      "vic": {
        "price": 10.5,
        "promoText": " ",
        "packageSize": "36 pack",
        "packagePrice": "$0.29 per 1Ea"
      }
    }
  },
  {
    "id": "strepsils-extra-lozenges-honey-lemon-3417970p",
    "brand": "Strepsils",
    "name": "Extra Honey and Lemon Fast Numbing Sore Throat Pain Relief with Anaesthetic 36 Lozenges",
    "imageUrl": "https://shop.coles.com.au/wcsstore/Coles-CAS/images/3/4/1/3417970-th.jpg",
    "categories": ["health-beauty"],
    "tags": ["medicinal", "cold-allergy"],
    "locations": {
      "vic": {
        "price": 15,
        "promoText": "Was $16.00 on Apr 2019 ",
        "packageSize": "1 pack",
        "packagePrice": "$15.00 per 1Ea"
      }
    }
  },
  {
    "id": "strepsils-menthol-36-pack",
    "brand": "Strepsils",
    "name": "Menthol 36 Pack",
    "imageUrl": "https://shop.coles.com.au/wcsstore/Coles-CAS/images/3/7/3/3734204-th.jpg",
    "categories": ["health-beauty"],
    "tags": ["medicinal", "cold-allergy"],
    "locations": {
      "vic": {
        "price": 8.5,
        "promoText": "$1.99 ",
        "packageSize": "36 pack",
        "packagePrice": "$0.24 per 1Ea"
      }
    }
  },
  {
    "id": "strepsils-menthol-16-pack",
    "brand": "Strepsils",
    "name": "Menthol 16 Pack",
    "imageUrl": "https://shop.coles.com.au/wcsstore/Coles-CAS/images/3/7/3/3734190-th.jpg",
    "categories": ["health-beauty"],
    "tags": ["medicinal", "cold-allergy"],
    "locations": {
      "vic": {
        "price": 5.5,
        "promoText": "Was $6.30 on May 2020 ",
        "packageSize": "16 pack",
        "packagePrice": "$0.34 per 1Ea"
      }
    }
  },
  {
    "id": "sudafed-pe-tablets-nasal-decongestant",
    "brand": "Sudafed",
    "name": "PE Nasal Decongestant Tablets",
    "imageUrl": "https://shop.coles.com.au/wcsstore/Coles-CAS/images/9/0/1/9013760-th.jpg",
    "categories": ["health-beauty"],
    "tags": ["medicinal", "cold-allergy"],
    "locations": {
      "vic": {
        "price": 11.2,
        "promoText": "$2.80 ",
        "packageSize": "20 pack",
        "packagePrice": "$0.56 per 1Ea"
      }
    }
  },
  {
    "id": "sudafed-pe-tablets-sinus--pain-relief",
    "brand": "Sudafed",
    "name": "PE Sinus + Pain Relief Tablets",
    "imageUrl": "https://shop.coles.com.au/wcsstore/Coles-CAS/images/9/0/1/9013781-th.jpg",
    "categories": ["health-beauty"],
    "tags": ["medicinal", "cold-allergy"],
    "locations": {
      "vic": {
        "price": 11.44,
        "promoText": "$2.86 ",
        "packageSize": "20 pack",
        "packagePrice": "$0.57 per 1Ea"
      }
    }
  },
  {
    "id": "swisse-vitamins-ultiboost-zinc-capsules",
    "brand": "Swisse",
    "name": "Ultiboost Zinc+ Tablets",
    "imageUrl": "https://shop.coles.com.au/wcsstore/Coles-CAS/images/9/1/2/9120329-th.jpg",
    "categories": ["health-beauty"],
    "tags": ["medicinal", "cold-allergy"],
    "locations": {
      "vic": {
        "price": 16.2,
        "promoText": " ",
        "packageSize": "60 pack",
        "packagePrice": "$27.00 per 100Ea"
      }
    }
  },
  {
    "id": "swisse-ultibiotic-daily-immune-probiotic",
    "brand": "Swisse",
    "name": "Ultibiotic Daily Immune Probiotic Capsules",
    "imageUrl": "https://shop.coles.com.au/wcsstore/Coles-CAS/images/3/4/6/3469271-th.jpg",
    "categories": ["health-beauty"],
    "tags": ["medicinal", "cold-allergy"],
    "locations": {
      "vic": {
        "price": 19.2,
        "promoText": "$12.80 ",
        "packageSize": "30 pack",
        "packagePrice": "$64.00 per 100Ea"
      }
    }
  },
  {
    "id": "swisse-ultibost-daily-immune-support-3758279p",
    "brand": "Swisse",
    "name": "Ultiboost Daily Immune Support",
    "imageUrl": "https://shop.coles.com.au/wcsstore/Coles-CAS/images/3/7/5/3758279-th.jpg",
    "categories": ["health-beauty"],
    "tags": ["medicinal", "cold-allergy"],
    "locations": {
      "vic": {
        "price": 20,
        "promoText": " ",
        "packageSize": "60 pack",
        "packagePrice": "$33.33 per 100Ea"
      }
    }
  },
  {
    "id": "swisse-ultibost-immune-action-3758280p",
    "brand": "Swisse",
    "name": "Ultiboost Immune Action",
    "imageUrl": "https://shop.coles.com.au/wcsstore/Coles-CAS/images/3/7/5/3758280-th.jpg",
    "categories": ["health-beauty"],
    "tags": ["medicinal", "cold-allergy"],
    "locations": {
      "vic": {
        "price": 30,
        "promoText": " ",
        "packageSize": "60 pack",
        "packagePrice": "$50.00 per 100Ea"
      }
    }
  },
  {
    "id": "telfast-60mg-hayfever-allergies-tablets",
    "brand": "Telfast",
    "name": "Hayfever Allergy Relief 60mg Tablets",
    "imageUrl": "https://shop.coles.com.au/wcsstore/Coles-CAS/images/8/6/0/8608852-th.jpg",
    "categories": ["health-beauty"],
    "tags": ["medicinal", "cold-allergy"],
    "locations": {
      "vic": {
        "price": 7,
        "promoText": " ",
        "packageSize": "10 pack",
        "packagePrice": "$0.70 per 1Ea"
      }
    }
  },
  {
    "id": "telfast-60mg-20-tablets",
    "brand": "Telfast",
    "name": "Hayfever Allergy Relief 60mg Tablets",
    "imageUrl": "https://shop.coles.com.au/wcsstore/Coles-CAS/images/3/1/5/3157687-th.jpg",
    "categories": ["health-beauty"],
    "tags": ["medicinal", "cold-allergy"],
    "locations": {
      "vic": {
        "price": 12,
        "promoText": " ",
        "packageSize": "20 pack",
        "packagePrice": "$0.60 per 1Ea"
      }
    }
  },
  {
    "id": "thursday-plantation-oil-tea-tree-100%25-1313908p",
    "brand": "Thursday Plantation",
    "name": "Tea Tree Oil 100%",
    "imageUrl": "https://shop.coles.com.au/wcsstore/Coles-CAS/images/1/3/1/1313908-th.jpg",
    "categories": ["health-beauty"],
    "tags": ["medicinal", "cold-allergy"],
    "locations": {
      "vic": {
        "price": 7.5,
        "promoText": " ",
        "packageSize": "15mL",
        "packagePrice": "$50.00 per 100mL"
      }
    }
  },
  {
    "id": "thursday-plantation-antiseptic-spray-with-aloe-vera",
    "brand": "Thursday Plantation",
    "name": "Antiseptic Spray with Aloe Vera",
    "imageUrl": "https://shop.coles.com.au/wcsstore/Coles-CAS/images/1/8/3/1835313-th.jpg",
    "categories": ["health-beauty"],
    "tags": ["medicinal", "cold-allergy"],
    "locations": {
      "vic": {
        "price": 9.2,
        "promoText": " ",
        "packageSize": "100mL",
        "packagePrice": "$9.20 per 100mL"
      }
    }
  },
  {
    "id": "vicks-vapodrops-lozenges-butter-menthol",
    "brand": "Vicks",
    "name": "VapoDrops Butter Menthol Lozenges",
    "imageUrl": "https://shop.coles.com.au/wcsstore/Coles-CAS/images/8/1/5/8155893-th.jpg",
    "categories": ["health-beauty"],
    "tags": ["medicinal", "cold-allergy"],
    "locations": {
      "vic": {
        "price": 4.3,
        "promoText": " ",
        "packageSize": "24 pack",
        "packagePrice": "$0.18 per 1Ea"
      }
    }
  },
  {
    "id": "vicks-inhaler-pocket-pack",
    "brand": "Vicks",
    "name": "Nasal Spray Decongestant Inhaler",
    "imageUrl": "https://shop.coles.com.au/wcsstore/Coles-CAS/images/1/6/6/166116-th.jpg",
    "categories": ["health-beauty"],
    "tags": ["medicinal", "cold-allergy"],
    "locations": {
      "vic": {
        "price": 7.9,
        "promoText": " ",
        "packageSize": "0.5mL",
        "packagePrice": "$7.90 per 1Ea"
      }
    }
  },
  {
    "id": "vicks-vapo-rub-vaporising-ointment",
    "brand": "Vicks",
    "name": "VapoRub Ointment Decongestant Chest Rub",
    "imageUrl": "https://shop.coles.com.au/wcsstore/Coles-CAS/images/1/0/1/101915-th.jpg",
    "categories": ["health-beauty"],
    "tags": ["medicinal", "cold-allergy"],
    "locations": {
      "vic": {
        "price": 8,
        "promoText": " ",
        "packageSize": "50g",
        "packagePrice": "$16.00 per 100G"
      }
    }
  },
  {
    "id": "vicks-vapo-naturals-honey-drops",
    "brand": "Vicks",
    "name": "VapoNaturals Honey Throat Drops",
    "imageUrl": "https://shop.coles.com.au/wcsstore/Coles-CAS/images/1/2/1/1218248-th.jpg",
    "categories": ["health-beauty"],
    "tags": ["medicinal", "cold-allergy"],
    "locations": {
      "vic": {
        "price": 4,
        "promoText": " ",
        "packageSize": "20 pack",
        "packagePrice": "$0.20 per 1Ea"
      }
    }
  },
  {
    "id": "vicks-herbal-honey-lemon-lozenges",
    "brand": "Vicks",
    "name": "VapoDrops Honey Lemon & Menthol",
    "imageUrl": "https://shop.coles.com.au/wcsstore/Coles-CAS/images/2/8/6/2862130-th.jpg",
    "categories": ["health-beauty"],
    "tags": ["medicinal", "cold-allergy"],
    "locations": {
      "vic": {
        "price": 6,
        "promoText": " ",
        "packageSize": "16 pack",
        "packagePrice": "$0.38 per 1Ea"
      }
    }
  },
  {
    "id": "vicks-vapodrops-cough-berry-16pk",
    "brand": "Vicks",
    "name": "VapoDrops Cough Berry Menthol Lozenges",
    "imageUrl": "https://shop.coles.com.au/wcsstore/Coles-CAS/images/3/1/6/3160397-th.jpg",
    "categories": ["health-beauty"],
    "tags": ["medicinal", "cold-allergy"],
    "locations": {
      "vic": {
        "price": 6,
        "promoText": " ",
        "packageSize": "16 pack",
        "packagePrice": "$0.38 per 1Ea"
      }
    }
  },
  {
    "id": "vicks-vapodrops-immune-support-orange",
    "brand": "Vicks",
    "name": "Vapodrops Immune Support Orange Menthol Lozenges",
    "imageUrl": "https://shop.coles.com.au/wcsstore/Coles-CAS/images/3/4/2/3427974-th.jpg",
    "categories": ["health-beauty"],
    "tags": ["medicinal", "cold-allergy"],
    "locations": {
      "vic": {
        "price": 8,
        "promoText": " ",
        "packageSize": "16 pack",
        "packagePrice": "$0.50 per 1Ea"
      }
    }
  },
  {
    "id": "vicks-inhaler-twin-pack-3628433p",
    "brand": "Vicks",
    "name": "Inhaler Twin Pack",
    "imageUrl": "https://shop.coles.com.au/wcsstore/Coles-CAS/images/3/6/2/3628433-th.jpg",
    "categories": ["health-beauty"],
    "tags": ["medicinal", "cold-allergy"],
    "locations": {
      "vic": {
        "price": 13,
        "promoText": " ",
        "packageSize": "1mL",
        "packagePrice": "$13.00 per 1mL"
      }
    }
  },
  {
    "id": "vicks-chesty-honey-kids-cough-syrup-180ml",
    "brand": "Vicks",
    "name": "Chesty Honey Kids Cough Syrup",
    "imageUrl": "https://shop.coles.com.au/wcsstore/Coles-CAS/images/3/7/3/3734033-th.jpg",
    "categories": ["health-beauty"],
    "tags": ["medicinal", "cold-allergy"],
    "locations": {
      "vic": {
        "price": 10.5,
        "promoText": " ",
        "packageSize": "180mL",
        "packagePrice": "$5.83 per 100mL"
      }
    }
  },
  {
    "id": "vicks-vapodrop-butter-menthol-42s",
    "brand": "Vicks",
    "name": "Vapodrop Butter Menthol",
    "imageUrl": "https://shop.coles.com.au/wcsstore/Coles-CAS/images/3/7/3/3734066-th.jpg",
    "categories": ["health-beauty"],
    "tags": ["medicinal", "cold-allergy"],
    "locations": {
      "vic": {
        "price": 6.8,
        "promoText": " ",
        "packageSize": "42 pack",
        "packagePrice": "$0.16 per 1Ea"
      }
    }
  },
  {
    "id": "vicks-vapodrops-anti-inflammatory-lemon-16pk",
    "brand": "Vicks",
    "name": "Vapodrops Anti Inflammatory Lemon",
    "imageUrl": "https://shop.coles.com.au/wcsstore/Coles-CAS/images/3/7/3/3733755-th.jpg",
    "categories": ["health-beauty"],
    "tags": ["medicinal", "cold-allergy"],
    "locations": {
      "vic": {
        "price": 8,
        "promoText": " ",
        "packageSize": "16 pack",
        "packagePrice": "$0.50 per 1Ea"
      }
    }
  },
  {
    "id": "clearwipe-",
    "brand": "Clearwipe",
    "name": "Lens Cleaner",
    "imageUrl": "https://shop.coles.com.au/wcsstore/Coles-CAS/images/3/4/3/3432588-th.jpg",
    "categories": ["health-beauty"],
    "tags": ["medicinal", "eye-care"],
    "locations": {
      "vic": {
        "price": 9.3,
        "promoText": " ",
        "packageSize": "60 pack",
        "packagePrice": "$0.16 per 1Ea"
      }
    }
  },
  {
    "id": "optrex-eye-drops-fresh",
    "brand": "Optrex",
    "name": "Refreshing Eye Drops",
    "imageUrl": "https://shop.coles.com.au/wcsstore/Coles-CAS/images/9/5/0/9505389-th.jpg",
    "categories": ["health-beauty"],
    "tags": ["medicinal", "eye-care"],
    "locations": {
      "vic": {
        "price": 7.3,
        "promoText": " ",
        "packageSize": "10mL",
        "packagePrice": "$73.00 per 100mL"
      }
    }
  },
  {
    "id": "optrex-eye-spray-actimist-2-in1-dry-irritated",
    "brand": "Optrex",
    "name": "Actimist 2 in1 Dry & Irritated Eye Spray",
    "imageUrl": "https://shop.coles.com.au/wcsstore/Coles-CAS/images/1/4/8/1485186-th.jpg",
    "categories": ["health-beauty"],
    "tags": ["medicinal", "eye-care"],
    "locations": {
      "vic": {
        "price": 20,
        "promoText": " ",
        "packageSize": "10mL",
        "packagePrice": "$200.00 per 100mL"
      }
    }
  },
  {
    "id": "coles-contact-lens-solution",
    "brand": "Coles",
    "name": "Contact Lens Solution",
    "imageUrl": "https://shop.coles.com.au/wcsstore/Coles-CAS/images/3/5/4/3540139-th.jpg",
    "categories": ["health-beauty"],
    "tags": ["medicinal", "eye-care"],
    "locations": {
      "vic": {
        "price": 11,
        "promoText": " ",
        "packageSize": "360mL",
        "packagePrice": "$3.06 per 100mL"
      }
    }
  },
  {
    "id": "murine-tears-for-eyes",
    "brand": "Murine",
    "name": "Tears For Eyes",
    "imageUrl": "https://shop.coles.com.au/wcsstore/Coles-CAS/images/5/4/0/5409770-th.jpg",
    "categories": ["health-beauty"],
    "tags": ["medicinal", "eye-care"],
    "locations": {
      "vic": {
        "price": 8.5,
        "promoText": " ",
        "packageSize": "15mL",
        "packagePrice": "$56.67 per 100mL"
      }
    }
  },
  {
    "id": "murine-relief-eye-drops",
    "brand": "Murine",
    "name": "Relief Eye Drops",
    "imageUrl": "https://shop.coles.com.au/wcsstore/Coles-CAS/images/1/9/7/197801-th.jpg",
    "categories": ["health-beauty"],
    "tags": ["medicinal", "eye-care"],
    "locations": {
      "vic": {
        "price": 8.5,
        "promoText": " ",
        "packageSize": "15mL",
        "packagePrice": "$56.67 per 100mL"
      }
    }
  },
  {
    "id": "murine-eye-mist",
    "brand": "Murine",
    "name": "Eye Mist",
    "imageUrl": "https://shop.coles.com.au/wcsstore/Coles-CAS/images/3/4/1/3415830-th.jpg",
    "categories": ["health-beauty"],
    "tags": ["medicinal", "eye-care"],
    "locations": {
      "vic": {
        "price": 13,
        "promoText": "Was $17.00 on Jun 2020 ",
        "packageSize": "15mL",
        "packagePrice": "$8.67 per 10mL"
      }
    }
  },
  {
    "id": "renu-value-pack",
    "brand": "Renu",
    "name": "Multi-Purpose Solution Value Pack",
    "imageUrl": "https://shop.coles.com.au/wcsstore/Coles-CAS/images/8/6/8/8685580-th.jpg",
    "categories": ["health-beauty"],
    "tags": ["medicinal", "eye-care"],
    "locations": {
      "vic": {
        "price": 21,
        "promoText": " ",
        "packageSize": "830mL",
        "packagePrice": "$2.53 per 100mL"
      }
    }
  },
  {
    "id": "renu-500ml-for-355ml-price-solution-tri-action",
    "brand": "Renu",
    "name": "Fresh Multi Purpose Solution Bausch + Lomb",
    "imageUrl": "https://shop.coles.com.au/wcsstore/Coles-CAS/images/7/4/9/7491126-th.jpg",
    "categories": ["health-beauty"],
    "tags": ["medicinal", "eye-care"],
    "locations": {
      "vic": {
        "price": 15,
        "promoText": " ",
        "packageSize": "500mL",
        "packagePrice": "$3.00 per 100mL"
      }
    }
  },
  {
    "id": "systane-ultra-lubricant-eye-drops",
    "brand": "Systane Ultra",
    "name": "Lubricant Eye Drops",
    "imageUrl": "https://shop.coles.com.au/wcsstore/Coles-CAS/images/8/7/0/8702599-th.jpg",
    "categories": ["health-beauty"],
    "tags": ["medicinal", "eye-care"],
    "locations": {
      "vic": {
        "price": 9.9,
        "promoText": " ",
        "packageSize": "10mL",
        "packagePrice": "$99.00 per 100mL"
      }
    }
  },
  {
    "id": "bepanthen-antiseptic-cream",
    "brand": "Bepanthen",
    "name": "Antiseptic Soothing Cream",
    "imageUrl": "https://shop.coles.com.au/wcsstore/Coles-CAS/images/9/1/5/9153780-th.jpg",
    "categories": ["health-beauty"],
    "tags": ["medicinal", "medicinal-oils-ointments"],
    "locations": {
      "vic": {
        "price": 9.9,
        "promoText": "$1.10 ",
        "packageSize": "100g",
        "packagePrice": "$9.90 per 100G"
      }
    }
  },
  {
    "id": "savlon-antiseptic-cream-197277p",
    "brand": "Savlon",
    "name": "Antiseptic Cream",
    "imageUrl": "https://shop.coles.com.au/wcsstore/Coles-CAS/images/1/9/7/197277-th.jpg",
    "categories": ["health-beauty"],
    "tags": ["medicinal", "medicinal-oils-ointments"],
    "locations": {
      "vic": {
        "price": 7.3,
        "promoText": " ",
        "packageSize": "75g",
        "packagePrice": "$9.73 per 100G"
      }
    }
  },
  {
    "id": "bosistos-spray-eucalyptus",
    "brand": "Bosisto's",
    "name": "Eucalyptus Spray",
    "imageUrl": "https://shop.coles.com.au/wcsstore/Coles-CAS/images/5/0/2/5025053-th.jpg",
    "categories": ["health-beauty"],
    "tags": ["medicinal", "medicinal-oils-ointments"],
    "locations": {
      "vic": {
        "price": 10,
        "promoText": " ",
        "packageSize": "200g",
        "packagePrice": "$5.00 per 100G"
      }
    }
  },
  {
    "id": "swisspers-pads-travel-make-up-round",
    "brand": "Swisspers",
    "name": "Round Travel Make Up Pads",
    "imageUrl": "https://shop.coles.com.au/wcsstore/Coles-CAS/images/6/5/4/6541127-th.jpg",
    "categories": ["health-beauty"],
    "tags": ["medicinal", "medicinal-oils-ointments"],
    "locations": {
      "vic": {
        "price": 1.5,
        "promoText": " ",
        "packageSize": "20 pack",
        "packagePrice": "$0.08 per 1Ea"
      }
    }
  },
  {
    "id": "bosistos-eucalyptus-solution",
    "brand": "Bosisto's",
    "name": "Eucalyptus Solution",
    "imageUrl": "https://shop.coles.com.au/wcsstore/Coles-CAS/images/1/2/1/1216162-th.jpg",
    "categories": ["health-beauty"],
    "tags": ["medicinal", "medicinal-oils-ointments"],
    "locations": {
      "vic": {
        "price": 13.5,
        "promoText": " ",
        "packageSize": "500mL",
        "packagePrice": "$2.70 per 100mL"
      }
    }
  },
  {
    "id": "palmers-lip-balm-stick",
    "brand": "Palmer's",
    "name": "Cocoa Butter Formula With Vitamin E Sunscreen Stick Lip Balm SPF15",
    "imageUrl": "https://shop.coles.com.au/wcsstore/Coles-CAS/images/6/1/0/6105329-th.jpg",
    "categories": ["health-beauty"],
    "tags": ["medicinal", "medicinal-oils-ointments"],
    "locations": {
      "vic": {
        "price": 4,
        "promoText": " ",
        "packageSize": "4g",
        "packagePrice": "$100.00 per 100G"
      }
    }
  },
  {
    "id": "bosistos-oil-eucalyptus-299539p",
    "brand": "Bosisto's",
    "name": "Eucalyptus Oil",
    "imageUrl": "https://shop.coles.com.au/wcsstore/Coles-CAS/images/2/9/9/299539-th.jpg",
    "categories": ["health-beauty"],
    "tags": ["medicinal", "medicinal-oils-ointments"],
    "locations": {
      "vic": {
        "price": 6,
        "promoText": " ",
        "packageSize": "50mL",
        "packagePrice": "$12.00 per 100mL"
      }
    }
  },
  {
    "id": "bosistos-eucalyptus-oil-3280140p",
    "brand": "Bosisto's",
    "name": "Eucalyptus Oil",
    "imageUrl": "https://shop.coles.com.au/wcsstore/Coles-CAS/images/3/2/8/3280140-th.jpg",
    "categories": ["health-beauty"],
    "tags": ["medicinal", "medicinal-oils-ointments"],
    "locations": {
      "vic": {
        "price": 17,
        "promoText": " ",
        "packageSize": "175mL",
        "packagePrice": "$9.71 per 100mL"
      }
    }
  },
  {
    "id": "bosisto-s-swet-almond-body-oil-100ml",
    "brand": "Bosisto's",
    "name": "Sweet Almond Body Oil",
    "imageUrl": "https://shop.coles.com.au/wcsstore/Coles-CAS/images/3/7/3/3734361-th.jpg",
    "categories": ["health-beauty"],
    "tags": ["medicinal", "medicinal-oils-ointments"],
    "locations": {
      "vic": {
        "price": 10,
        "promoText": " ",
        "packageSize": "100mL",
        "packagePrice": "$10.00 per 100mL"
      }
    }
  },
  {
    "id": "coles-eucalyptus-oil-175ml",
    "brand": "Coles",
    "name": "Eucalyptus Oil",
    "imageUrl": "https://shop.coles.com.au/wcsstore/Coles-CAS/images/3/6/5/3653372-th.jpg",
    "categories": ["health-beauty"],
    "tags": ["medicinal", "medicinal-oils-ointments"],
    "locations": {
      "vic": {
        "price": 14,
        "promoText": " ",
        "packageSize": "175mL",
        "packagePrice": "$8.00 per 100mL"
      }
    }
  },
  {
    "id": "fauldings-calamine-lotion",
    "brand": "Sanofi",
    "name": "Calamine Lotion",
    "imageUrl": "https://shop.coles.com.au/wcsstore/Coles-CAS/images/2/4/4/244231-th.jpg",
    "categories": ["health-beauty"],
    "tags": ["medicinal", "medicinal-oils-ointments"],
    "locations": {
      "vic": {
        "price": 4.8,
        "promoText": " ",
        "packageSize": "200mL",
        "packagePrice": "$2.40 per 100mL"
      }
    }
  },
  {
    "id": "sudocream-healing-cream",
    "brand": "Sudocrem",
    "name": "Healing Cream",
    "imageUrl": "https://shop.coles.com.au/wcsstore/Coles-CAS/images/1/2/2/1223419-th.jpg",
    "categories": ["health-beauty"],
    "tags": ["medicinal", "medicinal-oils-ointments"],
    "locations": {
      "vic": {
        "price": 5,
        "promoText": " ",
        "packageSize": "30g",
        "packagePrice": "$16.67 per 100G"
      }
    }
  },
  {
    "id": "bosistos-stress-oil",
    "brand": "Bosisto's",
    "name": "Stress Pure Essential Oils",
    "imageUrl": "https://shop.coles.com.au/wcsstore/Coles-CAS/images/3/4/1/3411464-th.jpg",
    "categories": ["health-beauty"],
    "tags": ["medicinal", "medicinal-oils-ointments"],
    "locations": {
      "vic": {
        "price": 17,
        "promoText": " ",
        "packageSize": "15mL",
        "packagePrice": "$1.13 per 1mL"
      }
    }
  },
  {
    "id": "bosistos-sleep-oil",
    "brand": "Bosisto's",
    "name": "Sleep Pure Essential Oil",
    "imageUrl": "https://shop.coles.com.au/wcsstore/Coles-CAS/images/3/4/1/3411453-th.jpg",
    "categories": ["health-beauty"],
    "tags": ["medicinal", "medicinal-oils-ointments"],
    "locations": {
      "vic": {
        "price": 17,
        "promoText": " ",
        "packageSize": "15mL",
        "packagePrice": "$113.34 per 100mL"
      }
    }
  },
  {
    "id": "canesten-athletes-foot-cream",
    "brand": "Canesten",
    "name": "Athlete's Foot Cream",
    "imageUrl": "https://shop.coles.com.au/wcsstore/Coles-CAS/images/6/5/9/6591522-th.jpg",
    "categories": ["health-beauty"],
    "tags": ["medicinal", "medicinal-oils-ointments"],
    "locations": {
      "vic": {
        "price": 14,
        "promoText": " ",
        "packageSize": "50g",
        "packagePrice": "$28.00 per 100G"
      }
    }
  },
  {
    "id": "coles-tea-tree-oil-20-solution",
    "brand": "Coles",
    "name": "Tea Tree Oil",
    "imageUrl": "https://shop.coles.com.au/wcsstore/Coles-CAS/images/2/8/4/2845924-th.jpg",
    "categories": ["health-beauty"],
    "tags": ["medicinal", "medicinal-oils-ointments"],
    "locations": {
      "vic": {
        "price": 7,
        "promoText": " ",
        "packageSize": "200mL",
        "packagePrice": "$3.50 per 100mL"
      }
    }
  },
  {
    "id": "eureka-eucalyptus-water-soluble-solution",
    "brand": "Eureka",
    "name": "Eucalyptus Soluble Solution Water",
    "imageUrl": "https://shop.coles.com.au/wcsstore/Coles-CAS/images/3/4/1/3414666-th.jpg",
    "categories": ["health-beauty"],
    "tags": ["medicinal", "medicinal-oils-ointments"],
    "locations": {
      "vic": {
        "price": 6.4,
        "promoText": " ",
        "packageSize": "200mL",
        "packagePrice": "$3.20 per 100mL"
      }
    }
  },
  {
    "id": "eureka-tea-water-soluble-solution",
    "brand": "Eureka",
    "name": "Tea Tree Water Soluble Solution",
    "imageUrl": "https://shop.coles.com.au/wcsstore/Coles-CAS/images/3/4/1/3414768-th.jpg",
    "categories": ["health-beauty"],
    "tags": ["medicinal", "medicinal-oils-ointments"],
    "locations": {
      "vic": {
        "price": 8.5,
        "promoText": " ",
        "packageSize": "200mL",
        "packagePrice": "$4.25 per 100mL"
      }
    }
  },
  {
    "id": "eureka-lavender-water-soluble-solution",
    "brand": "Eureka",
    "name": "Lavender Soluble Solution Water",
    "imageUrl": "https://shop.coles.com.au/wcsstore/Coles-CAS/images/3/4/1/3414746-th.jpg",
    "categories": ["health-beauty"],
    "tags": ["medicinal", "medicinal-oils-ointments"],
    "locations": {
      "vic": {
        "price": 9,
        "promoText": " ",
        "packageSize": "100mL",
        "packagePrice": "$9.00 per 100mL"
      }
    }
  },
  {
    "id": "eureka-eucalyptus-water-soluable-solution",
    "brand": "Eureka",
    "name": "Eucalyptus Water Soluble Solution",
    "imageUrl": "https://shop.coles.com.au/wcsstore/Coles-CAS/images/1/7/4/1746031-th.jpg",
    "categories": ["health-beauty"],
    "tags": ["medicinal", "medicinal-oils-ointments"],
    "locations": {
      "vic": {
        "price": 12.5,
        "promoText": " ",
        "packageSize": "500mL",
        "packagePrice": "$2.50 per 100mL"
      }
    }
  },
  {
    "id": "four-seasons-massage-oil",
    "brand": "Four Seasons",
    "name": "Massage Oil",
    "imageUrl": "https://shop.coles.com.au/wcsstore/Coles-CAS/images/9/7/3/9738161-th.jpg",
    "categories": ["health-beauty"],
    "tags": ["medicinal", "medicinal-oils-ointments"],
    "locations": {
      "vic": {
        "price": 7.2,
        "promoText": " ",
        "packageSize": "150mL",
        "packagePrice": "$4.80 per 100mL"
      }
    }
  },
  {
    "id": "nivea-face-wipes-mini",
    "brand": "Nivea",
    "name": "Daily Essentials Refreshing Face Cleansing Wipes for Normal Skin + Vitamin E",
    "imageUrl": "https://shop.coles.com.au/wcsstore/Coles-CAS/images/3/4/5/3450692-th.jpg",
    "categories": ["health-beauty"],
    "tags": ["medicinal", "medicinal-oils-ointments"],
    "locations": {
      "vic": {
        "price": 2.5,
        "promoText": " ",
        "packageSize": "7 pack",
        "packagePrice": "$0.36 per 1Ea"
      }
    }
  },
  {
    "id": "oil-garden-slep-oil-12ml",
    "brand": "Oil Garden",
    "name": "Sleep Oil",
    "imageUrl": "https://shop.coles.com.au/wcsstore/Coles-CAS/images/3/7/4/3740954-th.jpg",
    "categories": ["health-beauty"],
    "tags": ["medicinal", "medicinal-oils-ointments"],
    "locations": {
      "vic": {
        "price": 17,
        "promoText": " ",
        "packageSize": "12mL",
        "packagePrice": "$141.67 per 100mL"
      }
    }
  },
  {
    "id": "oil-garden-stress-oil-12ml",
    "brand": "Oil Garden",
    "name": "Stress Oil",
    "imageUrl": "https://shop.coles.com.au/wcsstore/Coles-CAS/images/3/7/4/3740921-th.jpg",
    "categories": ["health-beauty"],
    "tags": ["medicinal", "medicinal-oils-ointments"],
    "locations": {
      "vic": {
        "price": 17,
        "promoText": " ",
        "packageSize": "12mL",
        "packagePrice": "$141.67 per 100mL"
      }
    }
  },
  {
    "id": "palmers-coco-butter-with-vitamin-e",
    "brand": "Palmer's",
    "name": "Cocoa Butter Formula With Vitamin E",
    "imageUrl": "https://shop.coles.com.au/wcsstore/Coles-CAS/images/5/9/6/5968330-th.jpg",
    "categories": ["health-beauty"],
    "tags": ["medicinal", "medicinal-oils-ointments"],
    "locations": {
      "vic": {
        "price": 3,
        "promoText": " ",
        "packageSize": "50mL",
        "packagePrice": "$6.00 per 100mL"
      }
    }
  },
  {
    "id": "fauldings-glycerine",
    "brand": "Sanofi",
    "name": "Glycerine",
    "imageUrl": "https://shop.coles.com.au/wcsstore/Coles-CAS/images/9/4/3/9436333-th.jpg",
    "categories": ["health-beauty"],
    "tags": ["medicinal", "medicinal-oils-ointments"],
    "locations": {
      "vic": {
        "price": 9,
        "promoText": " ",
        "packageSize": "200mL",
        "packagePrice": "$4.50 per 100mL"
      }
    }
  },
  {
    "id": "scholl-corn-pad-hard-removal",
    "brand": "Scholl",
    "name": "Corn Removal Pads",
    "imageUrl": "https://shop.coles.com.au/wcsstore/Coles-CAS/images/5/1/5/5158160-th.jpg",
    "categories": ["health-beauty"],
    "tags": ["medicinal", "medicinal-oils-ointments"],
    "locations": {
      "vic": {
        "price": 10,
        "promoText": " ",
        "packageSize": "9 pack",
        "packagePrice": "$10.00 per 1Ea"
      }
    }
  },
  {
    "id": "choll-corn-rem-plasters-waterproof",
    "brand": "Scholl",
    "name": "Corn Removal Waterproof Plasters",
    "imageUrl": "https://shop.coles.com.au/wcsstore/Coles-CAS/images/8/6/9/8691277-th.jpg",
    "categories": ["health-beauty"],
    "tags": ["medicinal", "medicinal-oils-ointments"],
    "locations": {
      "vic": {
        "price": 9.5,
        "promoText": " ",
        "packageSize": "8 pack",
        "packagePrice": "$1.19 per 1Ea"
      }
    }
  },
  {
    "id": "scholl-velvet-smooth-express-pedi",
    "brand": "Scholl",
    "name": "Velvet Smooth Express Pedi",
    "imageUrl": "https://shop.coles.com.au/wcsstore/Coles-CAS/images/1/7/4/1744910-th.jpg",
    "categories": ["health-beauty"],
    "tags": ["medicinal", "medicinal-oils-ointments"],
    "locations": {
      "vic": {
        "price": 35,
        "promoText": "Was $55.00 on May 2020 ",
        "packageSize": "1 pack",
        "packagePrice": "$35.00 per 1Ea"
      }
    }
  },
  {
    "id": "scholl-wart-remover-waterproof",
    "brand": "Scholl",
    "name": "Waterproof Wart Remover",
    "imageUrl": "https://shop.coles.com.au/wcsstore/Coles-CAS/images/1/7/5/1757151-th.jpg",
    "categories": ["health-beauty"],
    "tags": ["medicinal", "medicinal-oils-ointments"],
    "locations": {
      "vic": {
        "price": 15.95,
        "promoText": " ",
        "packageSize": "15 pack",
        "packagePrice": "$15.95 per 1Ea"
      }
    }
  },
  {
    "id": "scholl-callus-removal-pads-3734168p",
    "brand": "Scholl",
    "name": "Callus Removal Pads",
    "imageUrl": "https://shop.coles.com.au/wcsstore/Coles-CAS/images/3/7/3/3734168-th.jpg",
    "categories": ["health-beauty"],
    "tags": ["medicinal", "medicinal-oils-ointments"],
    "locations": {
      "vic": {
        "price": 11,
        "promoText": " ",
        "packageSize": "4 pack",
        "packagePrice": "$2.75 per 1Ea"
      }
    }
  },
  {
    "id": "st-ives-apricot-scrub-invigorating",
    "brand": "St.Ives",
    "name": "Blemish Control Face Apricot Scrub",
    "imageUrl": "https://shop.coles.com.au/wcsstore/Coles-CAS/images/6/4/8/6486288-th.jpg",
    "categories": ["health-beauty"],
    "tags": ["medicinal", "medicinal-oils-ointments"],
    "locations": {
      "vic": {
        "price": 4,
        "promoText": " ",
        "packageSize": "30mL",
        "packagePrice": "$13.33 per 100G"
      }
    }
  },
  {
    "id": "thursday-plantation-oil-lavender-100%25",
    "brand": "Thursday Plantation",
    "name": "Oil Lavender 100%",
    "imageUrl": "https://shop.coles.com.au/wcsstore/Coles-CAS/images/1/2/1/1216173-th.jpg",
    "categories": ["health-beauty"],
    "tags": ["medicinal", "medicinal-oils-ointments"],
    "locations": {
      "vic": {
        "price": 17,
        "promoText": " ",
        "packageSize": "50mL",
        "packagePrice": "$34.00 per 100mL"
      }
    }
  },
  {
    "id": "thursday-plantation-tea-tree-oil",
    "brand": "Thursday Plantation",
    "name": "Tea Tree Oil",
    "imageUrl": "https://shop.coles.com.au/wcsstore/Coles-CAS/images/1/7/4/1745902-th.jpg",
    "categories": ["health-beauty"],
    "tags": ["medicinal", "medicinal-oils-ointments"],
    "locations": {
      "vic": {
        "price": 16.5,
        "promoText": " ",
        "packageSize": "50mL",
        "packagePrice": "$33.00 per 100mL"
      }
    }
  },
  {
    "id": "thursday-plantation-tea-tree-spray-2868464p",
    "brand": "Thursday Plantation",
    "name": "Tea Tree Spray",
    "imageUrl": "https://shop.coles.com.au/wcsstore/Coles-CAS/images/2/8/6/2868464-th.jpg",
    "categories": ["health-beauty"],
    "tags": ["medicinal", "medicinal-oils-ointments"],
    "locations": {
      "vic": {
        "price": 14.5,
        "promoText": " ",
        "packageSize": "140g",
        "packagePrice": "$10.36 per 100G"
      }
    }
  },
  {
    "id": "thursday-plantation-lavender-spray",
    "brand": "Thursday Plantation",
    "name": "Lavender Spray",
    "imageUrl": "https://shop.coles.com.au/wcsstore/Coles-CAS/images/2/8/6/2868475-th.jpg",
    "categories": ["health-beauty"],
    "tags": ["medicinal", "medicinal-oils-ointments"],
    "locations": {
      "vic": {
        "price": 14.5,
        "promoText": " ",
        "packageSize": "140g",
        "packagePrice": "$10.36 per 100G"
      }
    }
  },
  {
    "id": "thursday-plantation-peppermint-oil",
    "brand": "Thursday Plantation",
    "name": "Peppermint Oil",
    "imageUrl": "https://shop.coles.com.au/wcsstore/Coles-CAS/images/3/1/6/3164252-th.jpg",
    "categories": ["health-beauty"],
    "tags": ["medicinal", "medicinal-oils-ointments"],
    "locations": {
      "vic": {
        "price": 13,
        "promoText": " ",
        "packageSize": "25mL",
        "packagePrice": "$52.00 per 100mL"
      }
    }
  },
  {
    "id": "thursday-plantation-calming-sleep-lavndr-oil",
    "brand": "Thursday Plantation",
    "name": "Sleep Support & Calming Lavender Oil Roll-On",
    "imageUrl": "https://shop.coles.com.au/wcsstore/Coles-CAS/images/3/4/1/3414145-th.jpg",
    "categories": ["health-beauty"],
    "tags": ["medicinal", "medicinal-oils-ointments"],
    "locations": {
      "vic": {
        "price": 20,
        "promoText": " ",
        "packageSize": "9mL",
        "packagePrice": "$222.25 per 100mL"
      }
    }
  },
  {
    "id": "vaseline-intense-care-dry-skin-moisturiser",
    "brand": "Vaseline",
    "name": "Deep Restore Body Lotion",
    "imageUrl": "https://shop.coles.com.au/wcsstore/Coles-CAS/images/6/4/9/6491109-th.jpg",
    "categories": ["health-beauty"],
    "tags": ["medicinal", "medicinal-oils-ointments"],
    "locations": {
      "vic": {
        "price": 3.5,
        "promoText": " ",
        "packageSize": "35mL",
        "packagePrice": "$10.00 per 100mL"
      }
    }
  },
  {
    "id": "panadol-caplets-rapid-20-pack",
    "brand": "Panadol",
    "name": "Rapid Caplets for Pain Relief Paracetamol 500mg",
    "imageUrl": "https://shop.coles.com.au/wcsstore/Coles-CAS/images/1/4/8/1488300-th.jpg",
    "categories": ["health-beauty"],
    "tags": ["medicinal", "pain-relief"],
    "locations": {
      "vic": {
        "price": 5.5,
        "promoText": " ",
        "packageSize": "20 pack",
        "packagePrice": "$0.28 per 1Ea"
      }
    }
  },
  {
    "id": "panadol-optizorb-caplets",
    "brand": "Panadol",
    "name": "Optizorb Paracetamol Pain Relief Caplets",
    "imageUrl": "https://shop.coles.com.au/wcsstore/Coles-CAS/images/1/4/8/1486043-th.jpg",
    "categories": ["health-beauty"],
    "tags": ["medicinal", "pain-relief"],
    "locations": {
      "vic": {
        "price": 4.2,
        "promoText": " ",
        "packageSize": "20 pack",
        "packagePrice": "$0.21 per 1Ea"
      }
    }
  },
  {
    "id": "nurofen-zavance-tablets",
    "brand": "Nurofen",
    "name": "Zavance Tablets",
    "imageUrl": "https://shop.coles.com.au/wcsstore/Coles-CAS/images/6/8/4/6841110-th.jpg",
    "categories": ["health-beauty"],
    "tags": ["medicinal", "pain-relief"],
    "locations": {
      "vic": {
        "price": 7,
        "promoText": "Was $7.50 on Nov 2019 ",
        "packageSize": "24 pack",
        "packagePrice": "$0.29 per 1Ea"
      }
    }
  },
  {
    "id": "nurofen-zavance-liquid-capsules",
    "brand": "Nurofen",
    "name": "Zavance Fast Pain Relief Liquid Capsules 200mg Ibuprofen",
    "imageUrl": "https://shop.coles.com.au/wcsstore/Coles-CAS/images/7/2/7/7273136-th.jpg",
    "categories": ["health-beauty"],
    "tags": ["medicinal", "pain-relief"],
    "locations": {
      "vic": {
        "price": 7,
        "promoText": " ",
        "packageSize": "20 pack",
        "packagePrice": "$0.35 per 1Ea"
      }
    }
  },
  {
    "id": "nurofen-ibuprofen-tablets",
    "brand": "Nurofen",
    "name": "Pain And Inflammation Relief Tablets 200mg Ibuprofen",
    "imageUrl": "https://shop.coles.com.au/wcsstore/Coles-CAS/images/9/6/7/9677985-th.jpg",
    "categories": ["health-beauty"],
    "tags": ["medicinal", "pain-relief"],
    "locations": {
      "vic": {
        "price": 5.9,
        "promoText": " ",
        "packageSize": "24 pack",
        "packagePrice": "$0.25 per 1Ea"
      }
    }
  },
  {
    "id": "coles-tablets-ibuprofen",
    "brand": "Coles",
    "name": "Ibuprofen Tablets 200mg",
    "imageUrl": "https://shop.coles.com.au/wcsstore/Coles-CAS/images/6/1/8/6181702-th.jpg",
    "categories": ["health-beauty"],
    "tags": ["medicinal", "pain-relief"],
    "locations": {
      "vic": {
        "price": 1.55,
        "promoText": " ",
        "packageSize": "24 pack",
        "packagePrice": "$0.06 per 1Ea"
      }
    }
  },
  {
    "id": "coles-paracetamol-caplets",
    "brand": "Coles",
    "name": "Paracetamol 500mg 20 Tablets",
    "imageUrl": "https://shop.coles.com.au/wcsstore/Coles-CAS/images/1/4/8/1483920-th.jpg",
    "categories": ["health-beauty"],
    "tags": ["medicinal", "pain-relief"],
    "locations": {
      "vic": {
        "price": 0.7,
        "promoText": " ",
        "packageSize": "1 pack",
        "packagePrice": "$0.70 per 1Ea"
      }
    }
  },
  {
    "id": "panadol-tablets-20-pack",
    "brand": "Panadol",
    "name": "Paracetamol Pain Relief Tablets",
    "imageUrl": "https://shop.coles.com.au/wcsstore/Coles-CAS/images/1/4/8/1486065-th.jpg",
    "categories": ["health-beauty"],
    "tags": ["medicinal", "pain-relief"],
    "locations": {
      "vic": {
        "price": 3.7,
        "promoText": " ",
        "packageSize": "20 pack",
        "packagePrice": "$0.19 per 1Ea"
      }
    }
  },
  {
    "id": "aspro-clear-regular-strength",
    "brand": "Aspro Clear",
    "name": "Pain Relief 24 Soluble Tablets",
    "imageUrl": "https://shop.coles.com.au/wcsstore/Coles-CAS/images/6/9/8/6980976-th.jpg",
    "categories": ["health-beauty"],
    "tags": ["medicinal", "pain-relief"],
    "locations": {
      "vic": {
        "price": 5,
        "promoText": " ",
        "packageSize": "1 Pack",
        "packagePrice": "$5.00 per 1Ea"
      }
    }
  },
  {
    "id": "panadol-optizorb-tablets",
    "brand": "Panadol",
    "name": "Optizorb Paracetamol Pain Relief Tablets",
    "imageUrl": "https://shop.coles.com.au/wcsstore/Coles-CAS/images/9/1/3/9134108-th.jpg",
    "categories": ["health-beauty"],
    "tags": ["medicinal", "pain-relief"],
    "locations": {
      "vic": {
        "price": 3.1,
        "promoText": " ",
        "packageSize": "12 pack",
        "packagePrice": "$0.26 per 1Ea"
      }
    }
  },
  {
    "id": "panadol-rapid-soluble-tablets",
    "brand": "Panadol",
    "name": "Rapid Soluble Tablets for Pain Relief Paracetamol 500mg",
    "imageUrl": "https://shop.coles.com.au/wcsstore/Coles-CAS/images/5/2/1/5216823-th.jpg",
    "categories": ["health-beauty"],
    "tags": ["medicinal", "pain-relief"],
    "locations": {
      "vic": {
        "price": 5.5,
        "promoText": " ",
        "packageSize": "20 pack",
        "packagePrice": "$0.28 per 1Ea"
      }
    }
  },
  {
    "id": "panadol-extra-optizorb-tablets",
    "brand": "Panadol",
    "name": "Extra with Optizorb Paracetamol Pain Relief Caplets",
    "imageUrl": "https://shop.coles.com.au/wcsstore/Coles-CAS/images/3/0/8/3084211-th.jpg",
    "categories": ["health-beauty"],
    "tags": ["medicinal", "pain-relief"],
    "locations": {
      "vic": {
        "price": 5.8,
        "promoText": "$1.40 ",
        "packageSize": "20 pack",
        "packagePrice": "$0.29 per 1Ea"
      }
    }
  },
  {
    "id": "advil-ibuprofen-liquid-capsules",
    "brand": "Advil",
    "name": "Ibuprofen Liquid Capsules",
    "imageUrl": "https://shop.coles.com.au/wcsstore/Coles-CAS/images/9/6/7/9677715-th.jpg",
    "categories": ["health-beauty"],
    "tags": ["medicinal", "pain-relief"],
    "locations": {
      "vic": {
        "price": 4.5,
        "promoText": "$0.50 ",
        "packageSize": "20 pack",
        "packagePrice": "$0.23 per 1Ea"
      }
    }
  },
  {
    "id": "aspro-clear-extra-stength",
    "brand": "Aspro Clear",
    "name": "Extra Strength Pain Relief 16 Soluble Tablets",
    "imageUrl": "https://shop.coles.com.au/wcsstore/Coles-CAS/images/9/2/1/9219175-th.jpg",
    "categories": ["health-beauty"],
    "tags": ["medicinal", "pain-relief"],
    "locations": {
      "vic": {
        "price": 5,
        "promoText": " ",
        "packageSize": "1 Pack",
        "packagePrice": "$5.00 per 1Ea"
      }
    }
  },
  {
    "id": "coles-fast-absorb-capsules-gel-ibuprofen",
    "brand": "Coles",
    "name": "Ibuprofen Soft Gel Capsules",
    "imageUrl": "https://shop.coles.com.au/wcsstore/Coles-CAS/images/2/8/4/2843260-th.jpg",
    "categories": ["health-beauty"],
    "tags": ["medicinal", "pain-relief"],
    "locations": {
      "vic": {
        "price": 2.6,
        "promoText": " ",
        "packageSize": "20 pack",
        "packagePrice": "$0.13 per 1Ea"
      }
    }
  },
  {
    "id": "coles-paracetamol-hard-gel-capsules",
    "brand": "Coles",
    "name": "Paracetamol Hard Gel Capsules 500mg",
    "imageUrl": "https://shop.coles.com.au/wcsstore/Coles-CAS/images/3/1/5/3151035-th.jpg",
    "categories": ["health-beauty"],
    "tags": ["medicinal", "pain-relief"],
    "locations": {
      "vic": {
        "price": 1.25,
        "promoText": " ",
        "packageSize": "20 pack",
        "packagePrice": "$0.06 per 1Ea"
      }
    }
  },
  {
    "id": "coles-ibuprofen-mini-capsules-bottle",
    "brand": "Coles",
    "name": "Ibuprofen Mini Capsules Bottle",
    "imageUrl": "https://shop.coles.com.au/wcsstore/Coles-CAS/images/3/4/1/3417937-th.jpg",
    "categories": ["health-beauty"],
    "tags": ["medicinal", "pain-relief"],
    "locations": {
      "vic": {
        "price": 3.5,
        "promoText": " ",
        "packageSize": "25 pack",
        "packagePrice": "$0.14 per 1Ea"
      }
    }
  },
  {
    "id": "coles-paracetamol-caplet-bottle",
    "brand": "Coles",
    "name": "Paracetamol Caplet Bottles",
    "imageUrl": "https://shop.coles.com.au/wcsstore/Coles-CAS/images/3/4/1/3418474-th.jpg",
    "categories": ["health-beauty"],
    "tags": ["medicinal", "pain-relief"],
    "locations": {
      "vic": {
        "price": 2.5,
        "promoText": " ",
        "packageSize": "20 pack",
        "packagePrice": "$0.13 per 1Ea"
      }
    }
  },
  {
    "id": "nurofen-zavance-liqiud-capsules",
    "brand": "Nurofen",
    "name": "Zavance Ibuprofen 200mg Liquid Capsules",
    "imageUrl": "https://shop.coles.com.au/wcsstore/Coles-CAS/images/7/2/7/7273205-th.jpg",
    "categories": ["health-beauty"],
    "tags": ["medicinal", "pain-relief"],
    "locations": {
      "vic": {
        "price": 4.7,
        "promoText": " ",
        "packageSize": "10 pack",
        "packagePrice": "$0.47 per 1Ea"
      }
    }
  },
  {
    "id": "panadol-tablets-optizorb-20-pack",
    "brand": "Panadol",
    "name": "Optizorb Paracetamol Pain Relief Tablets",
    "imageUrl": "https://shop.coles.com.au/wcsstore/Coles-CAS/images/1/4/8/1486054-th.jpg",
    "categories": ["health-beauty"],
    "tags": ["medicinal", "pain-relief"],
    "locations": {
      "vic": {
        "price": 4.2,
        "promoText": " ",
        "packageSize": "20 pack",
        "packagePrice": "$0.21 per 1Ea"
      }
    }
  },
  {
    "id": "advil-analgesics-tablet-regular-24s",
    "brand": "Advil",
    "name": "Ibuprofen Regular Tablets",
    "imageUrl": "https://shop.coles.com.au/wcsstore/Coles-CAS/images/4/5/1/4515126-th.jpg",
    "categories": ["health-beauty"],
    "tags": ["medicinal", "pain-relief"],
    "locations": {
      "vic": {
        "price": 4.5,
        "promoText": " ",
        "packageSize": "24 pack",
        "packagePrice": "$0.19 per 1Ea"
      }
    }
  },
  {
    "id": "coles-tablets-aspirin-300mg",
    "brand": "Coles",
    "name": "Aspirin Tablets 300mg",
    "imageUrl": "https://shop.coles.com.au/wcsstore/Coles-CAS/images/6/1/8/6181724-th.jpg",
    "categories": ["health-beauty"],
    "tags": ["medicinal", "pain-relief"],
    "locations": {
      "vic": {
        "price": 0.95,
        "promoText": " ",
        "packageSize": "24 pack",
        "packagePrice": "$0.04 per 1Ea"
      }
    }
  },
  {
    "id": "coles-rapid-tablets-ibuprofen",
    "brand": "Coles",
    "name": "Rapid Tablets Ibuprofen",
    "imageUrl": "https://shop.coles.com.au/wcsstore/Coles-CAS/images/2/8/4/2843292-th.jpg",
    "categories": ["health-beauty"],
    "tags": ["medicinal", "pain-relief"],
    "locations": {
      "vic": {
        "price": 5.9,
        "promoText": " ",
        "packageSize": "24pack",
        "packagePrice": "$0.25 per 1Ea"
      }
    }
  },
  {
    "id": "herron-tabsules-gold-paracetamol-bottle",
    "brand": "Herron",
    "name": "Gold Paracetamol Tabsules Bottle",
    "imageUrl": "https://shop.coles.com.au/wcsstore/Coles-CAS/images/1/4/8/1486021-th.jpg",
    "categories": ["health-beauty"],
    "tags": ["medicinal", "pain-relief"],
    "locations": {
      "vic": {
        "price": 2.75,
        "promoText": "$0.85 ",
        "packageSize": "20 pack",
        "packagePrice": "$2.75 per 1Ea"
      }
    }
  },
  {
    "id": "nurofen-zavance-caplets",
    "brand": "Nurofen",
    "name": "Zavance Fast Pain Relief Caplets 256mg Ibuprofen",
    "imageUrl": "https://shop.coles.com.au/wcsstore/Coles-CAS/images/6/8/4/6841131-th.jpg",
    "categories": ["health-beauty"],
    "tags": ["medicinal", "pain-relief"],
    "locations": {
      "vic": {
        "price": 7,
        "promoText": "Was $7.50 on Nov 2019 ",
        "packageSize": "24 pack",
        "packagePrice": "$0.29 per 1Ea"
      }
    }
  },
  {
    "id": "nurofen-children-7-100mg-orange-chewable-capsules",
    "brand": "Nurofen",
    "name": "For Children 7and Pain and Fever Relief Chewable Tablets 100mg Ibuprofen Orange",
    "imageUrl": "https://shop.coles.com.au/wcsstore/Coles-CAS/images/2/8/1/2818590-th.jpg",
    "categories": ["health-beauty"],
    "tags": ["medicinal", "pain-relief"],
    "locations": {
      "vic": {
        "price": 10,
        "promoText": " ",
        "packageSize": "12 pack",
        "packagePrice": "$0.83 per 1Ea"
      }
    }
  },
  {
    "id": "panadol-rapid-caplets",
    "brand": "Panadol",
    "name": "Rapid Caplets for Pain Relief Paracetamol 500mg",
    "imageUrl": "https://shop.coles.com.au/wcsstore/Coles-CAS/images/9/3/8/9389335-th.jpg",
    "categories": ["health-beauty"],
    "tags": ["medicinal", "pain-relief"],
    "locations": {
      "vic": {
        "price": 3.3,
        "promoText": " ",
        "packageSize": "10 pack",
        "packagePrice": "$0.33 per 1Ea"
      }
    }
  },
  {
    "id": "panadol-capsules-mini-20-pack",
    "brand": "Panadol",
    "name": "Mini Caps for Pain Relief Paracetamol 500mg",
    "imageUrl": "https://shop.coles.com.au/wcsstore/Coles-CAS/images/1/4/8/1486032-th.jpg",
    "categories": ["health-beauty"],
    "tags": ["medicinal", "pain-relief"],
    "locations": {
      "vic": {
        "price": 4.2,
        "promoText": " ",
        "packageSize": "20 pack",
        "packagePrice": "$0.21 per 1Ea"
      }
    }
  },
  {
    "id": "advil-rapid-release-tablet",
    "brand": "Advil",
    "name": "Rapid Release Tablets",
    "imageUrl": "https://shop.coles.com.au/wcsstore/Coles-CAS/images/3/1/6/3169664-th.jpg",
    "categories": ["health-beauty"],
    "tags": ["medicinal", "pain-relief"],
    "locations": {
      "vic": {
        "price": 6,
        "promoText": " ",
        "packageSize": "24 pack",
        "packagePrice": "$0.25 per 1Ea"
      }
    }
  },
  {
    "id": "advil-children-pain-fever-relief-ibuprofen",
    "brand": "Advil",
    "name": "Children Pain & Fever Relief Ibuprofen",
    "imageUrl": "https://shop.coles.com.au/wcsstore/Coles-CAS/images/3/7/3/3734601-th.jpg",
    "categories": ["health-beauty"],
    "tags": ["medicinal", "pain-relief"],
    "locations": {
      "vic": {
        "price": 9,
        "promoText": " ",
        "packageSize": "20 pack",
        "packagePrice": "$0.45 per 1Ea"
      }
    }
  },
  {
    "id": "bonjela-mouth-ulcer-gel",
    "brand": "Bonjela",
    "name": "Mouth Ulcer and Teething Gel 87mg/g Choline Salicylate",
    "imageUrl": "https://shop.coles.com.au/wcsstore/Coles-CAS/images/4/9/3/4937070-th.jpg",
    "categories": ["health-beauty"],
    "tags": ["medicinal", "pain-relief"],
    "locations": {
      "vic": {
        "price": 9.4,
        "promoText": " ",
        "packageSize": "15g",
        "packagePrice": "$62.67 per 100mL"
      }
    }
  },
  {
    "id": "coles-low-dose-enteric-coated-aspirin-tabs-100mg",
    "brand": "Coles",
    "name": "Low Dose Enteric Coated Aspirin 100mg 28 Tablets",
    "imageUrl": "https://shop.coles.com.au/wcsstore/Coles-CAS/images/2/8/4/2843306-th.jpg",
    "categories": ["health-beauty"],
    "tags": ["medicinal", "pain-relief"],
    "locations": {
      "vic": {
        "price": 3,
        "promoText": " ",
        "packageSize": "1 pack",
        "packagePrice": "$3.00 per 1Ea"
      }
    }
  },
  {
    "id": "disprin-tablets-extra-strength",
    "brand": "Disprin",
    "name": "Max Pain Relief Dispersible Tablets 500mg Aspirin",
    "imageUrl": "https://shop.coles.com.au/wcsstore/Coles-CAS/images/5/6/1/5615818-th.jpg",
    "categories": ["health-beauty"],
    "tags": ["medicinal", "pain-relief"],
    "locations": {
      "vic": {
        "price": 4.5,
        "promoText": " ",
        "packageSize": "16 pack",
        "packagePrice": "$0.28 per 1Ea"
      }
    }
  },
  {
    "id": "disprin-tablets-dispersable",
    "brand": "Disprin",
    "name": "Original Fast and Effective Dispersible Tablets 300mg Aspirin",
    "imageUrl": "https://shop.coles.com.au/wcsstore/Coles-CAS/images/1/0/2/102565-th.jpg",
    "categories": ["health-beauty"],
    "tags": ["medicinal", "pain-relief"],
    "locations": {
      "vic": {
        "price": 5,
        "promoText": " ",
        "packageSize": "24 pack",
        "packagePrice": "$0.21 per 1Ea"
      }
    }
  },
  {
    "id": "herron-blue-ibuprofen-tabsules",
    "brand": "Herron",
    "name": "Blue Ibuprofen Tabsules",
    "imageUrl": "https://shop.coles.com.au/wcsstore/Coles-CAS/images/5/7/8/5786548-th.jpg",
    "categories": ["health-beauty"],
    "tags": ["medicinal", "pain-relief"],
    "locations": {
      "vic": {
        "price": 4,
        "promoText": "$1.00 ",
        "packageSize": "25 pack",
        "packagePrice": "$0.16 per 1Ea"
      }
    }
  },
  {
    "id": "nurofen-zavance-caplets-6841175p",
    "brand": "Nurofen",
    "name": "Zavance Pain Relief 12 Caplets",
    "imageUrl": "https://shop.coles.com.au/wcsstore/Coles-CAS/images/6/8/4/6841175-th.jpg",
    "categories": ["health-beauty"],
    "tags": ["medicinal", "pain-relief"],
    "locations": {
      "vic": {
        "price": 4.45,
        "promoText": " ",
        "packageSize": "1 pack",
        "packagePrice": "$4.45 per 1Ea"
      }
    }
  },
  {
    "id": "nurofen-zavance-tablets-6841153p",
    "brand": "Nurofen",
    "name": "Zavance Fast Pain Relief Tablets 256mg Ibuprofen",
    "imageUrl": "https://shop.coles.com.au/wcsstore/Coles-CAS/images/6/8/4/6841153-th.jpg",
    "categories": ["health-beauty"],
    "tags": ["medicinal", "pain-relief"],
    "locations": {
      "vic": {
        "price": 4.45,
        "promoText": " ",
        "packageSize": "12 pack",
        "packagePrice": "$0.37 per 1Ea"
      }
    }
  },
  {
    "id": "nurofen-ibuprofen-caplets",
    "brand": "Nurofen",
    "name": "Pain And Inflammation Relief Caplets 200mg Ibuprofen",
    "imageUrl": "https://shop.coles.com.au/wcsstore/Coles-CAS/images/9/6/7/9677920-th.jpg",
    "categories": ["health-beauty"],
    "tags": ["medicinal", "pain-relief"],
    "locations": {
      "vic": {
        "price": 5.9,
        "promoText": " ",
        "packageSize": "24 pack",
        "packagePrice": "$0.25 per 1Ea"
      }
    }
  },
  {
    "id": "nurofen-children-7-100mg-orange-chewable-capsules-2818615p",
    "brand": "Nurofen",
    "name": "For Children 7and Pain and Fever Relief Chewable Tablets 100mg Ibuprofen Orange",
    "imageUrl": "https://shop.coles.com.au/wcsstore/Coles-CAS/images/2/8/1/2818615-th.jpg",
    "categories": ["health-beauty"],
    "tags": ["medicinal", "pain-relief"],
    "locations": {
      "vic": {
        "price": 18,
        "promoText": " ",
        "packageSize": "24 pack",
        "packagePrice": "$0.75 per 1Ea"
      }
    }
  },
  {
    "id": "nurofen-quickzorb-pain-relief",
    "brand": "Nurofen",
    "name": "Quickzorb Quick Pain Relief Caplets 200mg Ibuprofen",
    "imageUrl": "https://shop.coles.com.au/wcsstore/Coles-CAS/images/3/4/3/3435509-th.jpg",
    "categories": ["health-beauty"],
    "tags": ["medicinal", "pain-relief"],
    "locations": {
      "vic": {
        "price": 8,
        "promoText": " ",
        "packageSize": "24 pack",
        "packagePrice": "$0.33 per 1Ea"
      }
    }
  },
  {
    "id": "nurofen-quickzorb-pain-relief-3435495p",
    "brand": "Nurofen",
    "name": "Quickzorb Quick Pain Relief Caplets 200mg Ibuprofen",
    "imageUrl": "https://shop.coles.com.au/wcsstore/Coles-CAS/images/3/4/3/3435495-th.jpg",
    "categories": ["health-beauty"],
    "tags": ["medicinal", "pain-relief"],
    "locations": {
      "vic": {
        "price": 5,
        "promoText": " ",
        "packageSize": "12 pack",
        "packagePrice": "$0.42 per 1Ea"
      }
    }
  },
  {
    "id": "nurofen-gel-5-100g",
    "brand": "Nurofen",
    "name": "Gel",
    "imageUrl": "https://shop.coles.com.au/wcsstore/Coles-CAS/images/3/7/3/3734099-th.jpg",
    "categories": ["health-beauty"],
    "tags": ["medicinal", "pain-relief"],
    "locations": {
      "vic": {
        "price": 18.99,
        "promoText": " ",
        "packageSize": "100g",
        "packagePrice": "$18.99 per 100G"
      }
    }
  },
  {
    "id": "painaway-tube-arthritis",
    "brand": "Pain Away",
    "name": "Tube Arthritis",
    "imageUrl": "https://shop.coles.com.au/wcsstore/ColesResponsiveStorefrontAssetStore/dist/ccfc54aed6e361b650bcf0582f7b576b/img/img_product-placeholder.png",
    "categories": ["health-beauty"],
    "tags": ["medicinal", "pain-relief"],
    "locations": {
      "vic": {
        "price": 23,
        "promoText": " ",
        "packageSize": "100g",
        "packagePrice": "$23.00 per 100G"
      }
    }
  },
  {
    "id": "painaway-tube-ultra",
    "brand": "Pain Away",
    "name": "Tube Ultra",
    "imageUrl": "https://shop.coles.com.au/wcsstore/ColesResponsiveStorefrontAssetStore/dist/ccfc54aed6e361b650bcf0582f7b576b/img/img_product-placeholder.png",
    "categories": ["health-beauty"],
    "tags": ["medicinal", "pain-relief"],
    "locations": {
      "vic": {
        "price": 24,
        "promoText": " ",
        "packageSize": "1 pack",
        "packagePrice": "$24.00 per 1Ea"
      }
    }
  },
  {
    "id": "panadol-opti-zorb-caplets",
    "brand": "Panadol",
    "name": "Optizorb Paracetamol Pain Relief Caplets",
    "imageUrl": "https://shop.coles.com.au/wcsstore/Coles-CAS/images/7/4/8/7487934-th.jpg",
    "categories": ["health-beauty"],
    "tags": ["medicinal", "pain-relief"],
    "locations": {
      "vic": {
        "price": 3.1,
        "promoText": " ",
        "packageSize": "12 pack",
        "packagePrice": "$0.26 per 1Ea"
      }
    }
  },
  {
    "id": "panadol-childrens-soluble-straw7",
    "brand": "Panadol",
    "name": "Children 7+ Years Fever & Pain Relief Strawberry Soluble Tablets",
    "imageUrl": "https://shop.coles.com.au/wcsstore/Coles-CAS/images/4/9/3/4933851-th.jpg",
    "categories": ["health-beauty"],
    "tags": ["medicinal", "pain-relief"],
    "locations": {
      "vic": {
        "price": 4,
        "promoText": " ",
        "packageSize": "16 pack",
        "packagePrice": "$0.25 per 1Ea"
      }
    }
  },
  {
    "id": "panadol-extra-bpi-caplet",
    "brand": "Panadol",
    "name": "Extra with Optizorb Paracetamol Pain Relief Caplets",
    "imageUrl": "https://shop.coles.com.au/wcsstore/Coles-CAS/images/3/0/8/3084233-th.jpg",
    "categories": ["health-beauty"],
    "tags": ["medicinal", "pain-relief"],
    "locations": {
      "vic": {
        "price": 5,
        "promoText": " ",
        "packageSize": "10 pack",
        "packagePrice": "$0.50 per 1Ea"
      }
    }
  },
  {
    "id": "voltaren-osteo-gel-3734576p",
    "brand": "Voltaren",
    "name": "Osteo Gel Anti-inflammatory",
    "imageUrl": "https://shop.coles.com.au/wcsstore/Coles-CAS/images/3/7/3/3734576-th.jpg",
    "categories": ["health-beauty"],
    "tags": ["medicinal", "pain-relief"],
    "locations": {
      "vic": {
        "price": 27.99,
        "promoText": " ",
        "packageSize": "1 pack",
        "packagePrice": "$27.99 per 1Ea"
      }
    }
  },
  {
    "id": "clearasil-ultra-pimple-cream-rapid-action",
    "brand": "Clearasil",
    "name": "Rapid Action Ultra Pimple Cream",
    "imageUrl": "https://shop.coles.com.au/wcsstore/Coles-CAS/images/7/2/0/7206128-th.jpg",
    "categories": ["health-beauty"],
    "tags": ["medicinal", "skincare"],
    "locations": {
      "vic": {
        "price": 14.8,
        "promoText": " ",
        "packageSize": "15ml",
        "packagePrice": "$98.67 per 100mL"
      }
    }
  },
  {
    "id": "clearasil-clearing-scrub-blackhead",
    "brand": "Clearasil",
    "name": "Daily Blackhead Clearing Scrub",
    "imageUrl": "https://shop.coles.com.au/wcsstore/Coles-CAS/images/4/1/7/4172223-th.jpg",
    "categories": ["health-beauty"],
    "tags": ["medicinal", "skincare"],
    "locations": {
      "vic": {
        "price": 10.7,
        "promoText": " ",
        "packageSize": "150mL",
        "packagePrice": "$7.13 per 100mL"
      }
    }
  },
  {
    "id": "neutrogena-deep-clean-foaming-face-cleanser",
    "brand": "Neutrogena",
    "name": "Deep Clean Foaming Face Cleanser",
    "imageUrl": "https://shop.coles.com.au/wcsstore/Coles-CAS/images/9/6/1/9617134-th.jpg",
    "categories": ["health-beauty"],
    "tags": ["medicinal", "skincare"],
    "locations": {
      "vic": {
        "price": 15.3,
        "promoText": " ",
        "packageSize": "175g",
        "packagePrice": "$8.74 per 100G"
      }
    }
  },
  {
    "id": "neutrogena-deep-clean-cleanser-facial",
    "brand": "Neutrogena",
    "name": "Deep Clean Facial Cleanser",
    "imageUrl": "https://shop.coles.com.au/wcsstore/Coles-CAS/images/7/7/1/7714231-th.jpg",
    "categories": ["health-beauty"],
    "tags": ["medicinal", "skincare"],
    "locations": {
      "vic": {
        "price": 15.3,
        "promoText": " ",
        "packageSize": "200mL",
        "packagePrice": "$7.65 per 100mL"
      }
    }
  },
  {
    "id": "clearasil-scrub-ultra-pimples-marks",
    "brand": "Clearasil",
    "name": "Ultra 5 In 1 Wash",
    "imageUrl": "https://shop.coles.com.au/wcsstore/Coles-CAS/images/1/1/6/1160931-th.jpg",
    "categories": ["health-beauty"],
    "tags": ["medicinal", "skincare"],
    "locations": {
      "vic": {
        "price": 14.5,
        "promoText": " ",
        "packageSize": "150mL",
        "packagePrice": "$9.67 per 100mL"
      }
    }
  },
  {
    "id": "berocca-performance-effervescent-vitamin-tablets-orange-flavour",
    "brand": "Berocca",
    "name": "Energy Vitamin Orange 45 Effervescent Tablets",
    "imageUrl": "https://shop.coles.com.au/wcsstore/Coles-CAS/images/4/6/4/4643421-th.jpg",
    "categories": ["health-beauty"],
    "tags": ["medicinal", "vitamin-s"],
    "locations": {
      "vic": {
        "price": 22.8,
        "promoText": " ",
        "packageSize": "1 Pack",
        "packagePrice": "$22.80 per 1Ea"
      }
    }
  },
  {
    "id": "berocca-performance-effervescent-vitamin-tablets-original-flavour",
    "brand": "Berocca",
    "name": "Energy Vitamin Original Berry 45 Effervescent Tablets",
    "imageUrl": "https://shop.coles.com.au/wcsstore/Coles-CAS/images/5/6/1/5612285-th.jpg",
    "categories": ["health-beauty"],
    "tags": ["medicinal", "vitamin-s"],
    "locations": {
      "vic": {
        "price": 22.8,
        "promoText": " ",
        "packageSize": "1 Pack",
        "packagePrice": "$22.80 per 1Ea"
      }
    }
  },
  {
    "id": "berocca-mango-orange",
    "brand": "Berocca",
    "name": "Energy Vitamin Mango & Orange 45 Effervescent Tablets",
    "imageUrl": "https://shop.coles.com.au/wcsstore/Coles-CAS/images/2/2/7/2279747-th.jpg",
    "categories": ["health-beauty"],
    "tags": ["medicinal", "vitamin-s"],
    "locations": {
      "vic": {
        "price": 22.8,
        "promoText": " ",
        "packageSize": "1 Pack",
        "packagePrice": "$22.80 per 1Ea"
      }
    }
  },
  {
    "id": "elevit-womens-multi-vitamin-tablets",
    "brand": "Elevit",
    "name": "Women's Multi Vitamin Tablets",
    "imageUrl": "https://shop.coles.com.au/wcsstore/Coles-CAS/images/2/8/0/2807244-th.jpg",
    "categories": ["health-beauty"],
    "tags": ["medicinal", "vitamin-s"],
    "locations": {
      "vic": {
        "price": 33,
        "promoText": " ",
        "packageSize": "1 Pack",
        "packagePrice": "$33.00 per 1Ea"
      }
    }
  },
  {
    "id": "blackmores-fish-oil-1000-capsules-4941770p",
    "brand": "Blackmores",
    "name": "Fish Oil 1000mg Capsules",
    "imageUrl": "https://shop.coles.com.au/wcsstore/Coles-CAS/images/4/9/4/4941770-th.jpg",
    "categories": ["health-beauty"],
    "tags": ["medicinal", "vitamin-s"],
    "locations": {
      "vic": {
        "price": 30,
        "promoText": " ",
        "packageSize": "400 pack",
        "packagePrice": "$7.50 per 100Ea"
      }
    }
  },
  {
    "id": "blackmores-executive-b-tablets-value-pack",
    "brand": "Blackmores",
    "name": "Executive B Stress Tablets",
    "imageUrl": "https://shop.coles.com.au/wcsstore/Coles-CAS/images/9/5/0/9506814-th.jpg",
    "categories": ["health-beauty"],
    "tags": ["medicinal", "vitamin-s"],
    "locations": {
      "vic": {
        "price": 33.8,
        "promoText": " ",
        "packageSize": "125 pack",
        "packagePrice": "$27.04 per 100Ea"
      }
    }
  },
  {
    "id": "blackmores-probiotics--daily-health-capsules",
    "brand": "Blackmores",
    "name": "Daily Health Capsules",
    "imageUrl": "https://shop.coles.com.au/wcsstore/Coles-CAS/images/2/9/0/2900545-th.jpg",
    "categories": ["health-beauty"],
    "tags": ["medicinal", "vitamin-s"],
    "locations": {
      "vic": {
        "price": 28,
        "promoText": " ",
        "packageSize": "30 pack",
        "packagePrice": "$93.34 per 100Ea"
      }
    }
  },
  {
    "id": "cenovis-co-enzyme-q10-150mg",
    "brand": "Cenovis",
    "name": "Co-Enzyme Q10 150mg Capsules",
    "imageUrl": "https://shop.coles.com.au/wcsstore/Coles-CAS/images/2/2/6/2269073-th.jpg",
    "categories": ["health-beauty"],
    "tags": ["medicinal", "vitamin-s"],
    "locations": {
      "vic": {
        "price": 10.5,
        "promoText": "$10.50 ",
        "packageSize": "30 pack",
        "packagePrice": "$0.35 per 1Ea"
      }
    }
  },
  {
    "id": "cenovis-tablets-vitamin-d3",
    "brand": "Cenovis",
    "name": "Vitamin D3 1000IU Tablets",
    "imageUrl": "https://shop.coles.com.au/wcsstore/Coles-CAS/images/7/9/7/7973921-th.jpg",
    "categories": ["health-beauty"],
    "tags": ["medicinal", "vitamin-s"],
    "locations": {
      "vic": {
        "price": 7,
        "promoText": " ",
        "packageSize": "200 pack",
        "packagePrice": "$0.04 per 1Ea"
      }
    }
  },
  {
    "id": "natures-own-odourless-1500mg-fish-oil-capsules",
    "brand": "Nature's Own",
    "name": "Odourless Fish Oil 1500mg Capsules",
    "imageUrl": "https://shop.coles.com.au/wcsstore/Coles-CAS/images/6/8/3/6838443-th.jpg",
    "categories": ["health-beauty"],
    "tags": ["medicinal", "vitamin-s"],
    "locations": {
      "vic": {
        "price": 10.75,
        "promoText": "$10.75 ",
        "packageSize": "200 pack",
        "packagePrice": "$5.38 per 100Ea"
      }
    }
  },
  {
    "id": "blackmores-probiotics--immune-defence-capsules",
    "brand": "Blackmores",
    "name": "Immune Defence Capsules",
    "imageUrl": "https://shop.coles.com.au/wcsstore/Coles-CAS/images/2/9/0/2900670-th.jpg",
    "categories": ["health-beauty"],
    "tags": ["medicinal", "vitamin-s"],
    "locations": {
      "vic": {
        "price": 14,
        "promoText": "$14.00 ",
        "packageSize": "30 pack",
        "packagePrice": "$46.67 per 100Ea"
      }
    }
  },
  {
    "id": "cenovis-tablets-magnesium-value-pack",
    "brand": "Cenovis",
    "name": "Magnesium Tablets",
    "imageUrl": "https://shop.coles.com.au/wcsstore/Coles-CAS/images/6/8/3/6839107-th.jpg",
    "categories": ["health-beauty"],
    "tags": ["medicinal", "vitamin-s"],
    "locations": {
      "vic": {
        "price": 11.2,
        "promoText": " ",
        "packageSize": "200 pack",
        "packagePrice": "$0.06 per 1Ea"
      }
    }
  },
  {
    "id": "cenovis-tablets-ginkgo-biloba",
    "brand": "Cenovis",
    "name": "Ginkgo Biloba 2000 Tablets",
    "imageUrl": "https://shop.coles.com.au/wcsstore/Coles-CAS/images/4/7/3/4730592-th.jpg",
    "categories": ["health-beauty"],
    "tags": ["medicinal", "vitamin-s"],
    "locations": {
      "vic": {
        "price": 8,
        "promoText": "$8.00 ",
        "packageSize": "100 pack",
        "packagePrice": "$0.08 per 1Ea"
      }
    }
  },
  {
    "id": "blackmores-bio-magnesium-tablets",
    "brand": "Blackmores",
    "name": "Bio Magnesium Tablets",
    "imageUrl": "https://shop.coles.com.au/wcsstore/Coles-CAS/images/8/2/9/8299135-th.jpg",
    "categories": ["health-beauty"],
    "tags": ["medicinal", "vitamin-s"],
    "locations": {
      "vic": {
        "price": 25,
        "promoText": " ",
        "packageSize": "100 pack",
        "packagePrice": "$25.00 per 100Ea"
      }
    }
  },
  {
    "id": "blackmores-nails-hair-skin-tablets",
    "brand": "Blackmores",
    "name": "Nails Hair & Skin Tablets",
    "imageUrl": "https://shop.coles.com.au/wcsstore/Coles-CAS/images/4/6/4/4643487-th.jpg",
    "categories": ["health-beauty"],
    "tags": ["medicinal", "vitamin-s"],
    "locations": {
      "vic": {
        "price": 0,
        "promoText": " ",
        "packageSize": "60 pack",
        "packagePrice": ""
      }
    }
  },
  {
    "id": "blackmores-co-q10-150mg",
    "brand": "Blackmores",
    "name": "Heart Health Co Q10 150mg Capsules",
    "imageUrl": "https://shop.coles.com.au/wcsstore/Coles-CAS/images/1/2/9/1295588-th.jpg",
    "categories": ["health-beauty"],
    "tags": ["medicinal", "vitamin-s"],
    "locations": {
      "vic": {
        "price": 25,
        "promoText": " ",
        "packageSize": "30 pack",
        "packagePrice": "$83.34 per 100Ea"
      }
    }
  },
  {
    "id": "blackmores-superkids-multi-gummies",
    "brand": "Blackmores",
    "name": "Superkids Multi Gummies",
    "imageUrl": "https://shop.coles.com.au/wcsstore/Coles-CAS/images/3/0/6/3068011-th.jpg",
    "categories": ["health-beauty"],
    "tags": ["medicinal", "vitamin-s"],
    "locations": {
      "vic": {
        "price": 15,
        "promoText": " ",
        "packageSize": "60 pack",
        "packagePrice": "$0.25 per 1Ea"
      }
    }
  },
  {
    "id": "blackmores-natural-e-1000iu-capsules",
    "brand": "Blackmores",
    "name": "Natural Vitamin E 1000iu Capsules",
    "imageUrl": "https://shop.coles.com.au/wcsstore/Coles-CAS/images/8/2/9/8297231-th.jpg",
    "categories": ["health-beauty"],
    "tags": ["medicinal", "vitamin-s"],
    "locations": {
      "vic": {
        "price": 15,
        "promoText": " ",
        "packageSize": "30 pack",
        "packagePrice": "$50.00 per 100Ea"
      }
    }
  },
  {
    "id": "blackmores-womens-vitality-multi-tablets",
    "brand": "Blackmores",
    "name": "Womens Vitality Multi Vitamin Tablets",
    "imageUrl": "https://shop.coles.com.au/wcsstore/Coles-CAS/images/8/2/9/8296647-th.jpg",
    "categories": ["health-beauty"],
    "tags": ["medicinal", "vitamin-s"],
    "locations": {
      "vic": {
        "price": 0,
        "promoText": " ",
        "packageSize": "50 pack",
        "packagePrice": ""
      }
    }
  },
  {
    "id": "blackmores-fish-oil-odourless",
    "brand": "Blackmores",
    "name": "Odourless Fish Oil Capsules",
    "imageUrl": "https://shop.coles.com.au/wcsstore/Coles-CAS/images/7/1/0/7109880-th.jpg",
    "categories": ["health-beauty"],
    "tags": ["medicinal", "vitamin-s"],
    "locations": {
      "vic": {
        "price": 39,
        "promoText": " ",
        "packageSize": "400 pack",
        "packagePrice": "$9.75 per 100Ea"
      }
    }
  },
  {
    "id": "blackmores-super-magnesium-plus-100-pack",
    "brand": "Blackmores",
    "name": "Super Magnesium Plus",
    "imageUrl": "https://shop.coles.com.au/wcsstore/Coles-CAS/images/3/0/6/3068088-th.jpg",
    "categories": ["health-beauty"],
    "tags": ["medicinal", "vitamin-s"],
    "locations": {
      "vic": {
        "price": 30.5,
        "promoText": " ",
        "packageSize": "100 pack",
        "packagePrice": "$30.50 per 100Ea"
      }
    }
  },
  {
    "id": "blackmores-vitamin-d3-1000iu",
    "brand": "Blackmores",
    "name": "Vitamin D3 1000iu Capsules",
    "imageUrl": "https://shop.coles.com.au/wcsstore/Coles-CAS/images/9/0/0/9001782-th.jpg",
    "categories": ["health-beauty"],
    "tags": ["medicinal", "vitamin-s"],
    "locations": {
      "vic": {
        "price": 15,
        "promoText": "$15.00 ",
        "packageSize": "200 pack",
        "packagePrice": "$7.50 per 100Ea"
      }
    }
  },
  {
    "id": "blackmores-evening-primrose-oil",
    "brand": "Blackmores",
    "name": "Evening Primrose Oil Tablets",
    "imageUrl": "https://shop.coles.com.au/wcsstore/Coles-CAS/images/1/8/4/1847141-th.jpg",
    "categories": ["health-beauty"],
    "tags": ["medicinal", "vitamin-s"],
    "locations": {
      "vic": {
        "price": 16,
        "promoText": "$4.00 ",
        "packageSize": "125 pack",
        "packagePrice": "$12.80 per 100Ea"
      }
    }
  },
  {
    "id": "blackmores-fish-oil-odourless-capsules",
    "brand": "Blackmores",
    "name": "Odourless Fish Oil Capsules",
    "imageUrl": "https://shop.coles.com.au/wcsstore/Coles-CAS/images/6/2/9/6294651-th.jpg",
    "categories": ["health-beauty"],
    "tags": ["medicinal", "vitamin-s"],
    "locations": {
      "vic": {
        "price": 20,
        "promoText": " ",
        "packageSize": "200 pack",
        "packagePrice": "$10.00 per 100Ea"
      }
    }
  },
  {
    "id": "blackmores-glucosamine-sulfate-tabs",
    "brand": "Blackmores",
    "name": "Glucosamine Sulfate Tabs",
    "imageUrl": "https://shop.coles.com.au/wcsstore/Coles-CAS/images/2/8/9/2899672-th.jpg",
    "categories": ["health-beauty"],
    "tags": ["medicinal", "vitamin-s"],
    "locations": {
      "vic": {
        "price": 20,
        "promoText": " ",
        "packageSize": "60 pack",
        "packagePrice": "$33.33 per 100Ea"
      }
    }
  },
  {
    "id": "blackmores-tablets-multi-vitamin-mineral-value-pack",
    "brand": "Blackmores",
    "name": "Multi Vitamin Sustained Release Multi + Antioxidants Tablets",
    "imageUrl": "https://shop.coles.com.au/wcsstore/Coles-CAS/images/9/5/0/9506880-th.jpg",
    "categories": ["health-beauty"],
    "tags": ["medicinal", "vitamin-s"],
    "locations": {
      "vic": {
        "price": 20,
        "promoText": "$20.00 ",
        "packageSize": "125 pack",
        "packagePrice": "$16.00 per 100Ea"
      }
    }
  },
  {
    "id": "blackmores-b12-rapi-melts-tablets",
    "brand": "Blackmores",
    "name": "B12 Rapi-melts Tablets",
    "imageUrl": "https://shop.coles.com.au/wcsstore/Coles-CAS/images/2/8/3/2837970-th.jpg",
    "categories": ["health-beauty"],
    "tags": ["medicinal", "vitamin-s"],
    "locations": {
      "vic": {
        "price": 11.5,
        "promoText": " ",
        "packageSize": "30 pack",
        "packagePrice": "$38.33 per 100Ea"
      }
    }
  },
  {
    "id": "swisse-vitamins-ultiboost-tablets-magnesium",
    "brand": "Swisse",
    "name": "Ultiboost Magnesium Tablets",
    "imageUrl": "https://shop.coles.com.au/wcsstore/Coles-CAS/images/9/1/3/9131391-th.jpg",
    "categories": ["health-beauty"],
    "tags": ["medicinal", "vitamin-s"],
    "locations": {
      "vic": {
        "price": 35,
        "promoText": " ",
        "packageSize": "120 pack",
        "packagePrice": "$29.17 per 100Ea"
      }
    }
  },
  {
    "id": "swisse-vitamins-ultiboost-vitamin-d",
    "brand": "Swisse",
    "name": "Ultiboost Vitamin D Capsules",
    "imageUrl": "https://shop.coles.com.au/wcsstore/Coles-CAS/images/8/0/9/8098927-th.jpg",
    "categories": ["health-beauty"],
    "tags": ["medicinal", "vitamin-s"],
    "locations": {
      "vic": {
        "price": 26,
        "promoText": " ",
        "packageSize": "250 pack",
        "packagePrice": "$10.40 per 100Ea"
      }
    }
  },
  {
    "id": "swisse--ultiboost-odorless-wild-fish-oil-capsules",
    "brand": "Swisse",
    "name": "Odourless High Strength Wild Fish Oil Capsules",
    "imageUrl": "https://shop.coles.com.au/wcsstore/Coles-CAS/images/2/8/6/2869478-th.jpg",
    "categories": ["health-beauty"],
    "tags": ["medicinal", "vitamin-s"],
    "locations": {
      "vic": {
        "price": 35,
        "promoText": " ",
        "packageSize": "400 pack",
        "packagePrice": "$0.09 per 1Ea"
      }
    }
  },
  {
    "id": "natures-way-restore-pro-biotic-choc-balls",
    "brand": "Nature's Way",
    "name": "Restore Probiotic Choc Balls",
    "imageUrl": "https://shop.coles.com.au/wcsstore/Coles-CAS/images/9/9/3/9936573-th.jpg",
    "categories": ["health-beauty"],
    "tags": ["medicinal", "vitamin-s"],
    "locations": {
      "vic": {
        "price": 20,
        "promoText": " ",
        "packageSize": "60 pack",
        "packagePrice": "$33.33 per 100Ea"
      }
    }
  },
  {
    "id": "swisse-vitamins-ultiboost-tablets-hair-skin-nails",
    "brand": "Swisse",
    "name": "Ultiboost Hair Skin & Nails Tablets",
    "imageUrl": "https://shop.coles.com.au/wcsstore/Coles-CAS/images/7/1/0/7109303-th.jpg",
    "categories": ["health-beauty"],
    "tags": ["medicinal", "vitamin-s"],
    "locations": {
      "vic": {
        "price": 23,
        "promoText": " ",
        "packageSize": "60 pack",
        "packagePrice": "$38.33 per 100Ea"
      }
    }
  },
  {
    "id": "cenovis-caps-cranberry-30000mg",
    "brand": "Cenovis",
    "name": "Cranberry 30000Mg 30 Capsules",
    "imageUrl": "https://shop.coles.com.au/wcsstore/Coles-CAS/images/2/6/7/2676088-th.jpg",
    "categories": ["health-beauty"],
    "tags": ["medicinal", "vitamin-s"],
    "locations": {
      "vic": {
        "price": 9,
        "promoText": "$9.00 ",
        "packageSize": "1 Pack",
        "packagePrice": "$9.00 per 1Ea"
      }
    }
  },
  {
    "id": "natures-way-kids-vitamins-multi-smart-vita-gummys-pastilles",
    "brand": "Nature's Way",
    "name": "Kids Smart Vita Gummies Multivitamin Pastilles",
    "imageUrl": "https://shop.coles.com.au/wcsstore/Coles-CAS/images/8/0/9/8097221-th.jpg",
    "categories": ["health-beauty"],
    "tags": ["medicinal", "vitamin-s"],
    "locations": {
      "vic": {
        "price": 26,
        "promoText": " ",
        "packageSize": "120 pack",
        "packagePrice": "$21.67 per 100Ea"
      }
    }
  },
  {
    "id": "cenovis-sugarless-vitamin-c",
    "brand": "Cenovis",
    "name": "Sugarless Vitamin C",
    "imageUrl": "https://shop.coles.com.au/wcsstore/Coles-CAS/images/3/7/6/3765445-th.jpg",
    "categories": ["health-beauty"],
    "tags": ["medicinal", "vitamin-s"],
    "locations": {
      "vic": {
        "price": 6,
        "promoText": "$6.00 ",
        "packageSize": "160 pack",
        "packagePrice": "$3.75 per 100Ea"
      }
    }
  },
  {
    "id": "natures-own-vitamin-b12-tablets-1000mcg",
    "brand": "Nature's Own",
    "name": "High Strength Vitamin B12 1000mcg Tablets",
    "imageUrl": "https://shop.coles.com.au/wcsstore/Coles-CAS/images/9/6/9/9692854-th.jpg",
    "categories": ["health-beauty"],
    "tags": ["medicinal", "vitamin-s"],
    "locations": {
      "vic": {
        "price": 7.5,
        "promoText": "$7.50 ",
        "packageSize": "60 pack",
        "packagePrice": "$12.50 per 100Ea"
      }
    }
  },
  {
    "id": "natures-way-kid-smart-multiprobiotic",
    "brand": "Nature's Way",
    "name": "Kid Smart Multivitamin + Probiotic Strawberry Flavour 50 Chewable Tablets",
    "imageUrl": "https://shop.coles.com.au/wcsstore/Coles-CAS/images/3/4/7/3470430-th.jpg",
    "categories": ["health-beauty"],
    "tags": ["medicinal", "vitamin-s"],
    "locations": {
      "vic": {
        "price": 19,
        "promoText": " ",
        "packageSize": "1 Pack",
        "packagePrice": "$19.00 per 1Ea"
      }
    }
  },
  {
    "id": "ostelin-vitamin-d-capsules",
    "brand": "Ostelin",
    "name": "Vitamin D3 1000IU Capsules",
    "imageUrl": "https://shop.coles.com.au/wcsstore/Coles-CAS/images/8/6/5/8653289-th.jpg",
    "categories": ["health-beauty"],
    "tags": ["medicinal", "vitamin-s"],
    "locations": {
      "vic": {
        "price": 11,
        "promoText": " ",
        "packageSize": "60 pack",
        "packagePrice": "$0.18 per 1Ea"
      }
    }
  },
  {
    "id": "swisse-ultiboost-magnesium-calcium-vit-d",
    "brand": "Swisse",
    "name": "Ultiboost Magnesium Calcium + D3 120 Tablets",
    "imageUrl": "https://shop.coles.com.au/wcsstore/Coles-CAS/images/1/7/8/1783694-th.jpg",
    "categories": ["health-beauty"],
    "tags": ["medicinal", "vitamin-s"],
    "locations": {
      "vic": {
        "price": 25,
        "promoText": " ",
        "packageSize": "1 pack",
        "packagePrice": "$25.00 per 1Ea"
      }
    }
  },
  {
    "id": "berocca-performance-effervescent-vitamin-tablets-orange-flavour-9467213p",
    "brand": "Berocca",
    "name": "Energy Vitamin Orange 15 Effervescent Tablets",
    "imageUrl": "https://shop.coles.com.au/wcsstore/Coles-CAS/images/9/4/6/9467213-th.jpg",
    "categories": ["health-beauty"],
    "tags": ["medicinal", "vitamin-s"],
    "locations": {
      "vic": {
        "price": 10.8,
        "promoText": " ",
        "packageSize": "1 Pack",
        "packagePrice": "$10.80 per 1Ea"
      }
    }
  },
  {
    "id": "berocca-performance-effervescent-vitamin-tablets-original-flavour-9716464p",
    "brand": "Berocca",
    "name": "Energy Vitamin Original Berry 30 Effervescent Tablets",
    "imageUrl": "https://shop.coles.com.au/wcsstore/Coles-CAS/images/9/7/1/9716464-th.jpg",
    "categories": ["health-beauty"],
    "tags": ["medicinal", "vitamin-s"],
    "locations": {
      "vic": {
        "price": 12.97,
        "promoText": "$4.33 ",
        "packageSize": "1 Pack",
        "packagePrice": "$12.97 per 1Ea"
      }
    }
  },
  {
    "id": "berocca-performance-effervescent-orange",
    "brand": "Berocca",
    "name": "Orange Flavour Energy Vitamin 75 Effervescent Tablets",
    "imageUrl": "https://shop.coles.com.au/wcsstore/Coles-CAS/images/3/5/0/3509853-th.jpg",
    "categories": ["health-beauty"],
    "tags": ["medicinal", "vitamin-s"],
    "locations": {
      "vic": {
        "price": 25.5,
        "promoText": "$8.50 ",
        "packageSize": "1 pack",
        "packagePrice": "$25.50 per 1Ea"
      }
    }
  },
  {
    "id": "natures-own-tablets-advanced-complete-sleep",
    "brand": "Nature's Own",
    "name": "Advanced Complete Sleep Tablets",
    "imageUrl": "https://shop.coles.com.au/wcsstore/Coles-CAS/images/9/4/9/9499446-th.jpg",
    "categories": ["health-beauty"],
    "tags": ["medicinal", "vitamin-s"],
    "locations": {
      "vic": {
        "price": 10.25,
        "promoText": "$10.25 ",
        "packageSize": "30 pack",
        "packagePrice": "$34.17 per 100Ea"
      }
    }
  },
  {
    "id": "natures-own-magnesium-capsules-500mg",
    "brand": "Nature's Own",
    "name": "Magnesium Chelate 500mg Tablets",
    "imageUrl": "https://shop.coles.com.au/wcsstore/Coles-CAS/images/9/6/9/9692923-th.jpg",
    "categories": ["health-beauty"],
    "tags": ["medicinal", "vitamin-s"],
    "locations": {
      "vic": {
        "price": 6,
        "promoText": "$6.00 ",
        "packageSize": "75 pack",
        "packagePrice": "$8.00 per 100Ea"
      }
    }
  },
  {
    "id": "natures-way-vita-gummies--vitamin-d3-1000iu",
    "brand": "Nature's Way",
    "name": "Vita Gummies Vitamin D3 1000iu",
    "imageUrl": "https://shop.coles.com.au/wcsstore/Coles-CAS/images/9/9/2/9925861-th.jpg",
    "categories": ["health-beauty"],
    "tags": ["medicinal", "vitamin-s"],
    "locations": {
      "vic": {
        "price": 21,
        "promoText": " ",
        "packageSize": "120 pack",
        "packagePrice": "$17.50 per 100Ea"
      }
    }
  },
  {
    "id": "natures-way-kids-gummies-immunity",
    "brand": "Nature's Way",
    "name": "Kids Gummies Immunity",
    "imageUrl": "https://shop.coles.com.au/wcsstore/Coles-CAS/images/1/2/8/1281404-th.jpg",
    "categories": ["health-beauty"],
    "tags": ["medicinal", "vitamin-s"],
    "locations": {
      "vic": {
        "price": 14.5,
        "promoText": " ",
        "packageSize": "",
        "packagePrice": "$24.17 per 100Ea"
      }
    }
  },
  {
    "id": "natures-way-vita-gummies-sugar-free-multi-trio",
    "brand": "Nature's Way",
    "name": "Kids Smart Vita Gummies Multi-Vitamin",
    "imageUrl": "https://shop.coles.com.au/wcsstore/Coles-CAS/images/3/2/7/3279505-th.jpg",
    "categories": ["health-beauty"],
    "tags": ["medicinal", "vitamin-s"],
    "locations": {
      "vic": {
        "price": 20,
        "promoText": " ",
        "packageSize": "75 pack",
        "packagePrice": "$26.67 per 100Ea"
      }
    }
  },
  {
    "id": "natures-way-super-foods-apple-cider-vinegar",
    "brand": "Nature's Way",
    "name": "Super Foods Apple Cider Vinegar",
    "imageUrl": "https://shop.coles.com.au/wcsstore/Coles-CAS/images/3/2/7/3279538-th.jpg",
    "categories": ["health-beauty"],
    "tags": ["medicinal", "vitamin-s"],
    "locations": {
      "vic": {
        "price": 16,
        "promoText": " ",
        "packageSize": "60 pack",
        "packagePrice": "$26.67 per 100Ea"
      }
    }
  },
  {
    "id": "nature-s-way-acv-gummmies",
    "brand": "Nature's Way",
    "name": "Apple Cider Vinegar Gummmies",
    "imageUrl": "https://shop.coles.com.au/wcsstore/Coles-CAS/images/3/7/5/3753210-th.jpg",
    "categories": ["health-beauty"],
    "tags": ["medicinal", "vitamin-s"],
    "locations": {
      "vic": {
        "price": 20,
        "promoText": " ",
        "packageSize": "65 pack",
        "packagePrice": "$30.77 per 100Ea"
      }
    }
  },
  {
    "id": "sup-inner-glow-collagen",
    "brand": "Sup",
    "name": "Inner Glow Collagen",
    "imageUrl": "https://shop.coles.com.au/wcsstore/Coles-CAS/images/3/7/5/3753311-th.jpg",
    "categories": ["health-beauty"],
    "tags": ["medicinal", "vitamin-s"],
    "locations": {
      "vic": {
        "price": 11.5,
        "promoText": "$11.50 ",
        "packageSize": "30 PACK",
        "packagePrice": ""
      }
    }
  },
  {
    "id": "swisse-vitamins-ultiboost-tablets-liver-detox",
    "brand": "Swisse",
    "name": "Ultiboost Liver Detox Tablets",
    "imageUrl": "https://shop.coles.com.au/wcsstore/Coles-CAS/images/7/5/1/7514979-th.jpg",
    "categories": ["health-beauty"],
    "tags": ["medicinal", "vitamin-s"],
    "locations": {
      "vic": {
        "price": 21.2,
        "promoText": " ",
        "packageSize": "60 pack",
        "packagePrice": "$35.33 per 100Ea"
      }
    }
  },
  {
    "id": "voost-effervescent-magnesium-tablets",
    "brand": "Voost",
    "name": "Magnesium 200mg Natural Citrus 20 Effervescent Tablets",
    "imageUrl": "https://shop.coles.com.au/wcsstore/Coles-CAS/images/3/2/8/3283794-th.jpg",
    "categories": ["health-beauty"],
    "tags": ["medicinal", "vitamin-s"],
    "locations": {
      "vic": {
        "price": 5,
        "promoText": "$1.50 ",
        "packageSize": "1 Pack",
        "packagePrice": "$5.00 per 1Ea"
      }
    }
  },
  {
    "id": "voost-vitamin-b-performance-3469704p",
    "brand": "Voost",
    "name": "Performance Vitamin B+ Orange 20 Effervescent Tablets",
    "imageUrl": "https://shop.coles.com.au/wcsstore/Coles-CAS/images/3/4/6/3469704-th.jpg",
    "categories": ["health-beauty"],
    "tags": ["medicinal", "vitamin-s"],
    "locations": {
      "vic": {
        "price": 5,
        "promoText": "$1.50 ",
        "packageSize": "1 pack",
        "packagePrice": "$5.00 per 1Ea"
      }
    }
  },
  {
    "id": "blackmores-glucosamine-1500mg-3465929p",
    "brand": "Blackmores",
    "name": "Glucosamine 150 Tablets",
    "imageUrl": "https://shop.coles.com.au/wcsstore/Coles-CAS/images/3/4/6/3465929-th.jpg",
    "categories": ["health-beauty"],
    "tags": ["medicinal", "vitamin-s"],
    "locations": {
      "vic": {
        "price": 44.1,
        "promoText": " ",
        "packageSize": "1 pack",
        "packagePrice": "$44.10 per 1Ea"
      }
    }
  },
  {
    "id": "blackmores-tablets-milk-thistle",
    "brand": "Blackmores",
    "name": "Milk Thistle Digestive Health 42 Tablets",
    "imageUrl": "https://shop.coles.com.au/wcsstore/Coles-CAS/images/8/2/9/8299703-th.jpg",
    "categories": ["health-beauty"],
    "tags": ["medicinal", "vitamin-s"],
    "locations": {
      "vic": {
        "price": 12.4,
        "promoText": " ",
        "packageSize": "1 pack",
        "packagePrice": "$12.40 per 1Ea"
      }
    }
  },
  {
    "id": "blackmores-multivitamin-for-men-50-pack",
    "brand": "Blackmores",
    "name": "Multivitamin For Men",
    "imageUrl": "https://shop.coles.com.au/wcsstore/Coles-CAS/images/3/7/0/3709580-th.jpg",
    "categories": ["health-beauty"],
    "tags": ["medicinal", "vitamin-s"],
    "locations": {
      "vic": {
        "price": 16,
        "promoText": "$4.00 ",
        "packageSize": "50 pack",
        "packagePrice": "$0.32 per 1Ea"
      }
    }
  },
  {
    "id": "caltrate-bone-muscle-50",
    "brand": "Caltrate",
    "name": "Bone & Muscle Calcium with Vitamin D3 100 Tablets",
    "imageUrl": "https://shop.coles.com.au/wcsstore/Coles-CAS/images/3/4/6/3469464-th.jpg",
    "categories": ["health-beauty"],
    "tags": ["medicinal", "vitamin-s"],
    "locations": {
      "vic": {
        "price": 17,
        "promoText": " ",
        "packageSize": "1 pack",
        "packagePrice": "$17.00 per 1Ea"
      }
    }
  },
  {
    "id": "cenovis-tablets-mega-b",
    "brand": "Cenovis",
    "name": "Mega B Tablets",
    "imageUrl": "https://shop.coles.com.au/wcsstore/Coles-CAS/images/4/8/7/4876747-th.jpg",
    "categories": ["health-beauty"],
    "tags": ["medicinal", "vitamin-s"],
    "locations": {
      "vic": {
        "price": 11.2,
        "promoText": " ",
        "packageSize": "200 pack",
        "packagePrice": "$5.60 per 100Ea"
      }
    }
  },
  {
    "id": "cenovis-turmeric-3100mg",
    "brand": "Cenovis",
    "name": "Turmeric 3100 Capsules",
    "imageUrl": "https://shop.coles.com.au/wcsstore/Coles-CAS/images/2/5/5/2556202-th.jpg",
    "categories": ["health-beauty"],
    "tags": ["medicinal", "vitamin-s"],
    "locations": {
      "vic": {
        "price": 8.5,
        "promoText": "$8.50 ",
        "packageSize": "80 pack",
        "packagePrice": "$0.11 per 1Ea"
      }
    }
  },
  {
    "id": "cenovis-iron-plus-tablets-2676124p",
    "brand": "Cenovis",
    "name": "Iron Plus Tablets",
    "imageUrl": "https://shop.coles.com.au/wcsstore/Coles-CAS/images/2/6/7/2676124-th.jpg",
    "categories": ["health-beauty"],
    "tags": ["medicinal", "vitamin-s"],
    "locations": {
      "vic": {
        "price": 6.5,
        "promoText": "$6.50 ",
        "packageSize": "80 pack",
        "packagePrice": "$8.13 per 100Ea"
      }
    }
  },
  {
    "id": "cenovis-once-daily-womens-multi-capsules-2826114p",
    "brand": "Cenovis",
    "name": "Women?s Multi Once Daily Capsules",
    "imageUrl": "https://shop.coles.com.au/wcsstore/Coles-CAS/images/2/8/2/2826114-th.jpg",
    "categories": ["health-beauty"],
    "tags": ["medicinal", "vitamin-s"],
    "locations": {
      "vic": {
        "price": 12,
        "promoText": "$12.00 ",
        "packageSize": "100 pack",
        "packagePrice": "$12.00 per 100Ea"
      }
    }
  },
  {
    "id": "cenovis-b-complex-tablets-2827740p",
    "brand": "Cenovis",
    "name": "B Complex Tablets",
    "imageUrl": "https://shop.coles.com.au/wcsstore/Coles-CAS/images/2/8/2/2827740-th.jpg",
    "categories": ["health-beauty"],
    "tags": ["medicinal", "vitamin-s"],
    "locations": {
      "vic": {
        "price": 7,
        "promoText": "$7.00 ",
        "packageSize": "150 pack",
        "packagePrice": "$4.67 per 100Ea"
      }
    }
  },
  {
    "id": "centrum-kids-incremin-liquid",
    "brand": "Centrum",
    "name": "Cherry Flavour Kids Incremin Liquid",
    "imageUrl": "https://shop.coles.com.au/wcsstore/Coles-CAS/images/3/4/6/3469511-th.jpg",
    "categories": ["health-beauty"],
    "tags": ["medicinal", "vitamin-s"],
    "locations": {
      "vic": {
        "price": 13.6,
        "promoText": "$3.40 ",
        "packageSize": "200mL",
        "packagePrice": "$6.80 per 100mL"
      }
    }
  },
  {
    "id": "elevit-breastfeeding-capsules",
    "brand": "Elevit",
    "name": "Breastfeeding Capsules",
    "imageUrl": "https://shop.coles.com.au/wcsstore/Coles-CAS/images/3/4/0/3404039-th.jpg",
    "categories": ["health-beauty"],
    "tags": ["medicinal", "vitamin-s"],
    "locations": {
      "vic": {
        "price": 20,
        "promoText": "$5.00 ",
        "packageSize": "",
        "packagePrice": "$66.67 per 100Ea"
      }
    }
  },
  {
    "id": "hydralyte-effervescent-tablets-orange-40-s",
    "brand": "Hydralyte",
    "name": "Effervescent Tablets Orange",
    "imageUrl": "https://shop.coles.com.au/wcsstore/Coles-CAS/images/3/7/3/3733609-th.jpg",
    "categories": ["health-beauty"],
    "tags": ["medicinal", "vitamin-s"],
    "locations": {
      "vic": {
        "price": 22,
        "promoText": " ",
        "packageSize": "40 pack",
        "packagePrice": "$0.55 per 1Ea"
      }
    }
  },
  {
    "id": "natures-own-sleep-ezy-capsules",
    "brand": "Nature's Own",
    "name": "Sleep Ezy Capsules",
    "imageUrl": "https://shop.coles.com.au/wcsstore/Coles-CAS/images/2/8/9/2898964-th.jpg",
    "categories": ["health-beauty"],
    "tags": ["medicinal", "vitamin-s"],
    "locations": {
      "vic": {
        "price": 10.5,
        "promoText": "$4.50 ",
        "packageSize": "100 pack",
        "packagePrice": "$10.50 per 100Ea"
      }
    }
  },
  {
    "id": "natures-own-vitamin-b3-500mg",
    "brand": "Nature's Own",
    "name": "Vitamin B3 500mg Tablets",
    "imageUrl": "https://shop.coles.com.au/wcsstore/Coles-CAS/images/3/4/7/3470292-th.jpg",
    "categories": ["health-beauty"],
    "tags": ["medicinal", "vitamin-s"],
    "locations": {
      "vic": {
        "price": 6,
        "promoText": "$6.00 ",
        "packageSize": "60 pack",
        "packagePrice": "$10.00 per 100Ea"
      }
    }
  },
  {
    "id": "natures-way-instant-protein-powder-chocolate",
    "brand": "Nature's Way",
    "name": "Instant Chocolate Protein Powder",
    "imageUrl": "https://shop.coles.com.au/wcsstore/Coles-CAS/images/9/3/1/9314766-th.jpg",
    "categories": ["health-beauty"],
    "tags": ["medicinal", "vitamin-s"],
    "locations": {
      "vic": {
        "price": 21,
        "promoText": " ",
        "packageSize": "375g",
        "packagePrice": "$5.60 per 100G"
      }
    }
  },
  {
    "id": "natures-way-kids-smart-vita-gummies-calcium-vitamins",
    "brand": "Nature's Way",
    "name": "Kids Smart Vita Gummies Calcium",
    "imageUrl": "https://shop.coles.com.au/wcsstore/Coles-CAS/images/9/1/1/9114020-th.jpg",
    "categories": ["health-beauty"],
    "tags": ["medicinal", "vitamin-s"],
    "locations": {
      "vic": {
        "price": 14.5,
        "promoText": " ",
        "packageSize": "60 pack",
        "packagePrice": "$24.17 per 100Ea"
      }
    }
  },
  {
    "id": "natures-way-kids-smart-vita-gummies-omega-3-fish-oil-vitamins",
    "brand": "Nature's Way",
    "name": "Kids Smart Vita Gummies Omega",
    "imageUrl": "https://shop.coles.com.au/wcsstore/Coles-CAS/images/7/9/6/7969050-th.jpg",
    "categories": ["health-beauty"],
    "tags": ["medicinal", "vitamin-s"],
    "locations": {
      "vic": {
        "price": 14.5,
        "promoText": " ",
        "packageSize": "60 pack",
        "packagePrice": "$24.17 per 100Ea"
      }
    }
  },
  {
    "id": "natures-way-kids-smart-vita-gummies-vitamin-c-vitamins",
    "brand": "Nature's Way",
    "name": "Kids Smart Vita Gummies Vitamin C",
    "imageUrl": "https://shop.coles.com.au/wcsstore/Coles-CAS/images/7/9/6/7969061-th.jpg",
    "categories": ["health-beauty"],
    "tags": ["medicinal", "vitamin-s"],
    "locations": {
      "vic": {
        "price": 14.5,
        "promoText": " ",
        "packageSize": "60 pack",
        "packagePrice": "$24.17 per 100Ea"
      }
    }
  },
  {
    "id": "natures-way-kids-smart-vita-gummies-multi-vitamins",
    "brand": "Nature's Way",
    "name": "Kids Smart Vita Gummies Multivitamins",
    "imageUrl": "https://shop.coles.com.au/wcsstore/Coles-CAS/images/7/9/6/7969028-th.jpg",
    "categories": ["health-beauty"],
    "tags": ["medicinal", "vitamin-s"],
    "locations": {
      "vic": {
        "price": 14.5,
        "promoText": " ",
        "packageSize": "60 pack",
        "packagePrice": "$24.17 per 100Ea"
      }
    }
  },
  {
    "id": "natures-way-womens-multivitamins-vita-gummies",
    "brand": "Nature's Way",
    "name": "Women's Vita Gummies Multivitamins",
    "imageUrl": "https://shop.coles.com.au/wcsstore/Coles-CAS/images/2/2/6/2265775-th.jpg",
    "categories": ["health-beauty"],
    "tags": ["medicinal", "vitamin-s"],
    "locations": {
      "vic": {
        "price": 20,
        "promoText": " ",
        "packageSize": "100 pack",
        "packagePrice": "$20.00 per 100Ea"
      }
    }
  },
  {
    "id": "natures-way-vita-gummies-multi--vitamin-fussy-eater-gummies",
    "brand": "Nature's Way",
    "name": "Vita Gummies Multi-Vitamins 60 Pastilles",
    "imageUrl": "https://shop.coles.com.au/wcsstore/Coles-CAS/images/2/2/6/2265731-th.jpg",
    "categories": ["health-beauty"],
    "tags": ["medicinal", "vitamin-s"],
    "locations": {
      "vic": {
        "price": 14.5,
        "promoText": " ",
        "packageSize": "1 pack",
        "packagePrice": "$14.50 per 1Ea"
      }
    }
  },
  {
    "id": "natures-way-vita-gummies-family-multivitamin",
    "brand": "Nature's Way",
    "name": "Vita Gummies Family Multivitamin",
    "imageUrl": "https://shop.coles.com.au/wcsstore/Coles-CAS/images/2/2/7/2279350-th.jpg",
    "categories": ["health-beauty"],
    "tags": ["medicinal", "vitamin-s"],
    "locations": {
      "vic": {
        "price": 25,
        "promoText": " ",
        "packageSize": "180 pack",
        "packagePrice": "$13.89 per 100Ea"
      }
    }
  },
  {
    "id": "natures-way-beauty-collagen",
    "brand": "Nature's Way",
    "name": "Beauty Collagen Booster Tablets",
    "imageUrl": "https://shop.coles.com.au/wcsstore/Coles-CAS/images/2/5/6/2564357-th.jpg",
    "categories": ["health-beauty"],
    "tags": ["medicinal", "vitamin-s"],
    "locations": {
      "vic": {
        "price": 30,
        "promoText": " ",
        "packageSize": "60 pack",
        "packagePrice": "$50.00 per 100Ea"
      }
    }
  },
  {
    "id": "natures-way-adlt-vitagummies-calcm-sf",
    "brand": "Nature's Way",
    "name": "Adult Vita Gummies Calcium + Vitamin D Tablets",
    "imageUrl": "https://shop.coles.com.au/wcsstore/Coles-CAS/images/3/4/5/3453250-th.jpg",
    "categories": ["health-beauty"],
    "tags": ["medicinal", "vitamin-s"],
    "locations": {
      "vic": {
        "price": 20,
        "promoText": " ",
        "packageSize": "65 pack",
        "packagePrice": "$0.31 per 1Ea"
      }
    }
  },
  {
    "id": "nature-s-way-magnesium-powder-",
    "brand": "Nature's Way",
    "name": "Magnesium Powder",
    "imageUrl": "https://shop.coles.com.au/wcsstore/Coles-CAS/images/3/7/5/3753130-th.jpg",
    "categories": ["health-beauty"],
    "tags": ["medicinal", "vitamin-s"],
    "locations": {
      "vic": {
        "price": 30,
        "promoText": " ",
        "packageSize": "210g",
        "packagePrice": "$14.29 per 100G"
      }
    }
  },
  {
    "id": "naturopathica-vegan-multi-vitamins",
    "brand": "Naturopathica",
    "name": "Vegan Multi Vitamins",
    "imageUrl": "https://shop.coles.com.au/wcsstore/Coles-CAS/images/3/7/5/3753253-th.jpg",
    "categories": ["health-beauty"],
    "tags": ["medicinal", "vitamin-s"],
    "locations": {
      "vic": {
        "price": 20,
        "promoText": " ",
        "packageSize": "50 pack",
        "packagePrice": "$40.00 per 100Ea"
      }
    }
  },
  {
    "id": "ostelin-vitamin-d-calcium-tablets",
    "brand": "Ostelin",
    "name": "Calcium & Vitamin D3 Tablets",
    "imageUrl": "https://shop.coles.com.au/wcsstore/Coles-CAS/images/8/6/5/8653700-th.jpg",
    "categories": ["health-beauty"],
    "tags": ["medicinal", "vitamin-s"],
    "locations": {
      "vic": {
        "price": 14.2,
        "promoText": " ",
        "packageSize": "60 pack",
        "packagePrice": "$0.24 per 1Ea"
      }
    }
  },
  {
    "id": "swisse-vitamins-ultiboost-tablets-sleep",
    "brand": "Swisse",
    "name": "Ultiboost Sleep Tablets",
    "imageUrl": "https://shop.coles.com.au/wcsstore/Coles-CAS/images/6/9/4/6940778-th.jpg",
    "categories": ["health-beauty"],
    "tags": ["medicinal", "vitamin-s"],
    "locations": {
      "vic": {
        "price": 22,
        "promoText": " ",
        "packageSize": "60 pack",
        "packagePrice": "$36.67 per 100Ea"
      }
    }
  },
  {
    "id": "swisse-ultiboost-odless-wld-fshoil-1000mg-400-pck",
    "brand": "Swisse",
    "name": "Ultiboost Odourless Wild Fish Oil 1000mg Capsules",
    "imageUrl": "https://shop.coles.com.au/wcsstore/Coles-CAS/images/8/0/9/8099067-th.jpg",
    "categories": ["health-beauty"],
    "tags": ["medicinal", "vitamin-s"],
    "locations": {
      "vic": {
        "price": 28,
        "promoText": " ",
        "packageSize": "400 pack",
        "packagePrice": "$7.00 per 100Ea"
      }
    }
  },
  {
    "id": "swisse-ultibiotic-daily-ibs-probiotic",
    "brand": "Swisse",
    "name": "Ultibiotic Daily IBS Probiotic Capsules",
    "imageUrl": "https://shop.coles.com.au/wcsstore/Coles-CAS/images/3/4/6/3469282-th.jpg",
    "categories": ["health-beauty"],
    "tags": ["medicinal", "vitamin-s"],
    "locations": {
      "vic": {
        "price": 19.2,
        "promoText": "$12.80 ",
        "packageSize": "30 pack",
        "packagePrice": "$64.00 per 100Ea"
      }
    }
  },
  {
    "id": "swisse-ultibost-high-strength-organic-tumeric-3758290p",
    "brand": "Swisse",
    "name": "Ultiboost High Strength Organic Tumeric",
    "imageUrl": "https://shop.coles.com.au/wcsstore/Coles-CAS/images/3/7/5/3758290-th.jpg",
    "categories": ["health-beauty"],
    "tags": ["medicinal", "vitamin-s"],
    "locations": {
      "vic": {
        "price": 25,
        "promoText": " ",
        "packageSize": "30 PACK",
        "packagePrice": ""
      }
    }
  },
  {
    "id": "vost-collagen-effervescent",
    "brand": "Voost",
    "name": "Collagen Effervescent",
    "imageUrl": "https://shop.coles.com.au/wcsstore/Coles-CAS/images/3/6/1/3615114-th.jpg",
    "categories": ["health-beauty"],
    "tags": ["medicinal", "vitamin-s"],
    "locations": {
      "vic": {
        "price": 10,
        "promoText": "$3.00 ",
        "packageSize": "40 pack",
        "packagePrice": "$25.00 per 100Ea"
      }
    }
  },
  {
    "id": "berocca-twist-go-drink-orange",
    "brand": "Berocca",
    "name": "Twist N Go Energy Vitamin Orange Drink",
    "imageUrl": "https://shop.coles.com.au/wcsstore/Coles-CAS/images/7/3/8/7387124-th.jpg",
    "categories": ["health-beauty"],
    "tags": ["medicinal", "vitamin-s"],
    "locations": {
      "vic": {
        "price": 3.8,
        "promoText": " ",
        "packageSize": "250mL",
        "packagePrice": "$1.52 per 100mL"
      }
    }
  },
  {
    "id": "berocca-performance-tablets-orange",
    "brand": "Berocca",
    "name": "Energy Vitamin Orange 30 Effervescent Tablets",
    "imageUrl": "https://shop.coles.com.au/wcsstore/Coles-CAS/images/9/4/6/9467224-th.jpg",
    "categories": ["health-beauty"],
    "tags": ["medicinal", "vitamin-s"],
    "locations": {
      "vic": {
        "price": 12.97,
        "promoText": "$4.33 ",
        "packageSize": "1 Pack",
        "packagePrice": "$12.97 per 1Ea"
      }
    }
  },
  {
    "id": "berocca-boost-guarana-sugar-free-effervescent-tablet",
    "brand": "Berocca",
    "name": "Energy Vitamin With Guarana 20 Effervescent Tablets",
    "imageUrl": "https://shop.coles.com.au/wcsstore/Coles-CAS/images/2/0/3/2034182-th.jpg",
    "categories": ["health-beauty"],
    "tags": ["medicinal", "vitamin-s"],
    "locations": {
      "vic": {
        "price": 16.5,
        "promoText": " ",
        "packageSize": "1 Pack",
        "packagePrice": "$16.50 per 1Ea"
      }
    }
  },
  {
    "id": "bionaturals-stress-formula-3476641p",
    "brand": "BioNaturals",
    "name": "Stress Formula",
    "imageUrl": "https://shop.coles.com.au/wcsstore/Coles-CAS/images/3/4/7/3476641-th.jpg",
    "categories": ["health-beauty"],
    "tags": ["medicinal", "vitamin-s"],
    "locations": {
      "vic": {
        "price": 27,
        "promoText": " ",
        "packageSize": "50 pack",
        "packagePrice": "$0.54 per 1Ea"
      }
    }
  },
  {
    "id": "bionaturals-magnesium-boost-3476608p",
    "brand": "BioNaturals",
    "name": "Magnesium Boost",
    "imageUrl": "https://shop.coles.com.au/wcsstore/Coles-CAS/images/3/4/7/3476608-th.jpg",
    "categories": ["health-beauty"],
    "tags": ["medicinal", "vitamin-s"],
    "locations": {
      "vic": {
        "price": 27,
        "promoText": " ",
        "packageSize": "70 pack",
        "packagePrice": "$0.39 per 1Ea"
      }
    }
  },
  {
    "id": "bionaturals-b-complex-3476652p",
    "brand": "Bionaturals",
    "name": "B Complex",
    "imageUrl": "https://shop.coles.com.au/wcsstore/Coles-CAS/images/3/4/7/3476652-th.jpg",
    "categories": ["health-beauty"],
    "tags": ["medicinal", "vitamin-s"],
    "locations": {
      "vic": {
        "price": 27,
        "promoText": " ",
        "packageSize": "60 pack",
        "packagePrice": "$45.00 per 100Ea"
      }
    }
  },
  {
    "id": "blackmores-pregnancy-breast-feeding-capsules",
    "brand": "Blackmores",
    "name": "Pregnancy & Breast Feeding Capsules",
    "imageUrl": "https://shop.coles.com.au/wcsstore/Coles-CAS/images/8/2/9/8297184-th.jpg",
    "categories": ["health-beauty"],
    "tags": ["medicinal", "vitamin-s"],
    "locations": {
      "vic": {
        "price": 16.4,
        "promoText": "$4.10 ",
        "packageSize": "60 pack",
        "packagePrice": "$27.33 per 100Ea"
      }
    }
  },
  {
    "id": "blackmores-executive-b-stress-tablets",
    "brand": "Blackmores",
    "name": "Executive B Stress Tablets",
    "imageUrl": "https://shop.coles.com.au/wcsstore/Coles-CAS/images/8/2/9/8296829-th.jpg",
    "categories": ["health-beauty"],
    "tags": ["medicinal", "vitamin-s"],
    "locations": {
      "vic": {
        "price": 24,
        "promoText": " ",
        "packageSize": "62 pack",
        "packagePrice": "$38.71 per 100Ea"
      }
    }
  },
  {
    "id": "blackmores-valerian-forte-2000mg-tablets",
    "brand": "Blackmores",
    "name": "Valerian Forte Tablets",
    "imageUrl": "https://shop.coles.com.au/wcsstore/Coles-CAS/images/8/2/9/8297694-th.jpg",
    "categories": ["health-beauty"],
    "tags": ["medicinal", "vitamin-s"],
    "locations": {
      "vic": {
        "price": 16,
        "promoText": " ",
        "packageSize": "30 pack",
        "packagePrice": "$53.34 per 100Ea"
      }
    }
  },
  {
    "id": "blackmores-fish-oil-1000-capsules",
    "brand": "Blackmores",
    "name": "Fish Oil 1000mg Capsules",
    "imageUrl": "https://shop.coles.com.au/wcsstore/Coles-CAS/images/4/9/4/4941780-th.jpg",
    "categories": ["health-beauty"],
    "tags": ["medicinal", "vitamin-s"],
    "locations": {
      "vic": {
        "price": 18,
        "promoText": " ",
        "packageSize": "200 pack",
        "packagePrice": "$9.00 per 100Ea"
      }
    }
  },
  {
    "id": "blackmore-bio-iron",
    "brand": "Blackmores",
    "name": "Bio Iron Advanced Tablets",
    "imageUrl": "https://shop.coles.com.au/wcsstore/Coles-CAS/images/2/2/6/2268988-th.jpg",
    "categories": ["health-beauty"],
    "tags": ["medicinal", "vitamin-s"],
    "locations": {
      "vic": {
        "price": 15.2,
        "promoText": "$3.80 ",
        "packageSize": "30 pack",
        "packagePrice": "$50.67 per 100Ea"
      }
    }
  },
  {
    "id": "blackmores-probioticswomens-flora",
    "brand": "Blackmores",
    "name": "Probiotics+ Womens Flora Balance",
    "imageUrl": "https://shop.coles.com.au/wcsstore/Coles-CAS/images/3/4/5/3455460-th.jpg",
    "categories": ["health-beauty"],
    "tags": ["medicinal", "vitamin-s"],
    "locations": {
      "vic": {
        "price": 24,
        "promoText": "$6.00 ",
        "packageSize": "30 pack",
        "packagePrice": "$80.00 per 100Ea"
      }
    }
  },
  {
    "id": "blackmores-daily-magnesium-powder",
    "brand": "Blackmores",
    "name": "Daily Magnesium Powder",
    "imageUrl": "https://shop.coles.com.au/wcsstore/Coles-CAS/images/3/4/7/3472651-th.jpg",
    "categories": ["health-beauty"],
    "tags": ["medicinal", "vitamin-s"],
    "locations": {
      "vic": {
        "price": 20,
        "promoText": " ",
        "packageSize": "150g",
        "packagePrice": "$13.33 per 100G"
      }
    }
  },
  {
    "id": "blackmores-omega-double-high-stregth",
    "brand": "Blackmores",
    "name": "Omega Double High Strength Fish Oil Capsules",
    "imageUrl": "https://shop.coles.com.au/wcsstore/Coles-CAS/images/3/6/2/3627000-th.jpg",
    "categories": ["health-beauty"],
    "tags": ["medicinal", "vitamin-s"],
    "locations": {
      "vic": {
        "price": 32,
        "promoText": " ",
        "packageSize": "90 pack",
        "packagePrice": "$0.36 per 1Ea"
      }
    }
  },
  {
    "id": "blackmores-canberry-forte-50000mg",
    "brand": "Blackmores",
    "name": "Cranberry Forte Capsules 50000mg",
    "imageUrl": "https://shop.coles.com.au/wcsstore/Coles-CAS/images/3/6/2/3626959-th.jpg",
    "categories": ["health-beauty"],
    "tags": ["medicinal", "vitamin-s"],
    "locations": {
      "vic": {
        "price": 20,
        "promoText": " ",
        "packageSize": "30 pack",
        "packagePrice": "$66.67 per 100Ea"
      }
    }
  },
  {
    "id": "blackmores-multivitamin-for-women-50-pack",
    "brand": "Blackmores",
    "name": "Multivitamin For Women",
    "imageUrl": "https://shop.coles.com.au/wcsstore/Coles-CAS/images/3/7/0/3709477-th.jpg",
    "categories": ["health-beauty"],
    "tags": ["medicinal", "vitamin-s"],
    "locations": {
      "vic": {
        "price": 20,
        "promoText": " ",
        "packageSize": "50 pack",
        "packagePrice": "$0.40 per 1Ea"
      }
    }
  },
  {
    "id": "blackmores-multivitamin-immune-50-pack",
    "brand": "Blackmores",
    "name": "Multivitamin + Immune Tablets",
    "imageUrl": "https://shop.coles.com.au/wcsstore/Coles-CAS/images/3/7/0/3709557-th.jpg",
    "categories": ["health-beauty"],
    "tags": ["medicinal", "vitamin-s"],
    "locations": {
      "vic": {
        "price": 20,
        "promoText": " ",
        "packageSize": "50 pack",
        "packagePrice": "$0.40 per 1Ea"
      }
    }
  },
  {
    "id": "brauser-sleep-insomnia-tablets",
    "brand": "Brauer",
    "name": "Sleep & Insomnia Relief Tablets",
    "imageUrl": "https://shop.coles.com.au/wcsstore/Coles-CAS/images/9/1/2/9128386-th.jpg",
    "categories": ["health-beauty"],
    "tags": ["medicinal", "vitamin-s"],
    "locations": {
      "vic": {
        "price": 15,
        "promoText": " ",
        "packageSize": "60 pack",
        "packagePrice": "$0.25 per 1Ea"
      }
    }
  },
  {
    "id": "caltrate-plus-calcium-supplement-tablets",
    "brand": "Caltrate",
    "name": "Bone & Muscle Health Tablets",
    "imageUrl": "https://shop.coles.com.au/wcsstore/Coles-CAS/images/9/3/1/9314620-th.jpg",
    "categories": ["health-beauty"],
    "tags": ["medicinal", "vitamin-s"],
    "locations": {
      "vic": {
        "price": 17,
        "promoText": " ",
        "packageSize": "100 pack",
        "packagePrice": "$17.00 per 100Ea"
      }
    }
  },
  {
    "id": "caltrate-plus-tablets",
    "brand": "Caltrate",
    "name": "Bone & Muscle Calcium With Vitamin D3 60 Health Tablets",
    "imageUrl": "https://shop.coles.com.au/wcsstore/Coles-CAS/images/7/8/3/7831111-th.jpg",
    "categories": ["health-beauty"],
    "tags": ["medicinal", "vitamin-s"],
    "locations": {
      "vic": {
        "price": 7.99,
        "promoText": "$1.01 ",
        "packageSize": "1 pack",
        "packagePrice": "$7.99 per 1Ea"
      }
    }
  },
  {
    "id": "cenovis-guarana-ginseng-2000mg",
    "brand": "Cenovis",
    "name": "Guarana + Ginseng Tablets",
    "imageUrl": "https://shop.coles.com.au/wcsstore/Coles-CAS/images/8/5/2/8528549-th.jpg",
    "categories": ["health-beauty"],
    "tags": ["medicinal", "vitamin-s"],
    "locations": {
      "vic": {
        "price": 8,
        "promoText": "$8.00 ",
        "packageSize": "60 pack",
        "packagePrice": "$0.13 per 1Ea"
      }
    }
  },
  {
    "id": "cenovis-tablets-liver-support",
    "brand": "Cenovis",
    "name": "Liver Support Milk Thistle 7000 Tablets",
    "imageUrl": "https://shop.coles.com.au/wcsstore/Coles-CAS/images/7/9/7/7973987-th.jpg",
    "categories": ["health-beauty"],
    "tags": ["medicinal", "vitamin-s"],
    "locations": {
      "vic": {
        "price": 15,
        "promoText": "Was $15.50 on Dec 2017 ",
        "packageSize": "75 pack",
        "packagePrice": "$0.20 per 1Ea"
      }
    }
  },
  {
    "id": "cenovis-st-johns-wort-tablets",
    "brand": "Cenovis",
    "name": "St. John's Wort Tablets",
    "imageUrl": "https://shop.coles.com.au/wcsstore/Coles-CAS/images/5/6/0/5602430-th.jpg",
    "categories": ["health-beauty"],
    "tags": ["medicinal", "vitamin-s"],
    "locations": {
      "vic": {
        "price": 9.8,
        "promoText": "$4.20 ",
        "packageSize": "60 pack",
        "packagePrice": "$0.16 per 1Ea"
      }
    }
  },
  {
    "id": "cenovis-easy-sleep-valerian-2000mg-capsules",
    "brand": "Cenovis",
    "name": "EasySleep Valerian Capsules",
    "imageUrl": "https://shop.coles.com.au/wcsstore/Coles-CAS/images/9/6/0/9601291-th.jpg",
    "categories": ["health-beauty"],
    "tags": ["medicinal", "vitamin-s"],
    "locations": {
      "vic": {
        "price": 6,
        "promoText": "$6.00 ",
        "packageSize": "30 pack",
        "packagePrice": "$0.20 per 1Ea"
      }
    }
  },
  {
    "id": "cenovis-tablets-multi-vitamin-mineral-value-pack",
    "brand": "Cenovis",
    "name": "Multivitamin and Minerals Tablets",
    "imageUrl": "https://shop.coles.com.au/wcsstore/Coles-CAS/images/9/6/0/9601054-th.jpg",
    "categories": ["health-beauty"],
    "tags": ["medicinal", "vitamin-s"],
    "locations": {
      "vic": {
        "price": 9.8,
        "promoText": "$4.20 ",
        "packageSize": "200 pack",
        "packagePrice": "$4.90 per 100Ea"
      }
    }
  },
  {
    "id": "cenovis-glucosamine-1500mg",
    "brand": "Cenovis",
    "name": "Glucosamine 1500 Tablets",
    "imageUrl": "https://shop.coles.com.au/wcsstore/Coles-CAS/images/2/3/5/2355084-th.jpg",
    "categories": ["health-beauty"],
    "tags": ["medicinal", "vitamin-s"],
    "locations": {
      "vic": {
        "price": 29,
        "promoText": " ",
        "packageSize": "200 pack",
        "packagePrice": "$0.15 per 1Ea"
      }
    }
  },
  {
    "id": "cenovis-once-daily-50-multi-capsules",
    "brand": "Cenovis",
    "name": "50+ Multi Once Daily Capsules",
    "imageUrl": "https://shop.coles.com.au/wcsstore/Coles-CAS/images/2/8/2/2826125-th.jpg",
    "categories": ["health-beauty"],
    "tags": ["medicinal", "vitamin-s"],
    "locations": {
      "vic": {
        "price": 12,
        "promoText": "$12.00 ",
        "packageSize": "100 pack",
        "packagePrice": "$12.00 per 100Ea"
      }
    }
  },
  {
    "id": "cenovis-once-daily-womens-multi-capsules",
    "brand": "Cenovis",
    "name": "Women?s Multi Once Daily Capsules",
    "imageUrl": "https://shop.coles.com.au/wcsstore/Coles-CAS/images/2/8/2/2826103-th.jpg",
    "categories": ["health-beauty"],
    "tags": ["medicinal", "vitamin-s"],
    "locations": {
      "vic": {
        "price": 8,
        "promoText": "$8.00 ",
        "packageSize": "50 pack",
        "packagePrice": "$16.00 per 100Ea"
      }
    }
  },
  {
    "id": "cenovis-once-daily-mens-mutli-perfomance-",
    "brand": "Cenovis",
    "name": "Men?s Multi+ Performance Once Daily Capsules",
    "imageUrl": "https://shop.coles.com.au/wcsstore/Coles-CAS/images/2/8/2/2827718-th.jpg",
    "categories": ["health-beauty"],
    "tags": ["medicinal", "vitamin-s"],
    "locations": {
      "vic": {
        "price": 10,
        "promoText": "$10.00 ",
        "packageSize": "50 pack",
        "packagePrice": "$0.20 per 1Ea"
      }
    }
  },
  {
    "id": "cenovis-once-daily-mens-multi-capsules",
    "brand": "Cenovis",
    "name": "Men?s Multi Once Daily Capsules",
    "imageUrl": "https://shop.coles.com.au/wcsstore/Coles-CAS/images/2/8/2/2826090-th.jpg",
    "categories": ["health-beauty"],
    "tags": ["medicinal", "vitamin-s"],
    "locations": {
      "vic": {
        "price": 12,
        "promoText": "$12.00 ",
        "packageSize": "100 pack",
        "packagePrice": "$12.00 per 100Ea"
      }
    }
  },
  {
    "id": "cenovis-once-daily-mens-multi-capsules-2826012p",
    "brand": "Cenovis",
    "name": "Men?s Multi Once Daily Capsules",
    "imageUrl": "https://shop.coles.com.au/wcsstore/Coles-CAS/images/2/8/2/2826012-th.jpg",
    "categories": ["health-beauty"],
    "tags": ["medicinal", "vitamin-s"],
    "locations": {
      "vic": {
        "price": 8,
        "promoText": "$8.00 ",
        "packageSize": "50 pack",
        "packagePrice": "$16.00 per 100Ea"
      }
    }
  },
  {
    "id": "cenovis-once-daily-womens-multi-energy-boost",
    "brand": "Cenovis",
    "name": "Women?s Multi+ Energy Boost Once Daily Capsules",
    "imageUrl": "https://shop.coles.com.au/wcsstore/Coles-CAS/images/2/8/2/2826001-th.jpg",
    "categories": ["health-beauty"],
    "tags": ["medicinal", "vitamin-s"],
    "locations": {
      "vic": {
        "price": 15,
        "promoText": "$15.00 ",
        "packageSize": "100 pack",
        "packagePrice": "$0.15 per 1Ea"
      }
    }
  },
  {
    "id": "cenovis-celery-2500-capsules",
    "brand": "Cenovis",
    "name": "Celery 2500 Capsules",
    "imageUrl": "https://shop.coles.com.au/wcsstore/Coles-CAS/images/2/8/2/2828470-th.jpg",
    "categories": ["health-beauty"],
    "tags": ["medicinal", "vitamin-s"],
    "locations": {
      "vic": {
        "price": 7.5,
        "promoText": "$7.50 ",
        "packageSize": "80 pack",
        "packagePrice": "$9.38 per 100Ea"
      }
    }
  },
  {
    "id": "cenovis-once-daily-mens-multi-perform--caps",
    "brand": "Cenovis",
    "name": "Men?s Multi+ Performance Once Daily Capsules",
    "imageUrl": "https://shop.coles.com.au/wcsstore/Coles-CAS/images/2/8/2/2825993-th.jpg",
    "categories": ["health-beauty"],
    "tags": ["medicinal", "vitamin-s"],
    "locations": {
      "vic": {
        "price": 15,
        "promoText": "$15.00 ",
        "packageSize": "100 pack",
        "packagePrice": "$0.15 per 1Ea"
      }
    }
  },
  {
    "id": "cenovis-caps-mega-e-500mg",
    "brand": "Cenovis",
    "name": "Mega E 500IU Capsules",
    "imageUrl": "https://shop.coles.com.au/wcsstore/Coles-CAS/images/5/6/0/5602383-th.jpg",
    "categories": ["health-beauty"],
    "tags": ["medicinal", "vitamin-s"],
    "locations": {
      "vic": {
        "price": 18.5,
        "promoText": "$18.50 ",
        "packageSize": "250 pack",
        "packagePrice": "$0.07 per 1Ea"
      }
    }
  },
  {
    "id": "cenovis-hair-skin-and-nails",
    "brand": "Cenovis",
    "name": "Hair Skin And Nails Tablets",
    "imageUrl": "https://shop.coles.com.au/wcsstore/Coles-CAS/images/3/4/7/3470317-th.jpg",
    "categories": ["health-beauty"],
    "tags": ["medicinal", "vitamin-s"],
    "locations": {
      "vic": {
        "price": 8.25,
        "promoText": "$8.25 ",
        "packageSize": "60 pack",
        "packagePrice": "$0.14 per 1Ea"
      }
    }
  },
  {
    "id": "cenovis-hello-detox-30-tablets",
    "brand": "Cenovis",
    "name": "Hello Detox Capsules",
    "imageUrl": "https://shop.coles.com.au/wcsstore/Coles-CAS/images/3/7/0/3709739-th.jpg",
    "categories": ["health-beauty"],
    "tags": ["medicinal", "vitamin-s"],
    "locations": {
      "vic": {
        "price": 10,
        "promoText": "$10.00 ",
        "packageSize": "30 pack",
        "packagePrice": "$0.33 per 1Ea"
      }
    }
  },
  {
    "id": "cenovis-hello-immunity-30-tablets",
    "brand": "Cenovis",
    "name": "Hello Immunity Tablets",
    "imageUrl": "https://shop.coles.com.au/wcsstore/Coles-CAS/images/3/7/0/3709740-th.jpg",
    "categories": ["health-beauty"],
    "tags": ["medicinal", "vitamin-s"],
    "locations": {
      "vic": {
        "price": 10,
        "promoText": "$10.00 ",
        "packageSize": "30 pack",
        "packagePrice": "$0.33 per 1Ea"
      }
    }
  },
  {
    "id": "cenovis-hello-focus-30-tablets",
    "brand": "Cenovis",
    "name": "Hello Focus Tablets",
    "imageUrl": "https://shop.coles.com.au/wcsstore/Coles-CAS/images/3/7/0/3709706-th.jpg",
    "categories": ["health-beauty"],
    "tags": ["medicinal", "vitamin-s"],
    "locations": {
      "vic": {
        "price": 10,
        "promoText": "$10.00 ",
        "packageSize": "30 pack",
        "packagePrice": "$0.33 per 1Ea"
      }
    }
  },
  {
    "id": "cenovis-hello-bost-30-tablets",
    "brand": "Cenovis",
    "name": "Hello Boost Tablets",
    "imageUrl": "https://shop.coles.com.au/wcsstore/Coles-CAS/images/3/7/0/3709670-th.jpg",
    "categories": ["health-beauty"],
    "tags": ["medicinal", "vitamin-s"],
    "locations": {
      "vic": {
        "price": 10,
        "promoText": "$10.00 ",
        "packageSize": "30 pack",
        "packagePrice": "$0.33 per 1Ea"
      }
    }
  },
  {
    "id": "cenovis-hello-energy-30-tablets",
    "brand": "Cenovis",
    "name": "Hello Energy Tablets",
    "imageUrl": "https://shop.coles.com.au/wcsstore/Coles-CAS/images/3/7/0/3709728-th.jpg",
    "categories": ["health-beauty"],
    "tags": ["medicinal", "vitamin-s"],
    "locations": {
      "vic": {
        "price": 10,
        "promoText": "$10.00 ",
        "packageSize": "30 pack",
        "packagePrice": "$0.33 per 1Ea"
      }
    }
  },
  {
    "id": "cenovis-hello-calm-30-tablets",
    "brand": "Cenovis",
    "name": "Hello Calm Tablets",
    "imageUrl": "https://shop.coles.com.au/wcsstore/Coles-CAS/images/3/7/0/3709659-th.jpg",
    "categories": ["health-beauty"],
    "tags": ["medicinal", "vitamin-s"],
    "locations": {
      "vic": {
        "price": 10,
        "promoText": "$10.00 ",
        "packageSize": "30 pack",
        "packagePrice": "$0.33 per 1Ea"
      }
    }
  },
  {
    "id": "cenovis-folic-acid-500-mcg-3758541p",
    "brand": "Cenovis",
    "name": "Folic Acid 500 Mcg",
    "imageUrl": "https://shop.coles.com.au/wcsstore/Coles-CAS/images/3/7/5/3758541-th.jpg",
    "categories": ["health-beauty"],
    "tags": ["medicinal", "vitamin-s"],
    "locations": {
      "vic": {
        "price": 6.25,
        "promoText": "$6.25 ",
        "packageSize": "150 PACK",
        "packagePrice": ""
      }
    }
  },
  {
    "id": "cenovis-cold-sore-complex-3758552p",
    "brand": "Cenovis",
    "name": "Cold Sore Complex",
    "imageUrl": "https://shop.coles.com.au/wcsstore/Coles-CAS/images/3/7/5/3758552-th.jpg",
    "categories": ["health-beauty"],
    "tags": ["medicinal", "vitamin-s"],
    "locations": {
      "vic": {
        "price": 7,
        "promoText": "$7.00 ",
        "packageSize": "30 PACK",
        "packagePrice": ""
      }
    }
  },
  {
    "id": "cenovis-mega-c",
    "brand": "Cenovis",
    "name": "Mega C",
    "imageUrl": "https://shop.coles.com.au/wcsstore/Coles-CAS/images/3/7/6/3765456-th.jpg",
    "categories": ["health-beauty"],
    "tags": ["medicinal", "vitamin-s"],
    "locations": {
      "vic": {
        "price": 7.5,
        "promoText": "$7.50 ",
        "packageSize": "100 pack",
        "packagePrice": "$7.50 per 100Ea"
      }
    }
  },
  {
    "id": "cenovis-glucosamine-fish-oil-capsules",
    "brand": "Cenovis",
    "name": "Glucosamine & Fish Oil Capsules",
    "imageUrl": "https://shop.coles.com.au/wcsstore/Coles-CAS/images/3/7/5/3758530-th.jpg",
    "categories": ["health-beauty"],
    "tags": ["medicinal", "vitamin-s"],
    "locations": {
      "vic": {
        "price": 12.5,
        "promoText": "$12.50 ",
        "packageSize": "200 pack",
        "packagePrice": "$0.06 per 1Ea"
      }
    }
  },
  {
    "id": "centrum-advanced-multivitamin-selct-50plus",
    "brand": "Centrum",
    "name": "Advance 50+ Multivitamin Tablets",
    "imageUrl": "https://shop.coles.com.au/wcsstore/Coles-CAS/images/8/5/9/8599966-th.jpg",
    "categories": ["health-beauty"],
    "tags": ["medicinal", "vitamin-s"],
    "locations": {
      "vic": {
        "price": 17,
        "promoText": " ",
        "packageSize": "60 pack",
        "packagePrice": "$28.33 per 100Ea"
      }
    }
  },
  {
    "id": "centrum-advanced-tabs-multi-vitamin-mineral",
    "brand": "Centrum",
    "name": "Advance Multivitamin Tablets",
    "imageUrl": "https://shop.coles.com.au/wcsstore/Coles-CAS/images/8/5/9/8599922-th.jpg",
    "categories": ["health-beauty"],
    "tags": ["medicinal", "vitamin-s"],
    "locations": {
      "vic": {
        "price": 17,
        "promoText": " ",
        "packageSize": "60 pack",
        "packagePrice": "$28.33 per 100Ea"
      }
    }
  },
  {
    "id": "centrum-vitamin-multi-for-women",
    "brand": "Centrum",
    "name": "Multivitamin And Mineral Supplement for Women 60 Tablets",
    "imageUrl": "https://shop.coles.com.au/wcsstore/Coles-CAS/images/1/2/8/1281696-th.jpg",
    "categories": ["health-beauty"],
    "tags": ["medicinal", "vitamin-s"],
    "locations": {
      "vic": {
        "price": 20,
        "promoText": " ",
        "packageSize": "1 Pack",
        "packagePrice": "$20.00 per 1Ea"
      }
    }
  },
  {
    "id": "centrum-vitamin-multi-for-men",
    "brand": "Centrum",
    "name": "Multivitamin Tablets For Men",
    "imageUrl": "https://shop.coles.com.au/wcsstore/Coles-CAS/images/1/2/8/1281685-th.jpg",
    "categories": ["health-beauty"],
    "tags": ["medicinal", "vitamin-s"],
    "locations": {
      "vic": {
        "price": 20,
        "promoText": " ",
        "packageSize": "",
        "packagePrice": "$33.33 per 100Ea"
      }
    }
  },
  {
    "id": "coles-effervescent-tabs-orange",
    "brand": "Coles",
    "name": "Effervescent Tablets Orange",
    "imageUrl": "https://shop.coles.com.au/wcsstore/Coles-CAS/images/3/0/1/3019220-th.jpg",
    "categories": ["health-beauty"],
    "tags": ["medicinal", "vitamin-s"],
    "locations": {
      "vic": {
        "price": 5,
        "promoText": " ",
        "packageSize": "1 pack",
        "packagePrice": "$5.00 per 1Ea"
      }
    }
  },
  {
    "id": "comvita-olive-leaf-extract-high-strength-capsules",
    "brand": "Comvita",
    "name": "Olive Leaf Extract High Strength Capsules",
    "imageUrl": "https://shop.coles.com.au/wcsstore/Coles-CAS/images/3/7/5/3758133-th.jpg",
    "categories": ["health-beauty"],
    "tags": ["medicinal", "vitamin-s"],
    "locations": {
      "vic": {
        "price": 22,
        "promoText": " ",
        "packageSize": "60 pack",
        "packagePrice": "$0.37 per 1Ea"
      }
    }
  },
  {
    "id": "fiji-kava-noble-extract-capsules",
    "brand": "Fiji Kava",
    "name": "Noble Extract Capsules",
    "imageUrl": "https://shop.coles.com.au/wcsstore/Coles-CAS/images/3/7/6/3761615-th.jpg",
    "categories": ["health-beauty"],
    "tags": ["medicinal", "vitamin-s"],
    "locations": {
      "vic": {
        "price": 30,
        "promoText": " ",
        "packageSize": "",
        "packagePrice": ""
      }
    }
  },
  {
    "id": "hairy-lemon--effervescent-tablets",
    "brand": "Hairy Lemon",
    "name": "40 Effervescent Tablets",
    "imageUrl": "https://shop.coles.com.au/wcsstore/Coles-CAS/images/9/9/2/9924891-th.jpg",
    "categories": ["health-beauty"],
    "tags": ["medicinal", "vitamin-s"],
    "locations": {
      "vic": {
        "price": 13.3,
        "promoText": " ",
        "packageSize": "1 pack",
        "packagePrice": "$13.30 per 1Ea"
      }
    }
  },
  {
    "id": "kynd-multivitamin-skin-30-pack",
    "brand": "Kynd",
    "name": "Multivitamin + Skin",
    "imageUrl": "https://shop.coles.com.au/wcsstore/Coles-CAS/images/3/7/6/3761444-th.jpg",
    "categories": ["health-beauty"],
    "tags": ["medicinal", "vitamin-s"],
    "locations": {
      "vic": {
        "price": 24,
        "promoText": "$6.00 ",
        "packageSize": "30 PACK",
        "packagePrice": ""
      }
    }
  },
  {
    "id": "kynd-collagen-complete-3761488p",
    "brand": "Kynd",
    "name": "Collagen Complete+",
    "imageUrl": "https://shop.coles.com.au/wcsstore/Coles-CAS/images/3/7/6/3761488-th.jpg",
    "categories": ["health-beauty"],
    "tags": ["medicinal", "vitamin-s"],
    "locations": {
      "vic": {
        "price": 0,
        "promoText": " ",
        "packageSize": "",
        "packagePrice": ""
      }
    }
  },
  {
    "id": "life-space-pregnancy-probiotic",
    "brand": "Life-Space",
    "name": "Pregnancy Probiotic Tablets",
    "imageUrl": "https://shop.coles.com.au/wcsstore/Coles-CAS/images/3/4/4/3449467-th.jpg",
    "categories": ["health-beauty"],
    "tags": ["medicinal", "vitamin-s"],
    "locations": {
      "vic": {
        "price": 27,
        "promoText": " ",
        "packageSize": "30 pack",
        "packagePrice": "$0.90 per 1Ea"
      }
    }
  },
  {
    "id": "life-space-shape-b420-probiotic",
    "brand": "Life-Space",
    "name": "Shape B420 40 Probiotic Tablets",
    "imageUrl": "https://shop.coles.com.au/wcsstore/Coles-CAS/images/3/5/1/3513577-th.jpg",
    "categories": ["health-beauty"],
    "tags": ["medicinal", "vitamin-s"],
    "locations": {
      "vic": {
        "price": 27,
        "promoText": " ",
        "packageSize": "1 pack",
        "packagePrice": "$27.00 per 1Ea"
      }
    }
  },
  {
    "id": "life-space-probiotic-60-capsules",
    "brand": "Life-Space",
    "name": "Probiotic 60+ Years Tablets",
    "imageUrl": "https://shop.coles.com.au/wcsstore/Coles-CAS/images/3/4/4/3449977-th.jpg",
    "categories": ["health-beauty"],
    "tags": ["medicinal", "vitamin-s"],
    "locations": {
      "vic": {
        "price": 27,
        "promoText": " ",
        "packageSize": "40 pack",
        "packagePrice": "$0.68 per 1Ea"
      }
    }
  },
  {
    "id": "life-space-double-strength-probiotic",
    "brand": "Life-Space",
    "name": "Double Strength Probiotic Tablets",
    "imageUrl": "https://shop.coles.com.au/wcsstore/Coles-CAS/images/3/4/4/3449944-th.jpg",
    "categories": ["health-beauty"],
    "tags": ["medicinal", "vitamin-s"],
    "locations": {
      "vic": {
        "price": 27,
        "promoText": " ",
        "packageSize": "20 pack",
        "packagePrice": "$1.35 per 1Ea"
      }
    }
  },
  {
    "id": "life-space-broadspectrum-probiotic",
    "brand": "Life-Space",
    "name": "Broad Spectrum Probiotic Tablets",
    "imageUrl": "https://shop.coles.com.au/wcsstore/Coles-CAS/images/3/4/4/3449456-th.jpg",
    "categories": ["health-beauty"],
    "tags": ["medicinal", "vitamin-s"],
    "locations": {
      "vic": {
        "price": 27,
        "promoText": " ",
        "packageSize": "40 pack",
        "packagePrice": "$0.68 per 1Ea"
      }
    }
  },
  {
    "id": "life-space-probiotic-powder-for-children",
    "brand": "Life-Space",
    "name": "Probiotic Powder For Children 3-12 Years",
    "imageUrl": "https://shop.coles.com.au/wcsstore/Coles-CAS/images/3/4/4/3449922-th.jpg",
    "categories": ["health-beauty"],
    "tags": ["medicinal", "vitamin-s"],
    "locations": {
      "vic": {
        "price": 27,
        "promoText": " ",
        "packageSize": "40g",
        "packagePrice": "$67.50 per 100G"
      }
    }
  },
  {
    "id": "life-space-baby-probiotic-powder",
    "brand": "Life-Space",
    "name": "Baby Probiotic Powder 6 Months -3 Years",
    "imageUrl": "https://shop.coles.com.au/wcsstore/Coles-CAS/images/3/4/4/3449875-th.jpg",
    "categories": ["health-beauty"],
    "tags": ["medicinal", "vitamin-s"],
    "locations": {
      "vic": {
        "price": 27,
        "promoText": " ",
        "packageSize": "40g",
        "packagePrice": "$67.50 per 100G"
      }
    }
  },
  {
    "id": "menevit-vitamin-tablets",
    "brand": "Menevit",
    "name": "Male Fertility Vitamin Capsules",
    "imageUrl": "https://shop.coles.com.au/wcsstore/Coles-CAS/images/3/4/0/3404050-th.jpg",
    "categories": ["health-beauty"],
    "tags": ["medicinal", "vitamin-s"],
    "locations": {
      "vic": {
        "price": 24,
        "promoText": "$6.00 ",
        "packageSize": "30 pack",
        "packagePrice": "$80.00 per 100Ea"
      }
    }
  },
  {
    "id": "natralia-crampeze",
    "brand": "Natralia",
    "name": "Crampeze",
    "imageUrl": "https://shop.coles.com.au/wcsstore/Coles-CAS/images/4/8/5/4857447-th.jpg",
    "categories": ["health-beauty"],
    "tags": ["medicinal", "vitamin-s"],
    "locations": {
      "vic": {
        "price": 19,
        "promoText": " ",
        "packageSize": "60 pack",
        "packagePrice": "$31.67 per 100Ea"
      }
    }
  },
  {
    "id": "natures-own-supplement-fish-oil-casules-odourless",
    "brand": "Nature's Own",
    "name": "Odourless Fish Oil  2000mg Capsules",
    "imageUrl": "https://shop.coles.com.au/wcsstore/Coles-CAS/images/8/0/9/8096069-th.jpg",
    "categories": ["health-beauty"],
    "tags": ["medicinal", "vitamin-s"],
    "locations": {
      "vic": {
        "price": 15,
        "promoText": "$15.00 ",
        "packageSize": "200 pack",
        "packagePrice": "$7.50 per 100Ea"
      }
    }
  },
  {
    "id": "natures-own-odourless-fish-oil-capsules",
    "brand": "Nature's Own",
    "name": "Odourless Fish Oil 1000mg Capsules",
    "imageUrl": "https://shop.coles.com.au/wcsstore/Coles-CAS/images/5/9/8/5984960-th.jpg",
    "categories": ["health-beauty"],
    "tags": ["medicinal", "vitamin-s"],
    "locations": {
      "vic": {
        "price": 13.5,
        "promoText": "$13.50 ",
        "packageSize": "400 pack",
        "packagePrice": "$3.38 per 100Ea"
      }
    }
  },
  {
    "id": "natures-own--ultra-krill-oil-1000mg",
    "brand": "Nature's Own",
    "name": "Ultra Krill Oil 1000mg Capsules",
    "imageUrl": "https://shop.coles.com.au/wcsstore/Coles-CAS/images/9/9/6/9966971-th.jpg",
    "categories": ["health-beauty"],
    "tags": ["medicinal", "vitamin-s"],
    "locations": {
      "vic": {
        "price": 23.5,
        "promoText": " ",
        "packageSize": "30 pack",
        "packagePrice": "$78.34 per 100Ea"
      }
    }
  },
  {
    "id": "natures-own-super-b-complex",
    "brand": "Nature's Own",
    "name": "Super B Complex Tablets",
    "imageUrl": "https://shop.coles.com.au/wcsstore/Coles-CAS/images/3/4/7/3470260-th.jpg",
    "categories": ["health-beauty"],
    "tags": ["medicinal", "vitamin-s"],
    "locations": {
      "vic": {
        "price": 13.5,
        "promoText": "$13.50 ",
        "packageSize": "75 pack",
        "packagePrice": "$0.18 per 1Ea"
      }
    }
  },
  {
    "id": "natures-own-sleep-advance",
    "brand": "Nature's Own",
    "name": "Complete Sleep Advanced Tablets",
    "imageUrl": "https://shop.coles.com.au/wcsstore/Coles-CAS/images/3/4/7/3470248-th.jpg",
    "categories": ["health-beauty"],
    "tags": ["medicinal", "vitamin-s"],
    "locations": {
      "vic": {
        "price": 10,
        "promoText": " ",
        "packageSize": "10 pack",
        "packagePrice": "$1.00 per 1Ea"
      }
    }
  },
  {
    "id": "nature-s-own-b12-activated-methyl",
    "brand": "Nature's Own",
    "name": "B12 Activated Methyl",
    "imageUrl": "https://shop.coles.com.au/wcsstore/Coles-CAS/images/3/7/5/3758519-th.jpg",
    "categories": ["health-beauty"],
    "tags": ["medicinal", "vitamin-s"],
    "locations": {
      "vic": {
        "price": 11,
        "promoText": "$11.00 ",
        "packageSize": "60 pack",
        "packagePrice": "$18.33 per 100Ea"
      }
    }
  },
  {
    "id": "nature-s-own-glucosamine-1500mg",
    "brand": "Nature's Own",
    "name": "Glucosamine 1500mg Tablets",
    "imageUrl": "https://shop.coles.com.au/wcsstore/Coles-CAS/images/3/7/5/3758494-th.jpg",
    "categories": ["health-beauty"],
    "tags": ["medicinal", "vitamin-s"],
    "locations": {
      "vic": {
        "price": 15,
        "promoText": "$15.00 ",
        "packageSize": "120 PACK",
        "packagePrice": ""
      }
    }
  },
  {
    "id": "nature-s-own-vitamin-b6-200mg",
    "brand": "Nature's Own",
    "name": "Vitamin B6 200mg",
    "imageUrl": "https://shop.coles.com.au/wcsstore/Coles-CAS/images/3/7/5/3758508-th.jpg",
    "categories": ["health-beauty"],
    "tags": ["medicinal", "vitamin-s"],
    "locations": {
      "vic": {
        "price": 10,
        "promoText": "$10.00 ",
        "packageSize": "60 pack",
        "packagePrice": "$16.67 per 100Ea"
      }
    }
  },
  {
    "id": "natures-way-fish-oil-1500mg",
    "brand": "Nature's Way",
    "name": "Odourless Fish Oil 1500mg",
    "imageUrl": "https://shop.coles.com.au/wcsstore/Coles-CAS/images/7/3/8/7389276-th.jpg",
    "categories": ["health-beauty"],
    "tags": ["medicinal", "vitamin-s"],
    "locations": {
      "vic": {
        "price": 20,
        "promoText": " ",
        "packageSize": "200 pack",
        "packagePrice": "$10.00 per 100Ea"
      }
    }
  },
  {
    "id": "natures-way-magnesium-tablets",
    "brand": "Nature's Way",
    "name": "Magnesium Tablets",
    "imageUrl": "https://shop.coles.com.au/wcsstore/Coles-CAS/images/6/8/4/6848800-th.jpg",
    "categories": ["health-beauty"],
    "tags": ["medicinal", "vitamin-s"],
    "locations": {
      "vic": {
        "price": 16,
        "promoText": " ",
        "packageSize": "150 pack",
        "packagePrice": "$10.67 per 100Ea"
      }
    }
  },
  {
    "id": "natures-way-tabs-glucosamine-1500mg",
    "brand": "Nature's Way",
    "name": "Glucosamine 1500mg Tablets",
    "imageUrl": "https://shop.coles.com.au/wcsstore/Coles-CAS/images/6/5/4/6542083-th.jpg",
    "categories": ["health-beauty"],
    "tags": ["medicinal", "vitamin-s"],
    "locations": {
      "vic": {
        "price": 40,
        "promoText": " ",
        "packageSize": "180 pack",
        "packagePrice": "$22.22 per 100Ea"
      }
    }
  },
  {
    "id": "natures-way-instant-protein-powder-vanilla",
    "brand": "Nature's Way",
    "name": "Vanilla Instant Protein Powder",
    "imageUrl": "https://shop.coles.com.au/wcsstore/Coles-CAS/images/5/6/8/5687604-th.jpg",
    "categories": ["health-beauty"],
    "tags": ["medicinal", "vitamin-s"],
    "locations": {
      "vic": {
        "price": 21,
        "promoText": " ",
        "packageSize": "375g",
        "packagePrice": "$5.60 per 100G"
      }
    }
  },
  {
    "id": "natures-way-instant-protein-powder-natural",
    "brand": "Nature's Way",
    "name": "Natural Instant Protein Powder",
    "imageUrl": "https://shop.coles.com.au/wcsstore/Coles-CAS/images/4/2/6/426396-th.jpg",
    "categories": ["health-beauty"],
    "tags": ["medicinal", "vitamin-s"],
    "locations": {
      "vic": {
        "price": 21,
        "promoText": " ",
        "packageSize": "375g",
        "packagePrice": "$5.60 per 100G"
      }
    }
  },
  {
    "id": "natures-way-multi-vitamin-capsules",
    "brand": "Nature's Way",
    "name": "Multivitamins Tablets",
    "imageUrl": "https://shop.coles.com.au/wcsstore/Coles-CAS/images/9/5/4/9548938-th.jpg",
    "categories": ["health-beauty"],
    "tags": ["medicinal", "vitamin-s"],
    "locations": {
      "vic": {
        "price": 15,
        "promoText": " ",
        "packageSize": "200 pack",
        "packagePrice": "$7.50 per 100Ea"
      }
    }
  },
  {
    "id": "natures-way-vitagummies-family-multi-vitamin",
    "brand": "Nature's Way",
    "name": "Vita Gummies 120 Multivitamins Pastilles",
    "imageUrl": "https://shop.coles.com.au/wcsstore/Coles-CAS/images/9/1/1/9114075-th.jpg",
    "categories": ["health-beauty"],
    "tags": ["medicinal", "vitamin-s"],
    "locations": {
      "vic": {
        "price": 20,
        "promoText": " ",
        "packageSize": "1 pack",
        "packagePrice": "$20.00 per 1Ea"
      }
    }
  },
  {
    "id": "natures-way-vita-gummies-omega-3-fish-oil",
    "brand": "Nature's Way",
    "name": "Vita Gummies Omega 3",
    "imageUrl": "https://shop.coles.com.au/wcsstore/Coles-CAS/images/9/1/1/9114086-th.jpg",
    "categories": ["health-beauty"],
    "tags": ["medicinal", "vitamin-s"],
    "locations": {
      "vic": {
        "price": 20,
        "promoText": " ",
        "packageSize": "110 pack",
        "packagePrice": "$18.18 per 100Ea"
      }
    }
  },
  {
    "id": "natures-way-fish-oil-capsules",
    "brand": "Nature's Way",
    "name": "Odourless Fish Oil Capsules 1000mg",
    "imageUrl": "https://shop.coles.com.au/wcsstore/Coles-CAS/images/9/3/1/9314948-th.jpg",
    "categories": ["health-beauty"],
    "tags": ["medicinal", "vitamin-s"],
    "locations": {
      "vic": {
        "price": 15,
        "promoText": " ",
        "packageSize": "200 pack",
        "packagePrice": "$7.50 per 100Ea"
      }
    }
  },
  {
    "id": "natures-way-vitamins-vita-gummies-daily-fibre",
    "brand": "Nature's Way",
    "name": "Vita Gummies Daily Fibre Vitamins",
    "imageUrl": "https://shop.coles.com.au/wcsstore/Coles-CAS/images/1/2/1/1216253-th.jpg",
    "categories": ["health-beauty"],
    "tags": ["medicinal", "vitamin-s"],
    "locations": {
      "vic": {
        "price": 20,
        "promoText": " ",
        "packageSize": "110 pack",
        "packagePrice": "$18.18 per 100Ea"
      }
    }
  },
  {
    "id": "natures-way-kids-smart-probiotic-chocolate-balls",
    "brand": "Nature's Way",
    "name": "Kids Smart Probiotic 50 Milk Chocolate Balls",
    "imageUrl": "https://shop.coles.com.au/wcsstore/Coles-CAS/images/1/2/7/1279129-th.jpg",
    "categories": ["health-beauty"],
    "tags": ["medicinal", "vitamin-s"],
    "locations": {
      "vic": {
        "price": 16,
        "promoText": " ",
        "packageSize": "125g",
        "packagePrice": "$12.80 per 100G"
      }
    }
  },
  {
    "id": "natures-way-restore-30-billion-high-strength-probiotic",
    "brand": "Nature's Way",
    "name": "Restore 30 Billion Daily Probiotic",
    "imageUrl": "https://shop.coles.com.au/wcsstore/Coles-CAS/images/1/7/5/1758755-th.jpg",
    "categories": ["health-beauty"],
    "tags": ["medicinal", "vitamin-s"],
    "locations": {
      "vic": {
        "price": 28,
        "promoText": " ",
        "packageSize": "30 pack",
        "packagePrice": "$93.34 per 100Ea"
      }
    }
  },
  {
    "id": "natures-way-probiotic-3-billion",
    "brand": "Nature's Way",
    "name": "Probiotic 3 Billion",
    "imageUrl": "https://shop.coles.com.au/wcsstore/Coles-CAS/images/2/2/7/2279361-th.jpg",
    "categories": ["health-beauty"],
    "tags": ["medicinal", "vitamin-s"],
    "locations": {
      "vic": {
        "price": 15,
        "promoText": " ",
        "packageSize": "30 pack",
        "packagePrice": "$50.00 per 100Ea"
      }
    }
  },
  {
    "id": "natures-way-mens-multi-vitamin-vita-gummies",
    "brand": "Nature's Way",
    "name": "Men's Vita Gummies Multivitamins",
    "imageUrl": "https://shop.coles.com.au/wcsstore/Coles-CAS/images/2/2/6/2265764-th.jpg",
    "categories": ["health-beauty"],
    "tags": ["medicinal", "vitamin-s"],
    "locations": {
      "vic": {
        "price": 20,
        "promoText": " ",
        "packageSize": "100 pack",
        "packagePrice": "$20.00 per 100Ea"
      }
    }
  },
  {
    "id": "natures-way-vita-gummies-hair-skin-nails",
    "brand": "Nature's Way",
    "name": "Vita Gummies Hair- Skin & Nails",
    "imageUrl": "https://shop.coles.com.au/wcsstore/Coles-CAS/images/2/5/6/2564415-th.jpg",
    "categories": ["health-beauty"],
    "tags": ["medicinal", "vitamin-s"],
    "locations": {
      "vic": {
        "price": 20,
        "promoText": " ",
        "packageSize": "60 pack",
        "packagePrice": "$33.33 per 100Ea"
      }
    }
  },
  {
    "id": "natures-way-adult-vita-gummies-magnesium",
    "brand": "Nature's Way",
    "name": "Adults Vita Gummies Magnesium",
    "imageUrl": "https://shop.coles.com.au/wcsstore/Coles-CAS/images/2/8/9/2897327-th.jpg",
    "categories": ["health-beauty"],
    "tags": ["medicinal", "vitamin-s"],
    "locations": {
      "vic": {
        "price": 20,
        "promoText": " ",
        "packageSize": "80 pack",
        "packagePrice": "$25.00 per 100Ea"
      }
    }
  },
  {
    "id": "natures-way-restore",
    "brand": "Nature's Way",
    "name": "Restore Probiotic Capsules",
    "imageUrl": "https://shop.coles.com.au/wcsstore/Coles-CAS/images/2/8/9/2897190-th.jpg",
    "categories": ["health-beauty"],
    "tags": ["medicinal", "vitamin-s"],
    "locations": {
      "vic": {
        "price": 47,
        "promoText": " ",
        "packageSize": "90 pack",
        "packagePrice": "$52.22 per 100Ea"
      }
    }
  },
  {
    "id": "natures-way-epo-1000mg--star-flower",
    "brand": "Nature's Way",
    "name": "Evening Primrose Oil Capsules 1000mg",
    "imageUrl": "https://shop.coles.com.au/wcsstore/Coles-CAS/images/2/8/9/2897280-th.jpg",
    "categories": ["health-beauty"],
    "tags": ["medicinal", "vitamin-s"],
    "locations": {
      "vic": {
        "price": 23,
        "promoText": " ",
        "packageSize": "125 pack",
        "packagePrice": "$18.40 per 100Ea"
      }
    }
  },
  {
    "id": "natures-way-instant-natural-protein-with-super-greens-powder",
    "brand": "Nature's Way",
    "name": "Instant Natural Protein with Super Greens Powder",
    "imageUrl": "https://shop.coles.com.au/wcsstore/Coles-CAS/images/2/9/0/2902303-th.jpg",
    "categories": ["health-beauty"],
    "tags": ["medicinal", "vitamin-s"],
    "locations": {
      "vic": {
        "price": 25,
        "promoText": " ",
        "packageSize": "300g",
        "packagePrice": "$8.33 per 100G"
      }
    }
  },
  {
    "id": "natures-way-hemp-oil-pure-1000mg",
    "brand": "Nature's Way",
    "name": "Hemp Oil Full Strength 1000mg Capsules",
    "imageUrl": "https://shop.coles.com.au/wcsstore/Coles-CAS/images/3/4/5/3455233-th.jpg",
    "categories": ["health-beauty"],
    "tags": ["medicinal", "vitamin-s"],
    "locations": {
      "vic": {
        "price": 20,
        "promoText": " ",
        "packageSize": "60 pack",
        "packagePrice": "$33.33 per 100Ea"
      }
    }
  },
  {
    "id": "natures-way-kids-smart-iron-chewables",
    "brand": "Nature's Way",
    "name": "Kids Smart Strawberry Flavourer Chewable Iron Tablets",
    "imageUrl": "https://shop.coles.com.au/wcsstore/Coles-CAS/images/3/4/5/3454580-th.jpg",
    "categories": ["health-beauty"],
    "tags": ["medicinal", "vitamin-s"],
    "locations": {
      "vic": {
        "price": 15,
        "promoText": " ",
        "packageSize": "50 pack",
        "packagePrice": "$30.00 per 100Ea"
      }
    }
  },
  {
    "id": "natures-way-rosehip-collagen",
    "brand": "Nature's Way",
    "name": "Beauty Rosehip & Collagen 60 Film Coated Tablets",
    "imageUrl": "https://shop.coles.com.au/wcsstore/Coles-CAS/images/3/4/7/3470510-th.jpg",
    "categories": ["health-beauty"],
    "tags": ["medicinal", "vitamin-s"],
    "locations": {
      "vic": {
        "price": 30,
        "promoText": " ",
        "packageSize": "1 Pack",
        "packagePrice": "$30.00 per 1Ea"
      }
    }
  },
  {
    "id": "natures-way-super-foods-collagn-trmrc",
    "brand": "Nature's Way",
    "name": "Super Foods Collagen + Turmeric 71g",
    "imageUrl": "https://shop.coles.com.au/wcsstore/Coles-CAS/images/3/4/7/3470408-th.jpg",
    "categories": ["health-beauty"],
    "tags": ["medicinal", "vitamin-s"],
    "locations": {
      "vic": {
        "price": 20,
        "promoText": " ",
        "packageSize": "60 pack",
        "packagePrice": "$33.33 per 100Ea"
      }
    }
  },
  {
    "id": "natures-way-magnesium-sleep",
    "brand": "Nature's Way",
    "name": "Magnesium Sleep Well With Kava",
    "imageUrl": "https://shop.coles.com.au/wcsstore/Coles-CAS/images/3/4/7/3470419-th.jpg",
    "categories": ["health-beauty"],
    "tags": ["medicinal", "vitamin-s"],
    "locations": {
      "vic": {
        "price": 26,
        "promoText": " ",
        "packageSize": "60 pack",
        "packagePrice": "$0.43 per 1Ea"
      }
    }
  },
  {
    "id": "nature-s-way-plant-wisdom-vegan-multivitamin",
    "brand": "Nature's Way",
    "name": "Plant Wisdom Vegan Multivitamin",
    "imageUrl": "https://shop.coles.com.au/wcsstore/Coles-CAS/images/3/7/5/3753195-th.jpg",
    "categories": ["health-beauty"],
    "tags": ["medicinal", "vitamin-s"],
    "locations": {
      "vic": {
        "price": 25,
        "promoText": " ",
        "packageSize": "60 pack",
        "packagePrice": "$41.67 per 100Ea"
      }
    }
  },
  {
    "id": "nature-s-way-adult-vita-gummie-vegan-sugar-fre",
    "brand": "Nature's Way",
    "name": "Adult Vita Gummie Vegan Sugar Free",
    "imageUrl": "https://shop.coles.com.au/wcsstore/Coles-CAS/images/3/7/5/3753173-th.jpg",
    "categories": ["health-beauty"],
    "tags": ["medicinal", "vitamin-s"],
    "locations": {
      "vic": {
        "price": 20,
        "promoText": " ",
        "packageSize": "65 PACK",
        "packagePrice": ""
      }
    }
  },
  {
    "id": "nature-s-way-adult-vita-gummie-probiotic",
    "brand": "Nature's Way",
    "name": "Adult Vita Gummie Probiotic",
    "imageUrl": "https://shop.coles.com.au/wcsstore/Coles-CAS/images/3/7/5/3753162-th.jpg",
    "categories": ["health-beauty"],
    "tags": ["medicinal", "vitamin-s"],
    "locations": {
      "vic": {
        "price": 20,
        "promoText": " ",
        "packageSize": "65 pack",
        "packagePrice": "$30.77 per 100Ea"
      }
    }
  },
  {
    "id": "nature-s-way-kids-vita-gummie-omega",
    "brand": "Nature's Way",
    "name": "Kids Vita Gummie Omega",
    "imageUrl": "https://shop.coles.com.au/wcsstore/Coles-CAS/images/3/7/5/3753129-th.jpg",
    "categories": ["health-beauty"],
    "tags": ["medicinal", "vitamin-s"],
    "locations": {
      "vic": {
        "price": 27,
        "promoText": " ",
        "packageSize": "120 pack",
        "packagePrice": "$22.50 per 100Ea"
      }
    }
  },
  {
    "id": "natures-own--glucosamine-chndritn-1500mg-tab",
    "brand": "Nature?s Own",
    "name": "Glucosamine Sulfate 1500 with Chondroitin Tablets",
    "imageUrl": "https://shop.coles.com.au/wcsstore/Coles-CAS/images/3/0/6/3060122-th.jpg",
    "categories": ["health-beauty"],
    "tags": ["medicinal", "vitamin-s"],
    "locations": {
      "vic": {
        "price": 21,
        "promoText": "$9.00 ",
        "packageSize": "100 pack",
        "packagePrice": "$0.21 per 1Ea"
      }
    }
  },
  {
    "id": "naturopathica-supplement-gastro-health-dairy-free",
    "brand": "Naturopathica",
    "name": "Gastro Health Probiotic Dairy Free Capsules",
    "imageUrl": "https://shop.coles.com.au/wcsstore/Coles-CAS/images/8/0/9/8099249-th.jpg",
    "categories": ["health-beauty"],
    "tags": ["medicinal", "vitamin-s"],
    "locations": {
      "vic": {
        "price": 28,
        "promoText": " ",
        "packageSize": "30 pack",
        "packagePrice": "$93.34 per 100Ea"
      }
    }
  },
  {
    "id": "naturopathica-gastroheal-pro-capsules",
    "brand": "Naturopathica",
    "name": "Gastro Health Probiotic 30 Capsules",
    "imageUrl": "https://shop.coles.com.au/wcsstore/Coles-CAS/images/6/2/9/6291562-th.jpg",
    "categories": ["health-beauty"],
    "tags": ["medicinal", "vitamin-s"],
    "locations": {
      "vic": {
        "price": 28,
        "promoText": " ",
        "packageSize": "1 pack",
        "packagePrice": "$28.00 per 1Ea"
      }
    }
  },
  {
    "id": "naturopathica-curcumax-daily-care-3100mg-80-tabs",
    "brand": "Naturopathica",
    "name": "Curcumax Daily Care Tablets 3100mg",
    "imageUrl": "https://shop.coles.com.au/wcsstore/Coles-CAS/images/2/8/9/2897291-th.jpg",
    "categories": ["health-beauty"],
    "tags": ["medicinal", "vitamin-s"],
    "locations": {
      "vic": {
        "price": 25,
        "promoText": " ",
        "packageSize": "80 pack",
        "packagePrice": "$31.25 per 100Ea"
      }
    }
  },
  {
    "id": "naturopathica-collagenix-beauty-slep-60s",
    "brand": "Naturopathica",
    "name": "Collagenix Beauty Sleep 60s",
    "imageUrl": "https://shop.coles.com.au/wcsstore/Coles-CAS/images/3/7/5/3753286-th.jpg",
    "categories": ["health-beauty"],
    "tags": ["medicinal", "vitamin-s"],
    "locations": {
      "vic": {
        "price": 30,
        "promoText": " ",
        "packageSize": "60 pack",
        "packagePrice": "$50.00 per 100Ea"
      }
    }
  },
  {
    "id": "no-doz-plus-tablets",
    "brand": "No Doz",
    "name": "Plus Tablets",
    "imageUrl": "https://shop.coles.com.au/wcsstore/Coles-CAS/images/7/2/2/7220377-th.jpg",
    "categories": ["health-beauty"],
    "tags": ["medicinal", "vitamin-s"],
    "locations": {
      "vic": {
        "price": 6.3,
        "promoText": " ",
        "packageSize": "24 pack",
        "packagePrice": "$0.26 per 1Ea"
      }
    }
  },
  {
    "id": "ostelin-vitamin-d-caspules",
    "brand": "Ostelin",
    "name": "Vitamin D3 1000IU Capsules",
    "imageUrl": "https://shop.coles.com.au/wcsstore/Coles-CAS/images/8/6/5/8653584-th.jpg",
    "categories": ["health-beauty"],
    "tags": ["medicinal", "vitamin-s"],
    "locations": {
      "vic": {
        "price": 18.2,
        "promoText": "$7.80 ",
        "packageSize": "130 pack",
        "packagePrice": "$0.14 per 1Ea"
      }
    }
  },
  {
    "id": "ostelin-vitamin-d-calcium-tablets-8653755p",
    "brand": "Ostelin",
    "name": "Calcium & Vitamin D3 Tablets",
    "imageUrl": "https://shop.coles.com.au/wcsstore/Coles-CAS/images/8/6/5/8653755-th.jpg",
    "categories": ["health-beauty"],
    "tags": ["medicinal", "vitamin-s"],
    "locations": {
      "vic": {
        "price": 18.2,
        "promoText": "$7.80 ",
        "packageSize": "130 pack",
        "packagePrice": "$0.14 per 1Ea"
      }
    }
  },
  {
    "id": "osteoeze-one-a-day",
    "brand": "OsteoEze",
    "name": "One-A-day Vegan Friendly Glucosamine Sulfate 1500mg Tablets",
    "imageUrl": "https://shop.coles.com.au/wcsstore/Coles-CAS/images/3/4/5/3454795-th.jpg",
    "categories": ["health-beauty"],
    "tags": ["medicinal", "vitamin-s"],
    "locations": {
      "vic": {
        "price": 29,
        "promoText": "Was $35.00 on Apr 2020 ",
        "packageSize": "120 pack",
        "packagePrice": "$24.17 per 100Ea"
      }
    }
  },
  {
    "id": "osteoeze-triple-action",
    "brand": "OsteoEze",
    "name": "Triple Action Glucosamine Sulfate + Chondroitin + MSM Tablets",
    "imageUrl": "https://shop.coles.com.au/wcsstore/Coles-CAS/images/3/4/5/3454820-th.jpg",
    "categories": ["health-beauty"],
    "tags": ["medicinal", "vitamin-s"],
    "locations": {
      "vic": {
        "price": 39,
        "promoText": "Was $46.00 on Apr 2020 ",
        "packageSize": "120 pack",
        "packagePrice": "$32.50 per 100Ea"
      }
    }
  },
  {
    "id": "pentavite-multivitamin-iron-kids-powder-3629560p",
    "brand": "Pentavite",
    "name": "Multivitamin + Iron Kids Powder",
    "imageUrl": "https://shop.coles.com.au/wcsstore/Coles-CAS/images/3/6/2/3629560-th.jpg",
    "categories": ["health-beauty"],
    "tags": ["medicinal", "vitamin-s"],
    "locations": {
      "vic": {
        "price": 29,
        "promoText": " ",
        "packageSize": "100g",
        "packagePrice": "$29.00 per 100G"
      }
    }
  },
  {
    "id": "pentavite-immune-support-daily-kids-powder-3629582p",
    "brand": "Pentavite",
    "name": "Immune Support Daily Kids Powder for 2 to 12 Years",
    "imageUrl": "https://shop.coles.com.au/wcsstore/Coles-CAS/images/3/6/2/3629582-th.jpg",
    "categories": ["health-beauty"],
    "tags": ["medicinal", "vitamin-s"],
    "locations": {
      "vic": {
        "price": 29,
        "promoText": " ",
        "packageSize": "100g",
        "packagePrice": "$29.00 per 100G"
      }
    }
  },
  {
    "id": "promensil-menopause-tablets",
    "brand": "Promensil",
    "name": "Menopause Tablets",
    "imageUrl": "https://shop.coles.com.au/wcsstore/Coles-CAS/images/9/6/7/9677330-th.jpg",
    "categories": ["health-beauty"],
    "tags": ["medicinal", "vitamin-s"],
    "locations": {
      "vic": {
        "price": 32,
        "promoText": " ",
        "packageSize": "30 pack",
        "packagePrice": "$106.67 per 100Ea"
      }
    }
  },
  {
    "id": "sup-fit-",
    "brand": "Sup",
    "name": "Fit",
    "imageUrl": "https://shop.coles.com.au/wcsstore/Coles-CAS/images/3/7/5/3753333-th.jpg",
    "categories": ["health-beauty"],
    "tags": ["medicinal", "vitamin-s"],
    "locations": {
      "vic": {
        "price": 11.5,
        "promoText": "$11.50 ",
        "packageSize": "30 PACK",
        "packagePrice": ""
      }
    }
  },
  {
    "id": "sup-women-s-essentials",
    "brand": "Sup",
    "name": "Women's Essentials",
    "imageUrl": "https://shop.coles.com.au/wcsstore/Coles-CAS/images/3/7/5/3753300-th.jpg",
    "categories": ["health-beauty"],
    "tags": ["medicinal", "vitamin-s"],
    "locations": {
      "vic": {
        "price": 11.5,
        "promoText": "$11.50 ",
        "packageSize": "30 PACK",
        "packagePrice": ""
      }
    }
  },
  {
    "id": "sup-men-s-essentials",
    "brand": "Sup Men's",
    "name": "Essentials",
    "imageUrl": "https://shop.coles.com.au/wcsstore/Coles-CAS/images/3/7/5/3753297-th.jpg",
    "categories": ["health-beauty"],
    "tags": ["medicinal", "vitamin-s"],
    "locations": {
      "vic": {
        "price": 11.5,
        "promoText": "$11.50 ",
        "packageSize": "30 pack",
        "packagePrice": "$38.33 per 100Ea"
      }
    }
  },
  {
    "id": "swisse-vitamins-ultivite-tablets-50-plus-women",
    "brand": "Swisse",
    "name": "Ultivite Women's 50+ Multi Vitamins",
    "imageUrl": "https://shop.coles.com.au/wcsstore/Coles-CAS/images/6/2/7/6279818-th.jpg",
    "categories": ["health-beauty"],
    "tags": ["medicinal", "vitamin-s"],
    "locations": {
      "vic": {
        "price": 36,
        "promoText": " ",
        "packageSize": "60 pack",
        "packagePrice": "$60.00 per 100Ea"
      }
    }
  },
  {
    "id": "swisse-vitamins-ultivite-tablets-formula-1-multi-women",
    "brand": "Swisse",
    "name": "Ultivite Women's Formula 1 Multi Vitamins",
    "imageUrl": "https://shop.coles.com.au/wcsstore/Coles-CAS/images/6/2/8/6280475-th.jpg",
    "categories": ["health-beauty"],
    "tags": ["medicinal", "vitamin-s"],
    "locations": {
      "vic": {
        "price": 29,
        "promoText": " ",
        "packageSize": "60 pack",
        "packagePrice": "$48.33 per 100Ea"
      }
    }
  },
  {
    "id": "swisse-vitamins-ultivite-tablets-50-plus-men",
    "brand": "Swisse",
    "name": "Men's Ultivite 50+ Multi Vitamin 60 Tablets",
    "imageUrl": "https://shop.coles.com.au/wcsstore/Coles-CAS/images/6/2/7/6279807-th.jpg",
    "categories": ["health-beauty"],
    "tags": ["medicinal", "vitamin-s"],
    "locations": {
      "vic": {
        "price": 36,
        "promoText": " ",
        "packageSize": "1 pack",
        "packagePrice": "$36.00 per 1Ea"
      }
    }
  },
  {
    "id": "swisse-vitamins-ultivite-tablets-formula-1-multi-men",
    "brand": "Swisse",
    "name": "Men's Ultivite Multi Vitamin Tablets",
    "imageUrl": "https://shop.coles.com.au/wcsstore/Coles-CAS/images/6/2/8/6280464-th.jpg",
    "categories": ["health-beauty"],
    "tags": ["medicinal", "vitamin-s"],
    "locations": {
      "vic": {
        "price": 29,
        "promoText": " ",
        "packageSize": "60 pack",
        "packagePrice": "$48.33 per 100Ea"
      }
    }
  },
  {
    "id": "swisse-ultiboost-relax-sleep-tablets",
    "brand": "Swisse",
    "name": "Ultiboost Relax & Sleep 60 Tablets",
    "imageUrl": "https://shop.coles.com.au/wcsstore/Coles-CAS/images/1/2/8/1281437-th.jpg",
    "categories": ["health-beauty"],
    "tags": ["medicinal", "vitamin-s"],
    "locations": {
      "vic": {
        "price": 32,
        "promoText": " ",
        "packageSize": "1 pack",
        "packagePrice": "$32.00 per 1Ea"
      }
    }
  },
  {
    "id": "swisse--mens-power-ultivite-tablets",
    "brand": "Swisse",
    "name": "Men's Power Ultivite Advanced Formula Tablets",
    "imageUrl": "https://shop.coles.com.au/wcsstore/Coles-CAS/images/1/7/8/1783741-th.jpg",
    "categories": ["health-beauty"],
    "tags": ["medicinal", "vitamin-s"],
    "locations": {
      "vic": {
        "price": 34,
        "promoText": " ",
        "packageSize": "40 pack",
        "packagePrice": "$85.00 per 100Ea"
      }
    }
  },
  {
    "id": "swisse--ultiboost-glucosamine-sulfate-tablets",
    "brand": "Swisse",
    "name": "Ultiboost Glucosamine Sulfate Tablets",
    "imageUrl": "https://shop.coles.com.au/wcsstore/Coles-CAS/images/2/8/6/2868817-th.jpg",
    "categories": ["health-beauty"],
    "tags": ["medicinal", "vitamin-s"],
    "locations": {
      "vic": {
        "price": 42,
        "promoText": " ",
        "packageSize": "180 pack",
        "packagePrice": "$0.23 per 1Ea"
      }
    }
  },
  {
    "id": "swisse-ultiboost-tabs-executive-focus",
    "brand": "Swisse",
    "name": "Ultiboost Memory + Focus 50 Tablets",
    "imageUrl": "https://shop.coles.com.au/wcsstore/Coles-CAS/images/7/1/0/7109289-th.jpg",
    "categories": ["health-beauty"],
    "tags": ["medicinal", "vitamin-s"],
    "locations": {
      "vic": {
        "price": 29,
        "promoText": " ",
        "packageSize": "1 pack",
        "packagePrice": "$29.00 per 1Ea"
      }
    }
  },
  {
    "id": "swisse-ultiboost-mega-b--tablets",
    "brand": "Swisse",
    "name": "Ultiboost Mega B + Tablets",
    "imageUrl": "https://shop.coles.com.au/wcsstore/Coles-CAS/images/2/9/1/2911745-th.jpg",
    "categories": ["health-beauty"],
    "tags": ["medicinal", "vitamin-s"],
    "locations": {
      "vic": {
        "price": 42,
        "promoText": " ",
        "packageSize": "60 pack",
        "packagePrice": "$70.00 per 100Ea"
      }
    }
  },
  {
    "id": "swisse-high-strength-organic-spirulina-tablets",
    "brand": "Swisse",
    "name": "High Strength Organic Spirulina Tablets",
    "imageUrl": "https://shop.coles.com.au/wcsstore/Coles-CAS/images/2/8/6/2869489-th.jpg",
    "categories": ["health-beauty"],
    "tags": ["medicinal", "vitamin-s"],
    "locations": {
      "vic": {
        "price": 48,
        "promoText": " ",
        "packageSize": "200 pack",
        "packagePrice": "$24.00 per 100Ea"
      }
    }
  },
  {
    "id": "swisse-ultivite-womens-tablets",
    "brand": "Swisse",
    "name": "Women's Ultivite Multivitamin 30 Tablets",
    "imageUrl": "https://shop.coles.com.au/wcsstore/Coles-CAS/images/3/2/8/3287456-th.jpg",
    "categories": ["health-beauty"],
    "tags": ["medicinal", "vitamin-s"],
    "locations": {
      "vic": {
        "price": 20,
        "promoText": " ",
        "packageSize": "1 Pack",
        "packagePrice": "$20.00 per 1Ea"
      }
    }
  },
  {
    "id": "swisse-ultivite-mens-tablets",
    "brand": "Swisse",
    "name": "Men's Ultivite Multivitamin",
    "imageUrl": "https://shop.coles.com.au/wcsstore/Coles-CAS/images/3/2/8/3287434-th.jpg",
    "categories": ["health-beauty"],
    "tags": ["medicinal", "vitamin-s"],
    "locations": {
      "vic": {
        "price": 20,
        "promoText": " ",
        "packageSize": "30 Pack",
        "packagePrice": "$0.67 per 1Ea"
      }
    }
  },
  {
    "id": "swisse-ultiboost-magnesium-3469351p",
    "brand": "Swisse",
    "name": "Ultiboost Magnesium 150mg 200 Tablets",
    "imageUrl": "https://shop.coles.com.au/wcsstore/Coles-CAS/images/3/4/6/3469351-th.jpg",
    "categories": ["health-beauty"],
    "tags": ["medicinal", "vitamin-s"],
    "locations": {
      "vic": {
        "price": 39,
        "promoText": " ",
        "packageSize": "1 pack",
        "packagePrice": "$39.00 per 1Ea"
      }
    }
  },
  {
    "id": "swisse-ultiboost-hs-coq10-300mg",
    "brand": "Swisse",
    "name": "Ultiboost High Strength  Co-Enzyme Q10 300mg 90 Capsules",
    "imageUrl": "https://shop.coles.com.au/wcsstore/Coles-CAS/images/3/4/6/3469330-th.jpg",
    "categories": ["health-beauty"],
    "tags": ["medicinal", "vitamin-s"],
    "locations": {
      "vic": {
        "price": 39,
        "promoText": " ",
        "packageSize": "1 pack",
        "packagePrice": "$39.00 per 1Ea"
      }
    }
  },
  {
    "id": "swisse-ultibiotic-daily-digestive-probiotic",
    "brand": "Swisse",
    "name": "Ultibiotic Daily Digestive Probiotic 30 Capsules",
    "imageUrl": "https://shop.coles.com.au/wcsstore/Coles-CAS/images/3/4/6/3469260-th.jpg",
    "categories": ["health-beauty"],
    "tags": ["medicinal", "vitamin-s"],
    "locations": {
      "vic": {
        "price": 19.2,
        "promoText": "$12.80 ",
        "packageSize": "1 pack",
        "packagePrice": "$19.20 per 1Ea"
      }
    }
  },
  {
    "id": "swisse-ultinatal-pre-conception-preg",
    "brand": "Swisse",
    "name": "Ultinatal Pre-conception & Pregnancy Multivitamin 60 Capsules",
    "imageUrl": "https://shop.coles.com.au/wcsstore/Coles-CAS/images/3/4/6/3468869-th.jpg",
    "categories": ["health-beauty"],
    "tags": ["medicinal", "vitamin-s"],
    "locations": {
      "vic": {
        "price": 17.4,
        "promoText": "$11.60 ",
        "packageSize": "1 pack",
        "packagePrice": "$17.40 per 1Ea"
      }
    }
  },
  {
    "id": "swisse-ultinatal-breastfeeding-support",
    "brand": "Swisse",
    "name": "Ultinatal Breastfeeding Support Tablets",
    "imageUrl": "https://shop.coles.com.au/wcsstore/Coles-CAS/images/3/4/6/3468870-th.jpg",
    "categories": ["health-beauty"],
    "tags": ["medicinal", "vitamin-s"],
    "locations": {
      "vic": {
        "price": 17.4,
        "promoText": "$11.60 ",
        "packageSize": "90 pack",
        "packagePrice": "$0.19 per 1Ea"
      }
    }
  },
  {
    "id": "swisse-ultiboost-magnesium-sleep-powder",
    "brand": "Swisse",
    "name": "Ultiboost Lemon & Honey Magnesium + Sleep Powder",
    "imageUrl": "https://shop.coles.com.au/wcsstore/Coles-CAS/images/3/4/7/3479570-th.jpg",
    "categories": ["health-beauty"],
    "tags": ["medicinal", "vitamin-s"],
    "locations": {
      "vic": {
        "price": 24,
        "promoText": "$16.00 ",
        "packageSize": "180g",
        "packagePrice": "$13.33 per 100G"
      }
    }
  },
  {
    "id": "swisse-ultivite-womens-everday-wellness-blend-3625050p",
    "brand": "Swisse",
    "name": "Ultivite Women's Multivitamin + Superfood",
    "imageUrl": "https://shop.coles.com.au/wcsstore/Coles-CAS/images/3/6/2/3625050-th.jpg",
    "categories": ["health-beauty"],
    "tags": ["medicinal", "vitamin-s"],
    "locations": {
      "vic": {
        "price": 12,
        "promoText": "$8.00 ",
        "packageSize": "7 pack",
        "packagePrice": "$1.71 per 1Ea"
      }
    }
  },
  {
    "id": "swisse-beauty-collagen-renew-powder-3758359p",
    "brand": "Swisse",
    "name": "Beauty Collagen Renew Powder",
    "imageUrl": "https://shop.coles.com.au/wcsstore/Coles-CAS/images/3/7/5/3758359-th.jpg",
    "categories": ["health-beauty"],
    "tags": ["medicinal", "vitamin-s"],
    "locations": {
      "vic": {
        "price": 30,
        "promoText": " ",
        "packageSize": "120g",
        "packagePrice": "$25.00 per 100G"
      }
    }
  },
  {
    "id": "swisse-beauty-collagen-balance-powder-3765434p",
    "brand": "Swisse",
    "name": "Beauty Collagen Balance Powder",
    "imageUrl": "https://shop.coles.com.au/wcsstore/Coles-CAS/images/3/7/6/3765434-th.jpg",
    "categories": ["health-beauty"],
    "tags": ["medicinal", "vitamin-s"],
    "locations": {
      "vic": {
        "price": 30,
        "promoText": " ",
        "packageSize": "120 GRAM",
        "packagePrice": ""
      }
    }
  },
  {
    "id": "swisse-hs-australian-apple-cider-vinegar-3758304p",
    "brand": "Swisse",
    "name": "High Strength Australian Apple Cider Vinegar",
    "imageUrl": "https://shop.coles.com.au/wcsstore/Coles-CAS/images/3/7/5/3758304-th.jpg",
    "categories": ["health-beauty"],
    "tags": ["medicinal", "vitamin-s"],
    "locations": {
      "vic": {
        "price": 17,
        "promoText": " ",
        "packageSize": "60 PACK",
        "packagePrice": ""
      }
    }
  },
  {
    "id": "swisse-high-strength-magnesium-powder-berry",
    "brand": "Swisse",
    "name": "High Strength Magnesium Powder Berry",
    "imageUrl": "https://shop.coles.com.au/wcsstore/Coles-CAS/images/3/7/5/3758268-th.jpg",
    "categories": ["health-beauty"],
    "tags": ["medicinal", "vitamin-s"],
    "locations": {
      "vic": {
        "price": 30,
        "promoText": " ",
        "packageSize": "180g",
        "packagePrice": "$16.67 per 100G"
      }
    }
  },
  {
    "id": "swisse-pure-hemp-sed-oil",
    "brand": "Swisse",
    "name": "Hemp Seed Oil Pure",
    "imageUrl": "https://shop.coles.com.au/wcsstore/Coles-CAS/images/3/7/5/3758360-th.jpg",
    "categories": ["health-beauty"],
    "tags": ["medicinal", "vitamin-s"],
    "locations": {
      "vic": {
        "price": 25,
        "promoText": " ",
        "packageSize": "60 PACK",
        "packagePrice": ""
      }
    }
  },
  {
    "id": "swisse-high-strength-magnesium-powder-orange",
    "brand": "Swisse",
    "name": "High Strength Magnesium Powder Orange",
    "imageUrl": "https://shop.coles.com.au/wcsstore/Coles-CAS/images/3/7/5/3758257-th.jpg",
    "categories": ["health-beauty"],
    "tags": ["medicinal", "vitamin-s"],
    "locations": {
      "vic": {
        "price": 30,
        "promoText": " ",
        "packageSize": "180g",
        "packagePrice": "$16.67 per 100G"
      }
    }
  },
  {
    "id": "vital-life-immune-shot",
    "brand": "Vital Life",
    "name": "Immune Shot",
    "imageUrl": "https://shop.coles.com.au/wcsstore/Coles-CAS/images/3/7/8/3786999-th.jpg",
    "categories": ["health-beauty"],
    "tags": ["medicinal", "vitamin-s"],
    "locations": {
      "vic": {
        "price": 30,
        "promoText": " ",
        "packageSize": "35g",
        "packagePrice": "$85.72 per 100G"
      }
    }
  },
  {
    "id": "vitaqik-liposomal-turmeric-spray",
    "brand": "Vitaqik",
    "name": "Liposomal Turmeric Spray",
    "imageUrl": "https://shop.coles.com.au/wcsstore/Coles-CAS/images/3/7/5/3758177-th.jpg",
    "categories": ["health-beauty"],
    "tags": ["medicinal", "vitamin-s"],
    "locations": {
      "vic": {
        "price": 10,
        "promoText": "$10.00 ",
        "packageSize": "50 ML",
        "packagePrice": ""
      }
    }
  },
  {
    "id": "vitaqik-liposomal-vitamin-c-spray",
    "brand": "Vitaqik",
    "name": "Liposomal Vitamin C Spray",
    "imageUrl": "https://shop.coles.com.au/wcsstore/Coles-CAS/images/3/7/5/3758188-th.jpg",
    "categories": ["health-beauty"],
    "tags": ["medicinal", "vitamin-s"],
    "locations": {
      "vic": {
        "price": 10,
        "promoText": "$10.00 ",
        "packageSize": "50 ML",
        "packagePrice": ""
      }
    }
  },
  {
    "id": "voost-isotonic-orange-tablets",
    "brand": "Voost",
    "name": "Isotonic Orange Tablets",
    "imageUrl": "https://shop.coles.com.au/wcsstore/Coles-CAS/images/2/0/1/2015304-th.jpg",
    "categories": ["health-beauty"],
    "tags": ["medicinal", "vitamin-s"],
    "locations": {
      "vic": {
        "price": 10,
        "promoText": " ",
        "packageSize": "10 pack",
        "packagePrice": "$1.00 per 1Ea"
      }
    }
  },
  {
    "id": "voost-iron-plus-effervescent-tablets",
    "brand": "Voost",
    "name": "Iron Plus Raspberry 10 Effervescent Tablets",
    "imageUrl": "https://shop.coles.com.au/wcsstore/Coles-CAS/images/2/9/0/2900421-th.jpg",
    "categories": ["health-beauty"],
    "tags": ["medicinal", "vitamin-s"],
    "locations": {
      "vic": {
        "price": 3.5,
        "promoText": "Was $4.00 on Sep 2018 ",
        "packageSize": "1 pack",
        "packagePrice": "$3.50 per 1Ea"
      }
    }
  },
  {
    "id": "voost-effervescent-multivitamin-tablets",
    "brand": "Voost",
    "name": "Multivitamin + Minerals Orange 20 Effervescent Tablets",
    "imageUrl": "https://shop.coles.com.au/wcsstore/Coles-CAS/images/3/2/8/3283772-th.jpg",
    "categories": ["health-beauty"],
    "tags": ["medicinal", "vitamin-s"],
    "locations": {
      "vic": {
        "price": 5,
        "promoText": "$1.50 ",
        "packageSize": "1 Pack",
        "packagePrice": "$5.00 per 1Ea"
      }
    }
  },
  {
    "id": "voost-effervescent-energy-tablets",
    "brand": "Voost",
    "name": "Energy Orange & Mango 20 Effervescent Tablets",
    "imageUrl": "https://shop.coles.com.au/wcsstore/Coles-CAS/images/3/2/7/3279786-th.jpg",
    "categories": ["health-beauty"],
    "tags": ["medicinal", "vitamin-s"],
    "locations": {
      "vic": {
        "price": 5,
        "promoText": "$1.50 ",
        "packageSize": "1 pack",
        "packagePrice": "$5.00 per 1Ea"
      }
    }
  },
  {
    "id": "voost-vitamin-d-effervescent",
    "brand": "Voost",
    "name": "Vitamin D 1000IU Berry 20 Effervescent Tablets",
    "imageUrl": "https://shop.coles.com.au/wcsstore/Coles-CAS/images/3/4/6/3469680-th.jpg",
    "categories": ["health-beauty"],
    "tags": ["medicinal", "vitamin-s"],
    "locations": {
      "vic": {
        "price": 5,
        "promoText": "$1.50 ",
        "packageSize": "1 pack",
        "packagePrice": "$5.00 per 1Ea"
      }
    }
  },
  {
    "id": "rexona-deodorant-anti-perspirant-aerosol-sexy",
    "brand": "Rexona",
    "name": "Women Antiperspirant Aerosol Deodorant Sexy Bouquet",
    "imageUrl": "https://shop.coles.com.au/wcsstore/Coles-CAS/images/8/9/4/8949220-th.jpg",
    "categories": ["health-beauty"],
    "tags": ["personal-care-hygiene", "deodorants"],
    "locations": {
      "vic": {
        "price": 5,
        "promoText": "Was $7.00 on Jan 2018 ",
        "packageSize": "250mL",
        "packagePrice": "$2.00 per 100mL"
      }
    }
  },
  {
    "id": "rexona-clinical-protection-summer-strength-roll-on-antiperspirant-deodorant",
    "brand": "Rexona",
    "name": "Women Clinical Protection Antiperspirant Deodorant Summer Strength",
    "imageUrl": "https://shop.coles.com.au/wcsstore/Coles-CAS/images/2/0/3/2038387-th.jpg",
    "categories": ["health-beauty"],
    "tags": ["personal-care-hygiene", "deodorants"],
    "locations": {
      "vic": {
        "price": 9,
        "promoText": "$4.00 ",
        "packageSize": "45mL",
        "packagePrice": "$20.00 per 100mL"
      }
    }
  },
  {
    "id": "nivea-deodorant-aerosol-mens-nfm-black-white-invisible-power",
    "brand": "Nivea",
    "name": "Men Invisible Black And White Power Aerosol Antiperspirant Deodorant",
    "imageUrl": "https://shop.coles.com.au/wcsstore/Coles-CAS/images/1/1/8/1184598-th.jpg",
    "categories": ["health-beauty"],
    "tags": ["personal-care-hygiene", "deodorants"],
    "locations": {
      "vic": {
        "price": 3.25,
        "promoText": "$3.25 ",
        "packageSize": "250mL",
        "packagePrice": "$1.30 per 100mL"
      }
    }
  },
  {
    "id": "nivea-anti-perspirant-invisible-for-black-white-clear-aerosol-deodorant",
    "brand": "Nivea",
    "name": "Black & White Clear Invisible Aerosol Antiperspirant Deodorant",
    "imageUrl": "https://shop.coles.com.au/wcsstore/Coles-CAS/images/1/9/9/1996403-th.jpg",
    "categories": ["health-beauty"],
    "tags": ["personal-care-hygiene", "deodorants"],
    "locations": {
      "vic": {
        "price": 3.25,
        "promoText": "$3.25 ",
        "packageSize": "250mL",
        "packagePrice": "$1.30 per 100mL"
      }
    }
  },
  {
    "id": "nivea-invisible-power-black-white-roll-on",
    "brand": "Nivea",
    "name": "Men Black And White Invisible Roll On Antiperspirant Deodorant",
    "imageUrl": "https://shop.coles.com.au/wcsstore/Coles-CAS/images/8/4/4/8445011-th.jpg",
    "categories": ["health-beauty"],
    "tags": ["personal-care-hygiene", "deodorants"],
    "locations": {
      "vic": {
        "price": 1.75,
        "promoText": " ",
        "packageSize": "50mL",
        "packagePrice": "$3.50 per 100mL"
      }
    }
  },
  {
    "id": "nivea-invisible-cleat-black-white-roll-on",
    "brand": "Nivea",
    "name": "Black And White Clear Invisible Roll On Antiperspirant Deodorant",
    "imageUrl": "https://shop.coles.com.au/wcsstore/Coles-CAS/images/8/4/4/8445000-th.jpg",
    "categories": ["health-beauty"],
    "tags": ["personal-care-hygiene", "deodorants"],
    "locations": {
      "vic": {
        "price": 1.75,
        "promoText": " ",
        "packageSize": "50mL",
        "packagePrice": "$3.50 per 100mL"
      }
    }
  },
  {
    "id": "dove-mens-antiperspirant-deodorant-clean-comfort",
    "brand": "Dove",
    "name": "Men's Antiperspirant Deodorant Clean comfort",
    "imageUrl": "https://shop.coles.com.au/wcsstore/Coles-CAS/images/2/2/5/2257518-th.jpg",
    "categories": ["health-beauty"],
    "tags": ["personal-care-hygiene", "deodorants"],
    "locations": {
      "vic": {
        "price": 7,
        "promoText": " ",
        "packageSize": "250mL",
        "packagePrice": "$2.80 per 100mL"
      }
    }
  },
  {
    "id": "mennen-deodorant-antiperspirant-lady-speed-stick-cool-fresh",
    "brand": "Mennen",
    "name": "Speed Stick Cool Fresh Lady Antiperspirant Deodorant",
    "imageUrl": "https://shop.coles.com.au/wcsstore/Coles-CAS/images/8/2/4/8240110-th.jpg",
    "categories": ["health-beauty"],
    "tags": ["personal-care-hygiene", "deodorants"],
    "locations": {
      "vic": {
        "price": 4.49,
        "promoText": " ",
        "packageSize": "45g",
        "packagePrice": "$9.98 per 100G"
      }
    }
  },
  {
    "id": "rexona-roll-on-deodorant-for-men",
    "brand": "Rexona",
    "name": "Men Original Roll On Deodorant",
    "imageUrl": "https://shop.coles.com.au/wcsstore/Coles-CAS/images/5/0/5/5052920-th.jpg",
    "categories": ["health-beauty"],
    "tags": ["personal-care-hygiene", "deodorants"],
    "locations": {
      "vic": {
        "price": 4,
        "promoText": " ",
        "packageSize": "50mL",
        "packagePrice": "$8.00 per 100mL"
      }
    }
  },
  {
    "id": "rexona-anti-perspirant-deodorant-aerosol-men",
    "brand": "Rexona",
    "name": "Men Antiperspirant Aerosol Deodorant Original",
    "imageUrl": "https://shop.coles.com.au/wcsstore/Coles-CAS/images/8/9/1/89106-th.jpg",
    "categories": ["health-beauty"],
    "tags": ["personal-care-hygiene", "deodorants"],
    "locations": {
      "vic": {
        "price": 5,
        "promoText": "Was $7.00 on Jan 2018 ",
        "packageSize": "250mL",
        "packagePrice": "$2.00 per 100mL"
      }
    }
  },
  {
    "id": "rexona-deodorant-anti-perspirant-aerosol-sport-women",
    "brand": "Rexona",
    "name": "Antiperspirant Sport Aerosol Deodorant For Women",
    "imageUrl": "https://shop.coles.com.au/wcsstore/Coles-CAS/images/5/3/1/5313025-th.jpg",
    "categories": ["health-beauty"],
    "tags": ["personal-care-hygiene", "deodorants"],
    "locations": {
      "vic": {
        "price": 5,
        "promoText": "Was $7.00 on Jan 2018 ",
        "packageSize": "250mL",
        "packagePrice": "$2.00 per 100mL"
      }
    }
  },
  {
    "id": "dove-original-anti-perspirant-deodorant-roll-on",
    "brand": "Dove",
    "name": "Women Antiperspirant Roll On Deodorant Original",
    "imageUrl": "https://shop.coles.com.au/wcsstore/Coles-CAS/images/8/0/6/8063489-th.jpg",
    "categories": ["health-beauty"],
    "tags": ["personal-care-hygiene", "deodorants"],
    "locations": {
      "vic": {
        "price": 3.9,
        "promoText": " ",
        "packageSize": "50mL",
        "packagePrice": "$7.80 per 100mL"
      }
    }
  },
  {
    "id": "dove-nourishing-secrets-roll-on-coconut-jasmine",
    "brand": "Dove",
    "name": "Nourishing Secrets Coconut & Jasmine Roll On",
    "imageUrl": "https://shop.coles.com.au/wcsstore/Coles-CAS/images/3/5/7/3578947-th.jpg",
    "categories": ["health-beauty"],
    "tags": ["personal-care-hygiene", "deodorants"],
    "locations": {
      "vic": {
        "price": 3.9,
        "promoText": " ",
        "packageSize": "50mL",
        "packagePrice": "$7.80 per 100mL"
      }
    }
  },
  {
    "id": "nivea-roll-on-deodorant-black-white-silky-touch",
    "brand": "Nivea",
    "name": "Black And White Invisible Silky Smooth Roll On Antiperspirant Deodorant",
    "imageUrl": "https://shop.coles.com.au/wcsstore/Coles-CAS/images/3/3/6/3363066-th.jpg",
    "categories": ["health-beauty"],
    "tags": ["personal-care-hygiene", "deodorants"],
    "locations": {
      "vic": {
        "price": 1.75,
        "promoText": "$1.75 ",
        "packageSize": "50mL",
        "packagePrice": "$3.50 per 100mL"
      }
    }
  },
  {
    "id": "rexona-antipersprnt-arosl-women-advncd-invisbl-pure",
    "brand": "Rexona",
    "name": "Women Antiperspirant Aerosol Advanced Invisible Dry Pure Deodorant",
    "imageUrl": "https://shop.coles.com.au/wcsstore/Coles-CAS/images/3/6/6/3660822-th.jpg",
    "categories": ["health-beauty"],
    "tags": ["personal-care-hygiene", "deodorants"],
    "locations": {
      "vic": {
        "price": 7.5,
        "promoText": " ",
        "packageSize": "220mL",
        "packagePrice": "$3.41 per 100mL"
      }
    }
  },
  {
    "id": "dove-mens-antiperspirant-deodorant-invisible-dry",
    "brand": "Dove",
    "name": "Men's Antiperspirant Deodorant Invisible Dry",
    "imageUrl": "https://shop.coles.com.au/wcsstore/Coles-CAS/images/2/2/5/2257540-th.jpg",
    "categories": ["health-beauty"],
    "tags": ["personal-care-hygiene", "deodorants"],
    "locations": {
      "vic": {
        "price": 7,
        "promoText": " ",
        "packageSize": "250mL",
        "packagePrice": "$2.80 per 100mL"
      }
    }
  },
  {
    "id": "dove-antiperspirant-deodorant-original",
    "brand": "Dove",
    "name": "Women Antiperspirant Aerosol Deodorant Original",
    "imageUrl": "https://shop.coles.com.au/wcsstore/Coles-CAS/images/2/2/7/2277832-th.jpg",
    "categories": ["health-beauty"],
    "tags": ["personal-care-hygiene", "deodorants"],
    "locations": {
      "vic": {
        "price": 7,
        "promoText": " ",
        "packageSize": "250mL",
        "packagePrice": "$2.80 per 100mL"
      }
    }
  },
  {
    "id": "rexona-sport-anti-perspirant-deodorant-roll-on-men",
    "brand": "Rexona",
    "name": "Men Sport Antiperspirant Roll On Deodorant",
    "imageUrl": "https://shop.coles.com.au/wcsstore/Coles-CAS/images/2/1/0/210761-th.jpg",
    "categories": ["health-beauty"],
    "tags": ["personal-care-hygiene", "deodorants"],
    "locations": {
      "vic": {
        "price": 4,
        "promoText": " ",
        "packageSize": "50mL",
        "packagePrice": "$8.00 per 100mL"
      }
    }
  },
  {
    "id": "rexona-wmn-ap-adv-shower-fresh",
    "brand": "Rexona",
    "name": "Women Anti Per spirant Advance Shower Fresh Deodorant",
    "imageUrl": "https://shop.coles.com.au/wcsstore/Coles-CAS/images/3/6/6/3660844-th.jpg",
    "categories": ["health-beauty"],
    "tags": ["personal-care-hygiene", "deodorants"],
    "locations": {
      "vic": {
        "price": 7.5,
        "promoText": " ",
        "packageSize": "220mL",
        "packagePrice": "$3.41 per 100mL"
      }
    }
  },
  {
    "id": "brut-original-deodorant-aerosol-body-spray-for-men",
    "brand": "Brut",
    "name": "Long Lasting Original Deodorant Body Spray",
    "imageUrl": "https://shop.coles.com.au/wcsstore/Coles-CAS/images/5/2/3/5232047-th.jpg",
    "categories": ["health-beauty"],
    "tags": ["personal-care-hygiene", "deodorants"],
    "locations": {
      "vic": {
        "price": 6.3,
        "promoText": " ",
        "packageSize": "150g",
        "packagePrice": "$2.57 per 100mL"
      }
    }
  },
  {
    "id": "mitchum-anti-perspirant-deodorant-roll-on-24-hour-active",
    "brand": "Mitchum",
    "name": "Women's Roll On Shower Fresh Antiperspirant Deodorant",
    "imageUrl": "https://shop.coles.com.au/wcsstore/Coles-CAS/images/8/7/3/8730302-th.jpg",
    "categories": ["health-beauty"],
    "tags": ["personal-care-hygiene", "deodorants"],
    "locations": {
      "vic": {
        "price": 3.8,
        "promoText": " ",
        "packageSize": "50mL",
        "packagePrice": "$7.60 per 100mL"
      }
    }
  },
  {
    "id": "mitchum-anti-perspirant-deodorant-roll-on-lady-powder-fresh",
    "brand": "Mitchum",
    "name": "Women's Roll On Powder Fresh Antiperspirant Deodorant",
    "imageUrl": "https://shop.coles.com.au/wcsstore/Coles-CAS/images/5/0/6/5061035-th.jpg",
    "categories": ["health-beauty"],
    "tags": ["personal-care-hygiene", "deodorants"],
    "locations": {
      "vic": {
        "price": 3.8,
        "promoText": " ",
        "packageSize": "50mL",
        "packagePrice": "$7.60 per 100mL"
      }
    }
  },
  {
    "id": "mum-dry-anti-perspirant-deodorant-roll-on-cool-pink",
    "brand": "Mum Dry",
    "name": "Antiperspirant Cool Pink All Day Roll On Deodorant",
    "imageUrl": "https://shop.coles.com.au/wcsstore/Coles-CAS/images/5/3/1/5316680-th.jpg",
    "categories": ["health-beauty"],
    "tags": ["personal-care-hygiene", "deodorants"],
    "locations": {
      "vic": {
        "price": 3,
        "promoText": "Was $3.15 on Sep 2017 ",
        "packageSize": "50mL",
        "packagePrice": "$6.00 per 100mL"
      }
    }
  },
  {
    "id": "nivea-anti-perspirant-deodorant-roll-on-pearl-beauty",
    "brand": "Nivea",
    "name": "Pearl & Beauty Roll On Antiperspirant Deodorant",
    "imageUrl": "https://shop.coles.com.au/wcsstore/Coles-CAS/images/5/3/1/5312077-th.jpg",
    "categories": ["health-beauty"],
    "tags": ["personal-care-hygiene", "deodorants"],
    "locations": {
      "vic": {
        "price": 1.75,
        "promoText": " ",
        "packageSize": "50mL",
        "packagePrice": "$3.50 per 100mL"
      }
    }
  },
  {
    "id": "norsca-anti-perspirant-deodorant-aerosol-forest-fresh",
    "brand": "Norsca",
    "name": "Ultra Protection Antiperspirant Forest Fresh Deodorant",
    "imageUrl": "https://shop.coles.com.au/wcsstore/Coles-CAS/images/5/1/7/5171066-th.jpg",
    "categories": ["health-beauty"],
    "tags": ["personal-care-hygiene", "deodorants"],
    "locations": {
      "vic": {
        "price": 6,
        "promoText": " ",
        "packageSize": "245mL",
        "packagePrice": "$2.45 per 100mL"
      }
    }
  },
  {
    "id": "rexona-deodorant-anti-perspirant-aerosol-cotton-women",
    "brand": "Rexona",
    "name": "Women Antiperspirant Aerosol Deodorant Cotton Dry",
    "imageUrl": "https://shop.coles.com.au/wcsstore/Coles-CAS/images/4/7/1/4713673-th.jpg",
    "categories": ["health-beauty"],
    "tags": ["personal-care-hygiene", "deodorants"],
    "locations": {
      "vic": {
        "price": 5,
        "promoText": "Was $7.00 on Jan 2018 ",
        "packageSize": "250mL",
        "packagePrice": "$2.00 per 100mL"
      }
    }
  },
  {
    "id": "rexona-clinical-protection-shower-clean",
    "brand": "Rexona",
    "name": "Clinical Protection Shower Clean Antiperspirant Deodorant",
    "imageUrl": "https://shop.coles.com.au/wcsstore/Coles-CAS/images/3/3/6/3363951-th.jpg",
    "categories": ["health-beauty"],
    "tags": ["personal-care-hygiene", "deodorants"],
    "locations": {
      "vic": {
        "price": 7,
        "promoText": "$3.00 ",
        "packageSize": "180mL",
        "packagePrice": "$3.89 per 100mL"
      }
    }
  },
  {
    "id": "rexona-antiperspirant-aerosol-women-brght-buqut",
    "brand": "Rexona",
    "name": "Women's Antiperspirant Aerosol Advanced Bright Bouquet Deodorant",
    "imageUrl": "https://shop.coles.com.au/wcsstore/Coles-CAS/images/3/6/6/3660866-th.jpg",
    "categories": ["health-beauty"],
    "tags": ["personal-care-hygiene", "deodorants"],
    "locations": {
      "vic": {
        "price": 7.5,
        "promoText": " ",
        "packageSize": "220mL",
        "packagePrice": "$3.41 per 100mL"
      }
    }
  },
  {
    "id": "beckham-intimately-deodorant-body-spray",
    "brand": "Beckham",
    "name": "Intimately Deodorant Body Spray",
    "imageUrl": "https://shop.coles.com.au/wcsstore/Coles-CAS/images/2/6/4/2649278-th.jpg",
    "categories": ["health-beauty"],
    "tags": ["personal-care-hygiene", "deodorants"],
    "locations": {
      "vic": {
        "price": 8,
        "promoText": " ",
        "packageSize": "150mL",
        "packagePrice": "$5.33 per 100mL"
      }
    }
  },
  {
    "id": "dove-antiperspirant-deodorant-pomegranate",
    "brand": "Dove",
    "name": "Women's Antiperspirant Aerosol Deodorant Go fresh pomegranate",
    "imageUrl": "https://shop.coles.com.au/wcsstore/Coles-CAS/images/2/2/7/2277810-th.jpg",
    "categories": ["health-beauty"],
    "tags": ["personal-care-hygiene", "deodorants"],
    "locations": {
      "vic": {
        "price": 7,
        "promoText": " ",
        "packageSize": "250mL",
        "packagePrice": "$2.80 per 100mL"
      }
    }
  },
  {
    "id": "dove-antiperspirant-deodorant-invisible-dry",
    "brand": "Dove",
    "name": "Women's Antiperspirant Aerosol Deodorant Invisible dry",
    "imageUrl": "https://shop.coles.com.au/wcsstore/Coles-CAS/images/2/2/7/2277821-th.jpg",
    "categories": ["health-beauty"],
    "tags": ["personal-care-hygiene", "deodorants"],
    "locations": {
      "vic": {
        "price": 7,
        "promoText": " ",
        "packageSize": "250mL",
        "packagePrice": "$2.80 per 100mL"
      }
    }
  },
  {
    "id": "dove-nourishing-secrets-lavender-and-rose-water",
    "brand": "Dove",
    "name": "Nourishing Secrets Antiperspirant Lavender And Rose Water Deodorant",
    "imageUrl": "https://shop.coles.com.au/wcsstore/Coles-CAS/images/3/5/7/3578980-th.jpg",
    "categories": ["health-beauty"],
    "tags": ["personal-care-hygiene", "deodorants"],
    "locations": {
      "vic": {
        "price": 7,
        "promoText": " ",
        "packageSize": "250mL",
        "packagePrice": "$2.80 per 100mL"
      }
    }
  },
  {
    "id": "dry-idea-aero-deodorant-baby-powder",
    "brand": "Dry Idea",
    "name": "Baby Powder Aerosol Deodorant",
    "imageUrl": "https://shop.coles.com.au/wcsstore/Coles-CAS/images/6/6/6/6660498-th.jpg",
    "categories": ["health-beauty"],
    "tags": ["personal-care-hygiene", "deodorants"],
    "locations": {
      "vic": {
        "price": 2.5,
        "promoText": " ",
        "packageSize": "150g",
        "packagePrice": "$1.67 per 100G"
      }
    }
  },
  {
    "id": "impulse-body-spray-kenzie-ziegler",
    "brand": "Impulse",
    "name": "Kenzie Ziegler Body Spray",
    "imageUrl": "https://shop.coles.com.au/wcsstore/Coles-CAS/images/3/3/6/3363703-th.jpg",
    "categories": ["health-beauty"],
    "tags": ["personal-care-hygiene", "deodorants"],
    "locations": {
      "vic": {
        "price": 4,
        "promoText": "Was $5.00 on Sep 2019 ",
        "packageSize": "75mL",
        "packagePrice": "$5.33 per 100mL"
      }
    }
  },
  {
    "id": "lynx-anti-perspirant-deodorant-roll-on-africa",
    "brand": "Lynx",
    "name": "Men Antiperspirant Roll On Deodorant Africa",
    "imageUrl": "https://shop.coles.com.au/wcsstore/Coles-CAS/images/9/4/6/9467520-th.jpg",
    "categories": ["health-beauty"],
    "tags": ["personal-care-hygiene", "deodorants"],
    "locations": {
      "vic": {
        "price": 2.8,
        "promoText": "$1.20 ",
        "packageSize": "50mL",
        "packagePrice": "$5.60 per 100mL"
      }
    }
  },
  {
    "id": "lynx-deodorant-aerosol-ice-chill",
    "brand": "Lynx",
    "name": "Aerosol Ice Chill Deodorant",
    "imageUrl": "https://shop.coles.com.au/wcsstore/Coles-CAS/images/3/7/2/3722045-th.jpg",
    "categories": ["health-beauty"],
    "tags": ["personal-care-hygiene", "deodorants"],
    "locations": {
      "vic": {
        "price": 4.9,
        "promoText": "$2.10 ",
        "packageSize": "165mL",
        "packagePrice": "$2.97 per 100mL"
      }
    }
  },
  {
    "id": "lynx-deodorant-aerosol-australia",
    "brand": "Lynx",
    "name": "Aerosol Australia Deodorant",
    "imageUrl": "https://shop.coles.com.au/wcsstore/Coles-CAS/images/3/7/2/3722012-th.jpg",
    "categories": ["health-beauty"],
    "tags": ["personal-care-hygiene", "deodorants"],
    "locations": {
      "vic": {
        "price": 4.9,
        "promoText": "$2.10 ",
        "packageSize": "165mL",
        "packagePrice": "$2.97 per 100mL"
      }
    }
  },
  {
    "id": "lynx-deodorant-aerosol-black-night",
    "brand": "Lynx",
    "name": "Aerosol Black Night Deodorant",
    "imageUrl": "https://shop.coles.com.au/wcsstore/Coles-CAS/images/3/7/2/3722103-th.jpg",
    "categories": ["health-beauty"],
    "tags": ["personal-care-hygiene", "deodorants"],
    "locations": {
      "vic": {
        "price": 4.9,
        "promoText": "$2.10 ",
        "packageSize": "165mL",
        "packagePrice": "$2.97 per 100mL"
      }
    }
  },
  {
    "id": "mitchum-anti-perspirant-deodorant-roll-on-unscented",
    "brand": "Mitchum",
    "name": "Men's Roll On Unscented Antiperspirant Deodorant",
    "imageUrl": "https://shop.coles.com.au/wcsstore/Coles-CAS/images/6/4/5/64513-th.jpg",
    "categories": ["health-beauty"],
    "tags": ["personal-care-hygiene", "deodorants"],
    "locations": {
      "vic": {
        "price": 3.8,
        "promoText": " ",
        "packageSize": "50mL",
        "packagePrice": "$7.60 per 100mL"
      }
    }
  },
  {
    "id": "nivea-anti-perspirant-deodorant-roll-on-for-men-aqua-cool",
    "brand": "Nivea",
    "name": "Men Cool Kick Roll On Antiperspirant Deodorant",
    "imageUrl": "https://shop.coles.com.au/wcsstore/Coles-CAS/images/4/2/8/4282491-th.jpg",
    "categories": ["health-beauty"],
    "tags": ["personal-care-hygiene", "deodorants"],
    "locations": {
      "vic": {
        "price": 1.75,
        "promoText": " ",
        "packageSize": "50mL",
        "packagePrice": "$3.50 per 100mL"
      }
    }
  },
  {
    "id": "nivea-anti-perspirant-double-effect-white-senses-aerosol-deodorant",
    "brand": "Nivea",
    "name": "Double Effect Aerosol Antiperspirant Deodorant",
    "imageUrl": "https://shop.coles.com.au/wcsstore/Coles-CAS/images/1/9/9/1996414-th.jpg",
    "categories": ["health-beauty"],
    "tags": ["personal-care-hygiene", "deodorants"],
    "locations": {
      "vic": {
        "price": 3.25,
        "promoText": "$3.25 ",
        "packageSize": "250mL",
        "packagePrice": "$1.30 per 100mL"
      }
    }
  },
  {
    "id": "nivea-deo-black-white-fresh-womens-aerosol",
    "brand": "Nivea",
    "name": "Black And White Invisible Fresh Aerosol Antiperspirant Deodorant",
    "imageUrl": "https://shop.coles.com.au/wcsstore/Coles-CAS/images/3/0/4/3048885-th.jpg",
    "categories": ["health-beauty"],
    "tags": ["personal-care-hygiene", "deodorants"],
    "locations": {
      "vic": {
        "price": 3.25,
        "promoText": "$3.25 ",
        "packageSize": "250mL",
        "packagePrice": "$1.30 per 100mL"
      }
    }
  },
  {
    "id": "nivea-men-antiperspirant-deep",
    "brand": "Nivea",
    "name": "Men Deep Aerosol Antiperspirant Deodorant",
    "imageUrl": "https://shop.coles.com.au/wcsstore/Coles-CAS/images/3/2/3/3234347-th.jpg",
    "categories": ["health-beauty"],
    "tags": ["personal-care-hygiene", "deodorants"],
    "locations": {
      "vic": {
        "price": 3.25,
        "promoText": "$3.25 ",
        "packageSize": "250mL",
        "packagePrice": "$1.30 per 100mL"
      }
    }
  },
  {
    "id": "nivea-antiperspirant-everyday-active",
    "brand": "Nivea",
    "name": "Everyday Active Dry Antiperspirant Aerosol Deodorant",
    "imageUrl": "https://shop.coles.com.au/wcsstore/Coles-CAS/images/3/3/6/3360578-th.jpg",
    "categories": ["health-beauty"],
    "tags": ["personal-care-hygiene", "deodorants"],
    "locations": {
      "vic": {
        "price": 3.25,
        "promoText": "$3.25 ",
        "packageSize": "250mL",
        "packagePrice": "$1.30 per 100mL"
      }
    }
  },
  {
    "id": "norsca-anti-perspirant-deodorant-pump-forest-fresh",
    "brand": "Norsca",
    "name": "Forest Fresh Deodorant Pump",
    "imageUrl": "https://shop.coles.com.au/wcsstore/Coles-CAS/images/5/1/7/5171022-th.jpg",
    "categories": ["health-beauty"],
    "tags": ["personal-care-hygiene", "deodorants"],
    "locations": {
      "vic": {
        "price": 6,
        "promoText": " ",
        "packageSize": "150mL",
        "packagePrice": "$4.00 per 100mL"
      }
    }
  },
  {
    "id": "thursday-plantation-tea-tree-deodorant",
    "brand": "Thursday Plantation",
    "name": "Tea Tree Deodorant",
    "imageUrl": "https://shop.coles.com.au/wcsstore/Coles-CAS/images/2/2/7/2276884-th.jpg",
    "categories": ["health-beauty"],
    "tags": ["personal-care-hygiene", "deodorants"],
    "locations": {
      "vic": {
        "price": 5.4,
        "promoText": " ",
        "packageSize": "60mL",
        "packagePrice": "$9.00 per 100mL"
      }
    }
  },
  {
    "id": "coles-powder-talcum",
    "brand": "Coles",
    "name": "Talcum Powder",
    "imageUrl": "https://shop.coles.com.au/wcsstore/Coles-CAS/images/6/8/3/6834861-th.jpg",
    "categories": ["health-beauty"],
    "tags": ["personal-care-hygiene", "deodorants"],
    "locations": {
      "vic": {
        "price": 2,
        "promoText": " ",
        "packageSize": "200g",
        "packagePrice": "$1.00 per 100G"
      }
    }
  },
  {
    "id": "dove-men-care-invisible-dry-anti-perspirant-roll-on-deodorant",
    "brand": "Dove",
    "name": "Antiperspirant Invisible Dry Roll On Deodorant For Men",
    "imageUrl": "https://shop.coles.com.au/wcsstore/Coles-CAS/images/1/7/2/1723466-th.jpg",
    "categories": ["health-beauty"],
    "tags": ["personal-care-hygiene", "deodorants"],
    "locations": {
      "vic": {
        "price": 3.9,
        "promoText": " ",
        "packageSize": "50mL",
        "packagePrice": "$7.80 per 100mL"
      }
    }
  },
  {
    "id": "dove-nourishing-secrets-coconut-and-jasmine",
    "brand": "Dove",
    "name": "Nourishing Secrets Antiperspirant Coconut And Jasmine Deodorant",
    "imageUrl": "https://shop.coles.com.au/wcsstore/Coles-CAS/images/3/5/7/3579054-th.jpg",
    "categories": ["health-beauty"],
    "tags": ["personal-care-hygiene", "deodorants"],
    "locations": {
      "vic": {
        "price": 7,
        "promoText": " ",
        "packageSize": "250mL",
        "packagePrice": "$2.80 per 100mL"
      }
    }
  },
  {
    "id": "lynx-deodorant-aerosol-africa",
    "brand": "Lynx",
    "name": "Aerosol Africa Deodorant",
    "imageUrl": "https://shop.coles.com.au/wcsstore/Coles-CAS/images/3/7/2/3722089-th.jpg",
    "categories": ["health-beauty"],
    "tags": ["personal-care-hygiene", "deodorants"],
    "locations": {
      "vic": {
        "price": 4.9,
        "promoText": "$2.10 ",
        "packageSize": "165mL",
        "packagePrice": "$2.97 per 100mL"
      }
    }
  },
  {
    "id": "lynx-deodorant-aerosol-black",
    "brand": "Lynx",
    "name": "Aerosol Black Deodorant",
    "imageUrl": "https://shop.coles.com.au/wcsstore/Coles-CAS/images/3/7/2/3722191-th.jpg",
    "categories": ["health-beauty"],
    "tags": ["personal-care-hygiene", "deodorants"],
    "locations": {
      "vic": {
        "price": 4.9,
        "promoText": "$2.10 ",
        "packageSize": "165mL",
        "packagePrice": "$2.97 per 100mL"
      }
    }
  },
  {
    "id": "nivea-deodorant-aerosol-mens-sensitive-protect",
    "brand": "Nivea",
    "name": "Men Sensitive Protect Aerosol Antiperspirant Deodorant",
    "imageUrl": "https://shop.coles.com.au/wcsstore/Coles-CAS/images/1/1/8/1184612-th.jpg",
    "categories": ["health-beauty"],
    "tags": ["personal-care-hygiene", "deodorants"],
    "locations": {
      "vic": {
        "price": 3.25,
        "promoText": "$3.25 ",
        "packageSize": "250mL",
        "packagePrice": "$1.30 per 100mL"
      }
    }
  },
  {
    "id": "nivea-deodorant-aerosol-cool-kick",
    "brand": "Nivea",
    "name": "Men Cool Kick Aerosol Antiperspirant Deodorant",
    "imageUrl": "https://shop.coles.com.au/wcsstore/Coles-CAS/images/1/1/8/1184623-th.jpg",
    "categories": ["health-beauty"],
    "tags": ["personal-care-hygiene", "deodorants"],
    "locations": {
      "vic": {
        "price": 3.25,
        "promoText": "$3.25 ",
        "packageSize": "250mL",
        "packagePrice": "$1.30 per 100mL"
      }
    }
  },
  {
    "id": "nivea--stress-protect-aerosol-deodorant-spray",
    "brand": "Nivea",
    "name": "Stress Protect Aerosol Antiperspirant Deodorant",
    "imageUrl": "https://shop.coles.com.au/wcsstore/Coles-CAS/images/1/9/9/1996436-th.jpg",
    "categories": ["health-beauty"],
    "tags": ["personal-care-hygiene", "deodorants"],
    "locations": {
      "vic": {
        "price": 3.25,
        "promoText": "$3.25 ",
        "packageSize": "250mL",
        "packagePrice": "$1.30 per 100mL"
      }
    }
  },
  {
    "id": "nivea-antiperspirant-everyday-active-fresh",
    "brand": "Nivea",
    "name": "Everyday Active Fresh Aerosol Antiperspirant Deodorant",
    "imageUrl": "https://shop.coles.com.au/wcsstore/Coles-CAS/images/3/2/3/3234303-th.jpg",
    "categories": ["health-beauty"],
    "tags": ["personal-care-hygiene", "deodorants"],
    "locations": {
      "vic": {
        "price": 3.25,
        "promoText": "$3.25 ",
        "packageSize": "250mL",
        "packagePrice": "$1.30 per 100mL"
      }
    }
  },
  {
    "id": "nivea-roll-on-deodorant-everyday-active",
    "brand": "Nivea",
    "name": "Everyday Active Dry Roll On Antiperspirant Deodorant",
    "imageUrl": "https://shop.coles.com.au/wcsstore/Coles-CAS/images/3/3/6/3365822-th.jpg",
    "categories": ["health-beauty"],
    "tags": ["personal-care-hygiene", "deodorants"],
    "locations": {
      "vic": {
        "price": 1.75,
        "promoText": "$1.75 ",
        "packageSize": "50mL",
        "packagePrice": "$3.50 per 100mL"
      }
    }
  },
  {
    "id": "norsca-anti-perspirant-deodorant-roll-on-forest-fresh",
    "brand": "Norsca",
    "name": "Forest Fresh Antiperspirant Roll On Deodorant",
    "imageUrl": "https://shop.coles.com.au/wcsstore/Coles-CAS/images/5/1/7/5171044-th.jpg",
    "categories": ["health-beauty"],
    "tags": ["personal-care-hygiene", "deodorants"],
    "locations": {
      "vic": {
        "price": 4,
        "promoText": " ",
        "packageSize": "50mL",
        "packagePrice": "$8.00 per 100mL"
      }
    }
  },
  {
    "id": "rexona-clinical-protection-gentle-dry-roll-on-antiperspirant-deodorant",
    "brand": "Rexona",
    "name": "Women Clinical Protection Antiperspirant Cream Gentle Dry",
    "imageUrl": "https://shop.coles.com.au/wcsstore/Coles-CAS/images/2/0/3/2038365-th.jpg",
    "categories": ["health-beauty"],
    "tags": ["personal-care-hygiene", "deodorants"],
    "locations": {
      "vic": {
        "price": 9,
        "promoText": "$4.00 ",
        "packageSize": "45mL",
        "packagePrice": "$20.00 per 100mL"
      }
    }
  },
  {
    "id": "rexona-clinical-protection-gentle-dry",
    "brand": "Rexona",
    "name": "Clinical Protection Gentle Dry Antiperspirant Deodorant",
    "imageUrl": "https://shop.coles.com.au/wcsstore/Coles-CAS/images/3/3/6/3363962-th.jpg",
    "categories": ["health-beauty"],
    "tags": ["personal-care-hygiene", "deodorants"],
    "locations": {
      "vic": {
        "price": 7,
        "promoText": "$3.00 ",
        "packageSize": "180mL",
        "packagePrice": "$3.89 per 100mL"
      }
    }
  },
  {
    "id": "rexona-clinical-protection-shower-clean-3364003p",
    "brand": "Rexona",
    "name": "Clinical Protection Antiperspirant Roll On Shower Clean",
    "imageUrl": "https://shop.coles.com.au/wcsstore/Coles-CAS/images/3/3/6/3364003-th.jpg",
    "categories": ["health-beauty"],
    "tags": ["personal-care-hygiene", "deodorants"],
    "locations": {
      "vic": {
        "price": 5.6,
        "promoText": "$2.40 ",
        "packageSize": "50mL",
        "packagePrice": "$11.20 per 100mL"
      }
    }
  },
  {
    "id": "rexona-clinical-protecttion-summer",
    "brand": "Rexona",
    "name": "Clinical Protection Summer Strength Antiperspirant Roll On",
    "imageUrl": "https://shop.coles.com.au/wcsstore/Coles-CAS/images/3/3/6/3363995-th.jpg",
    "categories": ["health-beauty"],
    "tags": ["personal-care-hygiene", "deodorants"],
    "locations": {
      "vic": {
        "price": 5.6,
        "promoText": "$2.40 ",
        "packageSize": "50mL",
        "packagePrice": "$11.20 per 100mL"
      }
    }
  },
  {
    "id": "rexona-clinical-protection-summer",
    "brand": "Rexona",
    "name": "Clinical Protection Summer Strength",
    "imageUrl": "https://shop.coles.com.au/wcsstore/Coles-CAS/images/3/3/6/3363940-th.jpg",
    "categories": ["health-beauty"],
    "tags": ["personal-care-hygiene", "deodorants"],
    "locations": {
      "vic": {
        "price": 7,
        "promoText": "$3.00 ",
        "packageSize": "180mL",
        "packagePrice": "$3.89 per 100mL"
      }
    }
  },
  {
    "id": "sukin-natural-deodorant-3365028p",
    "brand": "Sukin",
    "name": "Natural Deodorant",
    "imageUrl": "https://shop.coles.com.au/wcsstore/Coles-CAS/images/3/3/6/3365028-th.jpg",
    "categories": ["health-beauty"],
    "tags": ["personal-care-hygiene", "deodorants"],
    "locations": {
      "vic": {
        "price": 7,
        "promoText": " ",
        "packageSize": "125mL",
        "packagePrice": "$5.60 per 100mL"
      }
    }
  },
  {
    "id": "body-crystal-deodorant-roll-on-botanica",
    "brand": "Body Crystal",
    "name": "Botanica Roll On Deodorant",
    "imageUrl": "https://shop.coles.com.au/wcsstore/Coles-CAS/images/5/3/0/5301900-th.jpg",
    "categories": ["health-beauty"],
    "tags": ["personal-care-hygiene", "deodorants"],
    "locations": {
      "vic": {
        "price": 5.5,
        "promoText": " ",
        "packageSize": "80mL",
        "packagePrice": "$6.88 per 100mL"
      }
    }
  },
  {
    "id": "brut-anti-perspirant-deodorant-aerosol-ultra-dry",
    "brand": "Brut",
    "name": "Antiperspirant Ultra Dry Deodorant For Men",
    "imageUrl": "https://shop.coles.com.au/wcsstore/Coles-CAS/images/5/2/3/5232058-th.jpg",
    "categories": ["health-beauty"],
    "tags": ["personal-care-hygiene", "deodorants"],
    "locations": {
      "vic": {
        "price": 6.3,
        "promoText": " ",
        "packageSize": "245mL",
        "packagePrice": "$2.57 per 100mL"
      }
    }
  },
  {
    "id": "brut-anti-perspirant-deodorant-aerosol-endurance",
    "brand": "Brut",
    "name": "Antiperspirant Endurance Ultra Dry Deodorant For Men",
    "imageUrl": "https://shop.coles.com.au/wcsstore/Coles-CAS/images/5/1/6/5169950-th.jpg",
    "categories": ["health-beauty"],
    "tags": ["personal-care-hygiene", "deodorants"],
    "locations": {
      "vic": {
        "price": 6.3,
        "promoText": " ",
        "packageSize": "245mL",
        "packagePrice": "$2.57 per 100mL"
      }
    }
  },
  {
    "id": "brut-original-deodorant-roll-on",
    "brand": "Brut",
    "name": "Original Roll On Deodorant",
    "imageUrl": "https://shop.coles.com.au/wcsstore/Coles-CAS/images/2/2/7/2277253-th.jpg",
    "categories": ["health-beauty"],
    "tags": ["personal-care-hygiene", "deodorants"],
    "locations": {
      "vic": {
        "price": 4,
        "promoText": " ",
        "packageSize": "",
        "packagePrice": "$8.00 per 100mL"
      }
    }
  },
  {
    "id": "brut-antiperspirant-deodorant-max-defence",
    "brand": "Brut",
    "name": "Max Defence Military Grade Antiperspirant Deodorant",
    "imageUrl": "https://shop.coles.com.au/wcsstore/Coles-CAS/images/3/5/7/3579371-th.jpg",
    "categories": ["health-beauty"],
    "tags": ["personal-care-hygiene", "deodorants"],
    "locations": {
      "vic": {
        "price": 6.3,
        "promoText": " ",
        "packageSize": "150g",
        "packagePrice": "$4.20 per 100G"
      }
    }
  },
  {
    "id": "cussons-imperial-leather-talcum-powder-family-fresh",
    "brand": "Cussons",
    "name": "Imperial Leather Family Fresh Talcum Powder",
    "imageUrl": "https://shop.coles.com.au/wcsstore/Coles-CAS/images/1/0/4/104108-th.jpg",
    "categories": ["health-beauty"],
    "tags": ["personal-care-hygiene", "deodorants"],
    "locations": {
      "vic": {
        "price": 3.4,
        "promoText": "Was $3.50 on Jun 2019 ",
        "packageSize": "300g",
        "packagePrice": "$1.36 per 100G"
      }
    }
  },
  {
    "id": "dove-antiperspirant-roll-on-pomegrante-lemon",
    "brand": "Dove",
    "name": "Antiperspirant Pomegranate & Lemon Roll On For Women's",
    "imageUrl": "https://shop.coles.com.au/wcsstore/Coles-CAS/images/2/3/0/2305552-th.jpg",
    "categories": ["health-beauty"],
    "tags": ["personal-care-hygiene", "deodorants"],
    "locations": {
      "vic": {
        "price": 3.9,
        "promoText": " ",
        "packageSize": "50mL",
        "packagePrice": "$7.80 per 100mL"
      }
    }
  },
  {
    "id": "dove-anti-perspirant-pomegranate-deo-stick",
    "brand": "Dove",
    "name": "Antiperspirant Pomegranate Deo Stick",
    "imageUrl": "https://shop.coles.com.au/wcsstore/Coles-CAS/images/3/1/1/3111380-th.jpg",
    "categories": ["health-beauty"],
    "tags": ["personal-care-hygiene", "deodorants"],
    "locations": {
      "vic": {
        "price": 6,
        "promoText": " ",
        "packageSize": "40g",
        "packagePrice": "$15.00 per 100G"
      }
    }
  },
  {
    "id": "dove-men-antiperspirant-wallabies-sport-fresh",
    "brand": "Dove",
    "name": "Men + Care Antiperspirant Deodorant Wallabies Sport Fresh",
    "imageUrl": "https://shop.coles.com.au/wcsstore/Coles-CAS/images/3/2/3/3234289-th.jpg",
    "categories": ["health-beauty"],
    "tags": ["personal-care-hygiene", "deodorants"],
    "locations": {
      "vic": {
        "price": 7,
        "promoText": " ",
        "packageSize": "254mL",
        "packagePrice": "$2.76 per 100mL"
      }
    }
  },
  {
    "id": "dove-women-antiperspirant-pear-aloe-vera",
    "brand": "Dove",
    "name": "Women's Antiperspirant Pear & Aloe Vera Go Fresh Deodorant",
    "imageUrl": "https://shop.coles.com.au/wcsstore/Coles-CAS/images/3/3/6/3364976-th.jpg",
    "categories": ["health-beauty"],
    "tags": ["personal-care-hygiene", "deodorants"],
    "locations": {
      "vic": {
        "price": 7,
        "promoText": " ",
        "packageSize": "250mL",
        "packagePrice": "$2.80 per 100mL"
      }
    }
  },
  {
    "id": "dove-women-clinical-protection-fresh-touch",
    "brand": "Dove",
    "name": "Clinical Protection Fresh Touch Roll On",
    "imageUrl": "https://shop.coles.com.au/wcsstore/Coles-CAS/images/3/3/6/3364874-th.jpg",
    "categories": ["health-beauty"],
    "tags": ["personal-care-hygiene", "deodorants"],
    "locations": {
      "vic": {
        "price": 8,
        "promoText": " ",
        "packageSize": "50mL",
        "packagePrice": "$16.00 per 100mL"
      }
    }
  },
  {
    "id": "dove-women-clinical-protection-fresh-touch-3364852p",
    "brand": "Dove",
    "name": "Women Antiperspirant Clinical Protection Aerosol Fresh Touch",
    "imageUrl": "https://shop.coles.com.au/wcsstore/Coles-CAS/images/3/3/6/3364852-th.jpg",
    "categories": ["health-beauty"],
    "tags": ["personal-care-hygiene", "deodorants"],
    "locations": {
      "vic": {
        "price": 10,
        "promoText": " ",
        "packageSize": "180mL",
        "packagePrice": "$5.56 per 100mL"
      }
    }
  },
  {
    "id": "dove-women-clinical-protection-original-clean",
    "brand": "Dove",
    "name": "Women Clinical Protection Aerosol Original Clean Antiperspirant",
    "imageUrl": "https://shop.coles.com.au/wcsstore/Coles-CAS/images/3/3/6/3364841-th.jpg",
    "categories": ["health-beauty"],
    "tags": ["personal-care-hygiene", "deodorants"],
    "locations": {
      "vic": {
        "price": 10,
        "promoText": " ",
        "packageSize": "180mL",
        "packagePrice": "$5.56 per 100mL"
      }
    }
  },
  {
    "id": "dove-women-clinical-roll-on-original-clean",
    "brand": "Dove",
    "name": "Antiperspirant Clinical Protection Original Clean",
    "imageUrl": "https://shop.coles.com.au/wcsstore/Coles-CAS/images/3/3/6/3364863-th.jpg",
    "categories": ["health-beauty"],
    "tags": ["personal-care-hygiene", "deodorants"],
    "locations": {
      "vic": {
        "price": 8,
        "promoText": " ",
        "packageSize": "50mL",
        "packagePrice": "$16.00 per 100mL"
      }
    }
  },
  {
    "id": "dry-idea-sport-aerosol-deodorant-for-men",
    "brand": "Dry Idea",
    "name": "Sport Aerosol Deodorant For Men",
    "imageUrl": "https://shop.coles.com.au/wcsstore/Coles-CAS/images/6/6/6/6660647-th.jpg",
    "categories": ["health-beauty"],
    "tags": ["personal-care-hygiene", "deodorants"],
    "locations": {
      "vic": {
        "price": 2.5,
        "promoText": " ",
        "packageSize": "150g",
        "packagePrice": "$1.67 per 100G"
      }
    }
  },
  {
    "id": "impulse-merely-musk-body-spray",
    "brand": "Impulse",
    "name": "Women's Body Spray Aerosol Deodorant Merely Musk",
    "imageUrl": "https://shop.coles.com.au/wcsstore/Coles-CAS/images/2/0/0/2007882-th.jpg",
    "categories": ["health-beauty"],
    "tags": ["personal-care-hygiene", "deodorants"],
    "locations": {
      "vic": {
        "price": 4,
        "promoText": "Was $5.00 on Sep 2019 ",
        "packageSize": "75mL",
        "packagePrice": "$5.33 per 100mL"
      }
    }
  },
  {
    "id": "impulse-illusions-body-spray",
    "brand": "Impulse",
    "name": "Illusions Body Spray",
    "imageUrl": "https://shop.coles.com.au/wcsstore/Coles-CAS/images/2/0/0/2007849-th.jpg",
    "categories": ["health-beauty"],
    "tags": ["personal-care-hygiene", "deodorants"],
    "locations": {
      "vic": {
        "price": 4,
        "promoText": "Was $5.00 on Sep 2019 ",
        "packageSize": "75mL",
        "packagePrice": "$5.33 per 100mL"
      }
    }
  },
  {
    "id": "impulse-limited-edition-body-spray",
    "brand": "Impulse",
    "name": "Body Spray Aerosol Deodorant Maddie Ziegler Limited Edition",
    "imageUrl": "https://shop.coles.com.au/wcsstore/Coles-CAS/images/3/1/1/3111391-th.jpg",
    "categories": ["health-beauty"],
    "tags": ["personal-care-hygiene", "deodorants"],
    "locations": {
      "vic": {
        "price": 4,
        "promoText": "Was $5.00 on Sep 2019 ",
        "packageSize": "75mL",
        "packagePrice": "$5.33 per 100mL"
      }
    }
  },
  {
    "id": "impulse-body-spray-festival-summer-edition",
    "brand": "Impulse",
    "name": "Festival Summer Edition Body Spray",
    "imageUrl": "https://shop.coles.com.au/wcsstore/Coles-CAS/images/3/3/6/3363667-th.jpg",
    "categories": ["health-beauty"],
    "tags": ["personal-care-hygiene", "deodorants"],
    "locations": {
      "vic": {
        "price": 4,
        "promoText": "Was $5.00 on Sep 2019 ",
        "packageSize": "75mL",
        "packagePrice": "$5.33 per 100mL"
      }
    }
  },
  {
    "id": "impulse-deodorant-wanderlust",
    "brand": "Impulse",
    "name": "Wanderlust Deodorant",
    "imageUrl": "https://shop.coles.com.au/wcsstore/Coles-CAS/images/3/5/7/3579065-th.jpg",
    "categories": ["health-beauty"],
    "tags": ["personal-care-hygiene", "deodorants"],
    "locations": {
      "vic": {
        "price": 4,
        "promoText": "Was $5.00 on Sep 2019 ",
        "packageSize": "75mL",
        "packagePrice": "$5.33 per 100mL"
      }
    }
  },
  {
    "id": "impulse-mists-body-spray-burnt-marshmallow",
    "brand": "Impulse",
    "name": "Burnt Marsh Mallow Body Spray",
    "imageUrl": "https://shop.coles.com.au/wcsstore/Coles-CAS/images/3/5/7/3579145-th.jpg",
    "categories": ["health-beauty"],
    "tags": ["personal-care-hygiene", "deodorants"],
    "locations": {
      "vic": {
        "price": 9,
        "promoText": " ",
        "packageSize": "100mL",
        "packagePrice": "$9.00 per 100mL"
      }
    }
  },
  {
    "id": "impulse-mists-body-spray-tropical-beach",
    "brand": "Impulse",
    "name": "Tropical Beach Expresso Body Spray",
    "imageUrl": "https://shop.coles.com.au/wcsstore/Coles-CAS/images/3/5/7/3579123-th.jpg",
    "categories": ["health-beauty"],
    "tags": ["personal-care-hygiene", "deodorants"],
    "locations": {
      "vic": {
        "price": 9,
        "promoText": " ",
        "packageSize": "100mL",
        "packagePrice": "$9.00 per 100mL"
      }
    }
  },
  {
    "id": "lynx-black-night-deodorant",
    "brand": "Lynx",
    "name": "Men's Body Spray Aerosol Deodorant Black Night",
    "imageUrl": "https://shop.coles.com.au/wcsstore/Coles-CAS/images/2/4/9/2490670-th.jpg",
    "categories": ["health-beauty"],
    "tags": ["personal-care-hygiene", "deodorants"],
    "locations": {
      "vic": {
        "price": 0,
        "promoText": " ",
        "packageSize": "155mL",
        "packagePrice": ""
      }
    }
  },
  {
    "id": "lynx-deodorant-aerosol-collision-leather-cokies",
    "brand": "Lynx",
    "name": "Collision Leather Cookies Aerosol Deodorant",
    "imageUrl": "https://shop.coles.com.au/wcsstore/Coles-CAS/images/3/7/2/3728223-th.jpg",
    "categories": ["health-beauty"],
    "tags": ["personal-care-hygiene", "deodorants"],
    "locations": {
      "vic": {
        "price": 4.9,
        "promoText": "$2.10 ",
        "packageSize": "165mL",
        "packagePrice": "$2.97 per 100mL"
      }
    }
  },
  {
    "id": "mitchum-clinical-powder-fresh-deodorant",
    "brand": "Mitchum",
    "name": "Clinical Antiperspirant Deodorant 48 Hour Powder Fresh For Women",
    "imageUrl": "https://shop.coles.com.au/wcsstore/Coles-CAS/images/1/7/2/1726420-th.jpg",
    "categories": ["health-beauty"],
    "tags": ["personal-care-hygiene", "deodorants"],
    "locations": {
      "vic": {
        "price": 10,
        "promoText": "Was $13.00 on Jun 2020 ",
        "packageSize": "45g",
        "packagePrice": "$22.22 per 100G"
      }
    }
  },
  {
    "id": "mitchum-womens-powder-fresh-clinical-gel-deodorant",
    "brand": "Mitchum",
    "name": "Clinical Gel 48 Hour Powder Fresh Antiperspirant Deodorant For Women",
    "imageUrl": "https://shop.coles.com.au/wcsstore/Coles-CAS/images/2/6/7/2671142-th.jpg",
    "categories": ["health-beauty"],
    "tags": ["personal-care-hygiene", "deodorants"],
    "locations": {
      "vic": {
        "price": 10,
        "promoText": "Was $13.00 on Jun 2020 ",
        "packageSize": "57g",
        "packagePrice": "$17.54 per 100G"
      }
    }
  },
  {
    "id": "myaura-organics-all-natural-rose",
    "brand": "Myaura",
    "name": "Rose Vanilla & Jasmine Organics Deodorant",
    "imageUrl": "https://shop.coles.com.au/wcsstore/Coles-CAS/images/2/9/1/2916421-th.jpg",
    "categories": ["health-beauty"],
    "tags": ["personal-care-hygiene", "deodorants"],
    "locations": {
      "vic": {
        "price": 9,
        "promoText": " ",
        "packageSize": "65g",
        "packagePrice": "$13.85 per 100G"
      }
    }
  },
  {
    "id": "nivea-anti-perspirant-deodorant-aerosol-pearl-beauty",
    "brand": "Nivea",
    "name": "Pearl & Beauty Aerosol Antiperspirant Deodorant",
    "imageUrl": "https://shop.coles.com.au/wcsstore/Coles-CAS/images/5/3/1/5311096-th.jpg",
    "categories": ["health-beauty"],
    "tags": ["personal-care-hygiene", "deodorants"],
    "locations": {
      "vic": {
        "price": 4,
        "promoText": "Was $5.00 on Dec 2019 ",
        "packageSize": "150mL",
        "packagePrice": "$2.67 per 100mL"
      }
    }
  },
  {
    "id": "nivea-men-ap-everyday-active-fresh",
    "brand": "Nivea",
    "name": "Men Everyday Active Fresh Aerosol Antiperspirant Deodorant",
    "imageUrl": "https://shop.coles.com.au/wcsstore/Coles-CAS/images/3/3/6/3363000-th.jpg",
    "categories": ["health-beauty"],
    "tags": ["personal-care-hygiene", "deodorants"],
    "locations": {
      "vic": {
        "price": 3.25,
        "promoText": "$3.25 ",
        "packageSize": "250mL",
        "packagePrice": "$1.30 per 100mL"
      }
    }
  },
  {
    "id": "norsca-clear-anti-perspirant-deodorant-white-passion-flower-aerosol",
    "brand": "Norsca",
    "name": "Clear Passion Flower Antiperspirant Deodorant",
    "imageUrl": "https://shop.coles.com.au/wcsstore/Coles-CAS/images/6/6/6/6661140-th.jpg",
    "categories": ["health-beauty"],
    "tags": ["personal-care-hygiene", "deodorants"],
    "locations": {
      "vic": {
        "price": 6,
        "promoText": " ",
        "packageSize": "150g",
        "packagePrice": "$2.45 per 100mL"
      }
    }
  },
  {
    "id": "norsca-deodorant-aerosol-instant-adrenalin",
    "brand": "Norsca",
    "name": "Antiperspirant Adrenalin Deodorant For Men",
    "imageUrl": "https://shop.coles.com.au/wcsstore/Coles-CAS/images/8/0/0/8006860-th.jpg",
    "categories": ["health-beauty"],
    "tags": ["personal-care-hygiene", "deodorants"],
    "locations": {
      "vic": {
        "price": 6,
        "promoText": " ",
        "packageSize": "245mL",
        "packagePrice": "$2.45 per 100mL"
      }
    }
  },
  {
    "id": "norsca-aluminium-free-apd-rosewater-and-lotus",
    "brand": "Norsca",
    "name": "Aluminium Free Antiperspirant Aerosol Rosewater & Lotus Deodorant",
    "imageUrl": "https://shop.coles.com.au/wcsstore/Coles-CAS/images/3/5/7/3579393-th.jpg",
    "categories": ["health-beauty"],
    "tags": ["personal-care-hygiene", "deodorants"],
    "locations": {
      "vic": {
        "price": 8,
        "promoText": " ",
        "packageSize": "150g",
        "packagePrice": "$5.33 per 100G"
      }
    }
  },
  {
    "id": "redwin-sports-aluminium-free-deodorant-pump",
    "brand": "Redwin",
    "name": "Sports Aluminium Free Deodorant Pump",
    "imageUrl": "https://shop.coles.com.au/wcsstore/Coles-CAS/images/5/1/7/5179862-th.jpg",
    "categories": ["health-beauty"],
    "tags": ["personal-care-hygiene", "deodorants"],
    "locations": {
      "vic": {
        "price": 5,
        "promoText": " ",
        "packageSize": "150mL",
        "packagePrice": "$3.33 per 100mL"
      }
    }
  },
  {
    "id": "rexona-deodorant-roll-on-fragrance-collection-sexy",
    "brand": "Rexona",
    "name": "Women Antiperspirant Roll On Deodorant Sexy Bouquet",
    "imageUrl": "https://shop.coles.com.au/wcsstore/Coles-CAS/images/8/0/1/8010562-th.jpg",
    "categories": ["health-beauty"],
    "tags": ["personal-care-hygiene", "deodorants"],
    "locations": {
      "vic": {
        "price": 4,
        "promoText": " ",
        "packageSize": "50mL",
        "packagePrice": "$8.00 per 100mL"
      }
    }
  },
  {
    "id": "rexona-anti-perspirant-deodorant-men-quantum-24-hour",
    "brand": "Rexona",
    "name": "Men's Antiperspirant Aerosol Deodorant Quantum",
    "imageUrl": "https://shop.coles.com.au/wcsstore/Coles-CAS/images/6/5/5/6554843-th.jpg",
    "categories": ["health-beauty"],
    "tags": ["personal-care-hygiene", "deodorants"],
    "locations": {
      "vic": {
        "price": 5,
        "promoText": "Was $7.00 on Jan 2018 ",
        "packageSize": "250mL",
        "packagePrice": "$2.00 per 100mL"
      }
    }
  },
  {
    "id": "rexona-essentials-anti-perspirant-deodorant-aerosol-men",
    "brand": "Rexona",
    "name": "Men Antiperspirant Aerosol Deodorant Essentials",
    "imageUrl": "https://shop.coles.com.au/wcsstore/Coles-CAS/images/5/5/0/5500780-th.jpg",
    "categories": ["health-beauty"],
    "tags": ["personal-care-hygiene", "deodorants"],
    "locations": {
      "vic": {
        "price": 5,
        "promoText": "Was $7.00 on Jan 2018 ",
        "packageSize": "250mL",
        "packagePrice": "$2.00 per 100mL"
      }
    }
  },
  {
    "id": "rexona-shower-clean-clinical-protection-antiperspirant-deodorant",
    "brand": "Rexona",
    "name": "Women Antiperspirant Cream Clinical Shower Clean",
    "imageUrl": "https://shop.coles.com.au/wcsstore/Coles-CAS/images/2/0/3/2038376-th.jpg",
    "categories": ["health-beauty"],
    "tags": ["personal-care-hygiene", "deodorants"],
    "locations": {
      "vic": {
        "price": 9,
        "promoText": "$4.00 ",
        "packageSize": "45mL",
        "packagePrice": "$20.00 per 100mL"
      }
    }
  },
  {
    "id": "rexona-stick-stress-control-deodorant",
    "brand": "Rexona",
    "name": "Women Clinical Protection Antiperspirant Deodorant Stress Control",
    "imageUrl": "https://shop.coles.com.au/wcsstore/Coles-CAS/images/2/2/7/2277016-th.jpg",
    "categories": ["health-beauty"],
    "tags": ["personal-care-hygiene", "deodorants"],
    "locations": {
      "vic": {
        "price": 9,
        "promoText": "$4.00 ",
        "packageSize": "45mL",
        "packagePrice": "$20.00 per 100mL"
      }
    }
  },
  {
    "id": "rexona-sheer-powder-speed-stick-deodorant",
    "brand": "Rexona",
    "name": "Women Clinical Protection Antiperspirant Deodorant Sheer Powder",
    "imageUrl": "https://shop.coles.com.au/wcsstore/Coles-CAS/images/2/2/7/2277005-th.jpg",
    "categories": ["health-beauty"],
    "tags": ["personal-care-hygiene", "deodorants"],
    "locations": {
      "vic": {
        "price": 9,
        "promoText": "$4.00 ",
        "packageSize": "45mL",
        "packagePrice": "$20.00 per 100mL"
      }
    }
  },
  {
    "id": "rexona-invisible-ice-fresh-antiperspirant",
    "brand": "Rexona",
    "name": "Men Antiperspirant Aerosol Deodorant Invisible Ice Fresh",
    "imageUrl": "https://shop.coles.com.au/wcsstore/Coles-CAS/images/2/8/6/2862617-th.jpg",
    "categories": ["health-beauty"],
    "tags": ["personal-care-hygiene", "deodorants"],
    "locations": {
      "vic": {
        "price": 0,
        "promoText": " ",
        "packageSize": "250mL",
        "packagePrice": ""
      }
    }
  },
  {
    "id": "simple-pure-deodorant-aerosol",
    "brand": "Simple",
    "name": "Pure Aerosol Deodorant",
    "imageUrl": "https://shop.coles.com.au/wcsstore/Coles-CAS/images/3/3/6/3365017-th.jpg",
    "categories": ["health-beauty"],
    "tags": ["personal-care-hygiene", "deodorants"],
    "locations": {
      "vic": {
        "price": 7,
        "promoText": " ",
        "packageSize": "200mL",
        "packagePrice": "$3.50 per 100mL"
      }
    }
  },
  {
    "id": "old-spice-deodorant-stick-wide",
    "brand": "Old Spice",
    "name": "Wide Deodorant Stick",
    "imageUrl": "https://shop.coles.com.au/wcsstore/Coles-CAS/images/5/8/1/5811816-th.jpg",
    "categories": ["health-beauty"],
    "tags": ["personal-care-hygiene", "deodorants-for-men"],
    "locations": {
      "vic": {
        "price": 5.5,
        "promoText": " ",
        "packageSize": "90g",
        "packagePrice": "$6.11 per 100G"
      }
    }
  },
  {
    "id": "nivea-men-roll-on-deep",
    "brand": "Nivea",
    "name": "Men Deep Roll On Antiperspirant Deodorant",
    "imageUrl": "https://shop.coles.com.au/wcsstore/Coles-CAS/images/3/3/6/3363022-th.jpg",
    "categories": ["health-beauty"],
    "tags": ["personal-care-hygiene", "deodorants-for-men"],
    "locations": {
      "vic": {
        "price": 1.75,
        "promoText": "$1.75 ",
        "packageSize": "50mL",
        "packagePrice": "$3.50 per 100mL"
      }
    }
  },
  {
    "id": "nivea-men-deo--black-white-fresh-roll-on",
    "brand": "Nivea",
    "name": "Men Invisible Black & White Fresh Roll On Antiperspirant Deodorant",
    "imageUrl": "https://shop.coles.com.au/wcsstore/Coles-CAS/images/3/0/4/3049006-th.jpg",
    "categories": ["health-beauty"],
    "tags": ["personal-care-hygiene", "deodorants-for-men"],
    "locations": {
      "vic": {
        "price": 1.75,
        "promoText": "$1.75 ",
        "packageSize": "50mL",
        "packagePrice": "$3.50 per 100mL"
      }
    }
  },
  {
    "id": "nivea-men-deo-black-white-fresh-aerosol",
    "brand": "Nivea",
    "name": "Men Invisible Black & White Fresh Aerosol Antiperspirant Deodorant",
    "imageUrl": "https://shop.coles.com.au/wcsstore/Coles-CAS/images/3/0/4/3048896-th.jpg",
    "categories": ["health-beauty"],
    "tags": ["personal-care-hygiene", "deodorants-for-men"],
    "locations": {
      "vic": {
        "price": 3.25,
        "promoText": "$3.25 ",
        "packageSize": "250mL",
        "packagePrice": "$1.30 per 100mL"
      }
    }
  },
  {
    "id": "rexona-men-clinical-protection-active-fresh",
    "brand": "Rexona",
    "name": "Men Clinical Protection Aerosol Active Fresh Antiperspirant",
    "imageUrl": "https://shop.coles.com.au/wcsstore/Coles-CAS/images/3/3/6/3364080-th.jpg",
    "categories": ["health-beauty"],
    "tags": ["personal-care-hygiene", "deodorants-for-men"],
    "locations": {
      "vic": {
        "price": 7,
        "promoText": "$3.00 ",
        "packageSize": "180mL",
        "packagePrice": "$3.89 per 100mL"
      }
    }
  },
  {
    "id": "nivea-men-roll-on-everyday-active-fresh",
    "brand": "Nivea",
    "name": "Men Everyday Active Fresh Roll On Antiperspirant Deodorant",
    "imageUrl": "https://shop.coles.com.au/wcsstore/Coles-CAS/images/3/3/6/3363011-th.jpg",
    "categories": ["health-beauty"],
    "tags": ["personal-care-hygiene", "deodorants-for-men"],
    "locations": {
      "vic": {
        "price": 1.75,
        "promoText": "$1.75 ",
        "packageSize": "50mL",
        "packagePrice": "$3.50 per 100mL"
      }
    }
  },
  {
    "id": "rexona-clinical-protect-deodorant-men-sport",
    "brand": "Rexona",
    "name": "Men Clinical Protection Antiperspirant Deodorant Sport",
    "imageUrl": "https://shop.coles.com.au/wcsstore/Coles-CAS/images/8/9/4/8948839-th.jpg",
    "categories": ["health-beauty"],
    "tags": ["personal-care-hygiene", "deodorants-for-men"],
    "locations": {
      "vic": {
        "price": 9,
        "promoText": "$4.00 ",
        "packageSize": "45mL",
        "packagePrice": "$20.00 per 100mL"
      }
    }
  },
  {
    "id": "rexona-clinical-protection-clean-scent-deodorant",
    "brand": "Rexona",
    "name": "Men Clinical Protection Antiperspirant Deodorant Clean Scent",
    "imageUrl": "https://shop.coles.com.au/wcsstore/Coles-CAS/images/2/8/6/2864270-th.jpg",
    "categories": ["health-beauty"],
    "tags": ["personal-care-hygiene", "deodorants-for-men"],
    "locations": {
      "vic": {
        "price": 9,
        "promoText": "$4.00 ",
        "packageSize": "45mL",
        "packagePrice": "$20.00 per 100mL"
      }
    }
  },
  {
    "id": "rexona-men-clinical-protection-sport-3364025p",
    "brand": "Rexona",
    "name": "Men Clinical Protection Aerosol Sport Antiperspirant",
    "imageUrl": "https://shop.coles.com.au/wcsstore/Coles-CAS/images/3/3/6/3364025-th.jpg",
    "categories": ["health-beauty"],
    "tags": ["personal-care-hygiene", "deodorants-for-men"],
    "locations": {
      "vic": {
        "price": 7,
        "promoText": "$3.00 ",
        "packageSize": "180mL",
        "packagePrice": "$3.89 per 100mL"
      }
    }
  },
  {
    "id": "rexona-men-antiperspirant-aerosol-advanced-turbo",
    "brand": "Rexona",
    "name": "Men Antiperspirant Aerosol Advanced Turbo Deodorant",
    "imageUrl": "https://shop.coles.com.au/wcsstore/Coles-CAS/images/3/6/6/3660855-th.jpg",
    "categories": ["health-beauty"],
    "tags": ["personal-care-hygiene", "deodorants-for-men"],
    "locations": {
      "vic": {
        "price": 7.5,
        "promoText": " ",
        "packageSize": "220mL",
        "packagePrice": "$3.41 per 100mL"
      }
    }
  },
  {
    "id": "rexona-men-antiperspirant-aerosol-invisble-ice-frsh",
    "brand": "Rexona",
    "name": "Men Antiperspirant Aerosol Advanced Invisible Ice Fresh Deodorant",
    "imageUrl": "https://shop.coles.com.au/wcsstore/Coles-CAS/images/3/6/6/3660797-th.jpg",
    "categories": ["health-beauty"],
    "tags": ["personal-care-hygiene", "deodorants-for-men"],
    "locations": {
      "vic": {
        "price": 7.5,
        "promoText": " ",
        "packageSize": "220mL",
        "packagePrice": "$3.41 per 100mL"
      }
    }
  },
  {
    "id": "brut-deodorant-stick-for-men",
    "brand": "Brut",
    "name": "Deodorant Stick For Men",
    "imageUrl": "https://shop.coles.com.au/wcsstore/Coles-CAS/images/5/2/8/5288937-th.jpg",
    "categories": ["health-beauty"],
    "tags": ["personal-care-hygiene", "deodorants-for-men"],
    "locations": {
      "vic": {
        "price": 5.5,
        "promoText": " ",
        "packageSize": "75g",
        "packagePrice": "$7.33 per 100G"
      }
    }
  },
  {
    "id": "dove-men-clinical-protection-clean-comfort",
    "brand": "Dove",
    "name": "Men Clinical Protection Clean Scent Roll On",
    "imageUrl": "https://shop.coles.com.au/wcsstore/Coles-CAS/images/3/3/6/3364896-th.jpg",
    "categories": ["health-beauty"],
    "tags": ["personal-care-hygiene", "deodorants-for-men"],
    "locations": {
      "vic": {
        "price": 8,
        "promoText": " ",
        "packageSize": "50mL",
        "packagePrice": "$16.00 per 100mL"
      }
    }
  },
  {
    "id": "dove-men-clinical-protection-clean-comfort-3364885p",
    "brand": "Dove",
    "name": "Men + Care Clinical Protection Antiperspirant Clean Comfort Deodorant",
    "imageUrl": "https://shop.coles.com.au/wcsstore/Coles-CAS/images/3/3/6/3364885-th.jpg",
    "categories": ["health-beauty"],
    "tags": ["personal-care-hygiene", "deodorants-for-men"],
    "locations": {
      "vic": {
        "price": 10,
        "promoText": " ",
        "packageSize": "180mL",
        "packagePrice": "$5.56 per 100mL"
      }
    }
  },
  {
    "id": "loreal-men-expert-thermic-resist-deodorant",
    "brand": "L'Oreal",
    "name": "Men Expert Thermic Resist Deodorant",
    "imageUrl": "https://shop.coles.com.au/wcsstore/Coles-CAS/images/3/0/4/3049470-th.jpg",
    "categories": ["health-beauty"],
    "tags": ["personal-care-hygiene", "deodorants-for-men"],
    "locations": {
      "vic": {
        "price": 7,
        "promoText": "2 for $10",
        "packageSize": "250mL",
        "packagePrice": "$2.80 per 100mL"
      }
    }
  },
  {
    "id": "mitchum-clinical-sport-control-deodorant",
    "brand": "Mitchum",
    "name": "Clinical Antiperspirant Deodorant 8 Hour Sport For Men",
    "imageUrl": "https://shop.coles.com.au/wcsstore/Coles-CAS/images/1/7/2/1725814-th.jpg",
    "categories": ["health-beauty"],
    "tags": ["personal-care-hygiene", "deodorants-for-men"],
    "locations": {
      "vic": {
        "price": 10,
        "promoText": "Was $13.00 on Jun 2020 ",
        "packageSize": "45g",
        "packagePrice": "$22.22 per 100G"
      }
    }
  },
  {
    "id": "rexona-men-clinical-protection-anti-perspirant-deodorant",
    "brand": "Rexona",
    "name": "Men Clinical Protection Antiperspirant Deodorant Active Fresh",
    "imageUrl": "https://shop.coles.com.au/wcsstore/Coles-CAS/images/6/9/8/6981979-th.jpg",
    "categories": ["health-beauty"],
    "tags": ["personal-care-hygiene", "deodorants-for-men"],
    "locations": {
      "vic": {
        "price": 9,
        "promoText": "$4.00 ",
        "packageSize": "45mL",
        "packagePrice": "$20.00 per 100mL"
      }
    }
  },
  {
    "id": "rexona-men-clinical-protection-clean-scent",
    "brand": "Rexona",
    "name": "Men Antiperspirant Clean Scent Roll On",
    "imageUrl": "https://shop.coles.com.au/wcsstore/Coles-CAS/images/3/3/6/3364116-th.jpg",
    "categories": ["health-beauty"],
    "tags": ["personal-care-hygiene", "deodorants-for-men"],
    "locations": {
      "vic": {
        "price": 5.6,
        "promoText": "$2.40 ",
        "packageSize": "50mL",
        "packagePrice": "$11.20 per 100mL"
      }
    }
  },
  {
    "id": "rexona-men-clinical-protection-sport",
    "brand": "Rexona",
    "name": "Men Sport Clinical Protection Antiperspirant Roll On",
    "imageUrl": "https://shop.coles.com.au/wcsstore/Coles-CAS/images/3/3/6/3364105-th.jpg",
    "categories": ["health-beauty"],
    "tags": ["personal-care-hygiene", "deodorants-for-men"],
    "locations": {
      "vic": {
        "price": 5.6,
        "promoText": "$2.40 ",
        "packageSize": "50mL",
        "packagePrice": "$11.20 per 100mL"
      }
    }
  },
  {
    "id": "rexona-men-clinical-protection-clean-scent-3364070p",
    "brand": "Rexona",
    "name": "Antiperspirant Men Clinical Protection Clean Scent",
    "imageUrl": "https://shop.coles.com.au/wcsstore/Coles-CAS/images/3/3/6/3364070-th.jpg",
    "categories": ["health-beauty"],
    "tags": ["personal-care-hygiene", "deodorants-for-men"],
    "locations": {
      "vic": {
        "price": 7,
        "promoText": "$3.00 ",
        "packageSize": "180mL",
        "packagePrice": "$3.89 per 100mL"
      }
    }
  },
  {
    "id": "u-by-kotex-pads-ultra-thin-regular-with-wings",
    "brand": "U By Kotex",
    "name": "Ultra Thin Regular with Wings Pads",
    "imageUrl": "https://shop.coles.com.au/wcsstore/Coles-CAS/images/9/4/9/9499005-th.jpg",
    "categories": ["health-beauty"],
    "tags": ["personal-care-hygiene", "feminine-care"],
    "locations": {
      "vic": {
        "price": 4,
        "promoText": " ",
        "packageSize": "14 pack",
        "packagePrice": "$0.29 per 1Ea"
      }
    }
  },
  {
    "id": "u-by-kotex-pads-overnight-with-wings",
    "brand": "U By Kotex",
    "name": "Overnight Extra Regular Wings Pads",
    "imageUrl": "https://shop.coles.com.au/wcsstore/Coles-CAS/images/9/5/0/9500240-th.jpg",
    "categories": ["health-beauty"],
    "tags": ["personal-care-hygiene", "feminine-care"],
    "locations": {
      "vic": {
        "price": 4,
        "promoText": " ",
        "packageSize": "10 pack",
        "packagePrice": "$0.40 per 1Ea"
      }
    }
  },
  {
    "id": "u-by-kotex-pads-ultra-thin-super-with-wings",
    "brand": "U By Kotex",
    "name": "Ultra Thin Super with Wings Pads",
    "imageUrl": "https://shop.coles.com.au/wcsstore/Coles-CAS/images/9/4/9/9498523-th.jpg",
    "categories": ["health-beauty"],
    "tags": ["personal-care-hygiene", "feminine-care"],
    "locations": {
      "vic": {
        "price": 4,
        "promoText": " ",
        "packageSize": "12 pack",
        "packagePrice": "$0.33 per 1Ea"
      }
    }
  },
  {
    "id": "stayfree-pads-cottony-soft-ultra-thin-with-wings-regular-5189287p",
    "brand": "Stayfree",
    "name": "Ultra Thin With Wings Regular Cotton Pads",
    "imageUrl": "https://shop.coles.com.au/wcsstore/Coles-CAS/images/5/1/8/5189287-th.jpg",
    "categories": ["health-beauty"],
    "tags": ["personal-care-hygiene", "feminine-care"],
    "locations": {
      "vic": {
        "price": 4.5,
        "promoText": " ",
        "packageSize": "14 pack",
        "packagePrice": "$0.32 per 1Ea"
      }
    }
  },
  {
    "id": "carefree-barely-there-liners",
    "brand": "Carefree",
    "name": "Barely There Liners",
    "imageUrl": "https://shop.coles.com.au/wcsstore/Coles-CAS/images/9/6/2/9621889-th.jpg",
    "categories": ["health-beauty"],
    "tags": ["personal-care-hygiene", "feminine-care"],
    "locations": {
      "vic": {
        "price": 4.5,
        "promoText": " ",
        "packageSize": "42 pack",
        "packagePrice": "$0.11 per 1Ea"
      }
    }
  },
  {
    "id": "libra-pads-ultra-thins-regular-with-wings",
    "brand": "Libra",
    "name": "Ultra Thin with Wings Regular Pads",
    "imageUrl": "https://shop.coles.com.au/wcsstore/Coles-CAS/images/6/8/1/6811527-th.jpg",
    "categories": ["health-beauty"],
    "tags": ["personal-care-hygiene", "feminine-care"],
    "locations": {
      "vic": {
        "price": 2.1,
        "promoText": " ",
        "packageSize": "14 pack",
        "packagePrice": "$0.15 per 1Ea"
      }
    }
  },
  {
    "id": "libra-pads-ultra-thins-super-with-wings",
    "brand": "Libra",
    "name": "Ultra Thins Super with Wings Pads",
    "imageUrl": "https://shop.coles.com.au/wcsstore/Coles-CAS/images/6/8/1/6811505-th.jpg",
    "categories": ["health-beauty"],
    "tags": ["personal-care-hygiene", "feminine-care"],
    "locations": {
      "vic": {
        "price": 2.1,
        "promoText": " ",
        "packageSize": "12 pack",
        "packagePrice": "$0.18 per 1Ea"
      }
    }
  },
  {
    "id": "carefree-breathable-liners-2621246p",
    "brand": "Carefree",
    "name": "Breathable Liners",
    "imageUrl": "https://shop.coles.com.au/wcsstore/Coles-CAS/images/2/6/2/2621246-th.jpg",
    "categories": ["health-beauty"],
    "tags": ["personal-care-hygiene", "feminine-care"],
    "locations": {
      "vic": {
        "price": 4.1,
        "promoText": " ",
        "packageSize": "48 pack",
        "packagePrice": "$0.09 per 1Ea"
      }
    }
  },
  {
    "id": "libra-pads-goodnights-extra-long-with-wings",
    "brand": "Libra",
    "name": "Goodnights Extra Long with Wings Pads",
    "imageUrl": "https://shop.coles.com.au/wcsstore/Coles-CAS/images/5/5/3/5531401-th.jpg",
    "categories": ["health-beauty"],
    "tags": ["personal-care-hygiene", "feminine-care"],
    "locations": {
      "vic": {
        "price": 2.1,
        "promoText": " ",
        "packageSize": "10 pack",
        "packagePrice": "$0.21 per 1Ea"
      }
    }
  },
  {
    "id": "kotex-pads-regular-with-wings",
    "brand": "U By Kotex",
    "name": "Regular Pad With Wings",
    "imageUrl": "https://shop.coles.com.au/wcsstore/Coles-CAS/images/8/5/0/8508280-th.jpg",
    "categories": ["health-beauty"],
    "tags": ["personal-care-hygiene", "feminine-care"],
    "locations": {
      "vic": {
        "price": 4,
        "promoText": " ",
        "packageSize": "16 pack",
        "packagePrice": "$0.25 per 1Ea"
      }
    }
  },
  {
    "id": "carefree-liners-long",
    "brand": "Carefree",
    "name": "Long Liners",
    "imageUrl": "https://shop.coles.com.au/wcsstore/Coles-CAS/images/6/8/9/6899437-th.jpg",
    "categories": ["health-beauty"],
    "tags": ["personal-care-hygiene", "feminine-care"],
    "locations": {
      "vic": {
        "price": 3.5,
        "promoText": " ",
        "packageSize": "30 pack",
        "packagePrice": "$0.12 per 1Ea"
      }
    }
  },
  {
    "id": "stayfree-regular-all-night-wings",
    "brand": "Stayfree",
    "name": "Regular All Night Wings",
    "imageUrl": "https://shop.coles.com.au/wcsstore/Coles-CAS/images/2/6/2/2621268-th.jpg",
    "categories": ["health-beauty"],
    "tags": ["personal-care-hygiene", "feminine-care"],
    "locations": {
      "vic": {
        "price": 4.5,
        "promoText": " ",
        "packageSize": "10 pack",
        "packagePrice": "$0.45 per 1Ea"
      }
    }
  },
  {
    "id": "u-by-kotex-pads-ultra-thin-regular",
    "brand": "U By Kotex",
    "name": "Ultra Thin Regular Pads",
    "imageUrl": "https://shop.coles.com.au/wcsstore/Coles-CAS/images/9/4/9/9498997-th.jpg",
    "categories": ["health-beauty"],
    "tags": ["personal-care-hygiene", "feminine-care"],
    "locations": {
      "vic": {
        "price": 4,
        "promoText": " ",
        "packageSize": "14 pack",
        "packagePrice": "$0.29 per 1Ea"
      }
    }
  },
  {
    "id": "u-by-kotex-maxi-long-overnight-pads-wings",
    "brand": "U By Kotex",
    "name": "Extra Maximum Protection Overnight Long Pads With Wings",
    "imageUrl": "https://shop.coles.com.au/wcsstore/Coles-CAS/images/3/2/2/3223330-th.jpg",
    "categories": ["health-beauty"],
    "tags": ["personal-care-hygiene", "feminine-care"],
    "locations": {
      "vic": {
        "price": 4,
        "promoText": " ",
        "packageSize": "8 pack",
        "packagePrice": "$0.50 per 1Ea"
      }
    }
  },
  {
    "id": "libra-pads-regular-with-wings",
    "brand": "Libra",
    "name": "Regular with Wings Pads",
    "imageUrl": "https://shop.coles.com.au/wcsstore/Coles-CAS/images/6/8/1/6811491-th.jpg",
    "categories": ["health-beauty"],
    "tags": ["personal-care-hygiene", "feminine-care"],
    "locations": {
      "vic": {
        "price": 2.1,
        "promoText": " ",
        "packageSize": "14 pack",
        "packagePrice": "$0.15 per 1Ea"
      }
    }
  },
  {
    "id": "libra-goodnights-ultra-thin-extra-long-with-wings-pads",
    "brand": "Libra",
    "name": "Ultra Thin Pads Goodnights With Wings",
    "imageUrl": "https://shop.coles.com.au/wcsstore/Coles-CAS/images/8/5/3/8536853-th.jpg",
    "categories": ["health-beauty"],
    "tags": ["personal-care-hygiene", "feminine-care"],
    "locations": {
      "vic": {
        "price": 2.1,
        "promoText": " ",
        "packageSize": "10 pack",
        "packagePrice": "$0.21 per 1Ea"
      }
    }
  },
  {
    "id": "tena-incontinence-liners",
    "brand": "Tena",
    "name": "Incontinence Liners",
    "imageUrl": "https://shop.coles.com.au/wcsstore/Coles-CAS/images/8/5/4/8545388-th.jpg",
    "categories": ["health-beauty"],
    "tags": ["personal-care-hygiene", "feminine-care"],
    "locations": {
      "vic": {
        "price": 3.5,
        "promoText": " ",
        "packageSize": "30 pack",
        "packagePrice": "$3.50 per 1Ea"
      }
    }
  },
  {
    "id": "libra-invisible-sport-regular-pads-with-wings",
    "brand": "Libra",
    "name": "Invisible Sport Regular Pads With Wings",
    "imageUrl": "https://shop.coles.com.au/wcsstore/Coles-CAS/images/3/0/3/3036059-th.jpg",
    "categories": ["health-beauty"],
    "tags": ["personal-care-hygiene", "feminine-care"],
    "locations": {
      "vic": {
        "price": 2.3,
        "promoText": "$2.30 ",
        "packageSize": "12 pack",
        "packagePrice": "$0.19 per 1Ea"
      }
    }
  },
  {
    "id": "poise-liners-light",
    "brand": "Poise",
    "name": "Light Liners",
    "imageUrl": "https://shop.coles.com.au/wcsstore/Coles-CAS/images/4/2/1/4216227-th.jpg",
    "categories": ["health-beauty"],
    "tags": ["personal-care-hygiene", "feminine-care"],
    "locations": {
      "vic": {
        "price": 2.1,
        "promoText": "$0.90 ",
        "packageSize": "18 pack",
        "packagePrice": "$0.12 per 1Ea"
      }
    }
  },
  {
    "id": "poise-liners-panty",
    "brand": "Poise",
    "name": "Panty Liners",
    "imageUrl": "https://shop.coles.com.au/wcsstore/Coles-CAS/images/9/0/7/9070151-th.jpg",
    "categories": ["health-beauty"],
    "tags": ["personal-care-hygiene", "feminine-care"],
    "locations": {
      "vic": {
        "price": 3.01,
        "promoText": "$1.29 ",
        "packageSize": "26 pack",
        "packagePrice": "$0.12 per 1Ea"
      }
    }
  },
  {
    "id": "stayfree-pads-cottony-soft-ultra-thin-with-wings-all-nights",
    "brand": "Stayfree",
    "name": "Ultra Thin with Wings All Nights Cotton Pads",
    "imageUrl": "https://shop.coles.com.au/wcsstore/Coles-CAS/images/5/1/8/5189276-th.jpg",
    "categories": ["health-beauty"],
    "tags": ["personal-care-hygiene", "feminine-care"],
    "locations": {
      "vic": {
        "price": 4.5,
        "promoText": " ",
        "packageSize": "10 pack",
        "packagePrice": "$0.45 per 1Ea"
      }
    }
  },
  {
    "id": "carefree-liners-regular-purse-pack",
    "brand": "Carefree",
    "name": "Regular Purse Pack Liners",
    "imageUrl": "https://shop.coles.com.au/wcsstore/Coles-CAS/images/6/9/3/6932962-th.jpg",
    "categories": ["health-beauty"],
    "tags": ["personal-care-hygiene", "feminine-care"],
    "locations": {
      "vic": {
        "price": 3.5,
        "promoText": " ",
        "packageSize": "30 pack",
        "packagePrice": "$0.12 per 1Ea"
      }
    }
  },
  {
    "id": "cottons-pads-ultra-thin-with-wings-regular",
    "brand": "Cottons",
    "name": "Ultra Thin with Wings Regular Pads",
    "imageUrl": "https://shop.coles.com.au/wcsstore/Coles-CAS/images/8/0/9/8098574-th.jpg",
    "categories": ["health-beauty"],
    "tags": ["personal-care-hygiene", "feminine-care"],
    "locations": {
      "vic": {
        "price": 3.9,
        "promoText": "$1.00 ",
        "packageSize": "14 pack",
        "packagePrice": "$0.28 per 1Ea"
      }
    }
  },
  {
    "id": "libra-hearts-pads-regular-compact-wings",
    "brand": "Libra",
    "name": "Girl Regular Pads With Wings",
    "imageUrl": "https://shop.coles.com.au/wcsstore/Coles-CAS/images/8/1/4/8146305-th.jpg",
    "categories": ["health-beauty"],
    "tags": ["personal-care-hygiene", "feminine-care"],
    "locations": {
      "vic": {
        "price": 2.1,
        "promoText": " ",
        "packageSize": "12 pack",
        "packagePrice": "$2.10 per 1Ea"
      }
    }
  },
  {
    "id": "libra-tampons-regular",
    "brand": "Libra",
    "name": "Regular Tampons",
    "imageUrl": "https://shop.coles.com.au/wcsstore/Coles-CAS/images/4/5/9/459544-th.jpg",
    "categories": ["health-beauty"],
    "tags": ["personal-care-hygiene", "feminine-care"],
    "locations": {
      "vic": {
        "price": 6.35,
        "promoText": " ",
        "packageSize": "32 pack",
        "packagePrice": "$0.20 per 1Ea"
      }
    }
  },
  {
    "id": "tampax-compak-pearl-regular-applicator-tampon-3301524p",
    "brand": "Tampax",
    "name": "Pearl Compak Regular Tampon With Applicator",
    "imageUrl": "https://shop.coles.com.au/wcsstore/Coles-CAS/images/3/3/0/3301524-th.jpg",
    "categories": ["health-beauty"],
    "tags": ["personal-care-hygiene", "feminine-care"],
    "locations": {
      "vic": {
        "price": 6.35,
        "promoText": " ",
        "packageSize": "18 pack",
        "packagePrice": "$0.35 per 1Ea"
      }
    }
  },
  {
    "id": "u-by-kotex-tampons-super",
    "brand": "U By Kotex",
    "name": "Super Tampons",
    "imageUrl": "https://shop.coles.com.au/wcsstore/Coles-CAS/images/6/0/4/6041838-th.jpg",
    "categories": ["health-beauty"],
    "tags": ["personal-care-hygiene", "feminine-care"],
    "locations": {
      "vic": {
        "price": 6.8,
        "promoText": " ",
        "packageSize": "32 pack",
        "packagePrice": "$0.21 per 1Ea"
      }
    }
  },
  {
    "id": "u-by-kotex-overnight-ultra-thin-pads-with-wings",
    "brand": "U By Kotex",
    "name": "Overnight Ultra Thin Pads With Wings",
    "imageUrl": "https://shop.coles.com.au/wcsstore/Coles-CAS/images/1/7/2/1721493-th.jpg",
    "categories": ["health-beauty"],
    "tags": ["personal-care-hygiene", "feminine-care"],
    "locations": {
      "vic": {
        "price": 4,
        "promoText": " ",
        "packageSize": "10 pack",
        "packagePrice": "$0.40 per 1Ea"
      }
    }
  },
  {
    "id": "carefree-tampons-super-103218p",
    "brand": "Carefree",
    "name": "Original Super Tampons",
    "imageUrl": "https://shop.coles.com.au/wcsstore/Coles-CAS/images/1/0/3/103218-th.jpg",
    "categories": ["health-beauty"],
    "tags": ["personal-care-hygiene", "feminine-care"],
    "locations": {
      "vic": {
        "price": 4.25,
        "promoText": " ",
        "packageSize": "16 pack",
        "packagePrice": "$0.27 per 1Ea"
      }
    }
  },
  {
    "id": "cottons-tampons-super-100%25-cotton",
    "brand": "Cottons",
    "name": "Super 100% Cotton Tampons",
    "imageUrl": "https://shop.coles.com.au/wcsstore/Coles-CAS/images/5/5/2/5523163-th.jpg",
    "categories": ["health-beauty"],
    "tags": ["personal-care-hygiene", "feminine-care"],
    "locations": {
      "vic": {
        "price": 3.84,
        "promoText": "$0.96 ",
        "packageSize": "16 pack",
        "packagePrice": "$0.24 per 1Ea"
      }
    }
  },
  {
    "id": "cottons-tampons-regular-100%25-cotton",
    "brand": "Cottons",
    "name": "Regular 100% Cotton Tampons",
    "imageUrl": "https://shop.coles.com.au/wcsstore/Coles-CAS/images/5/5/2/5522262-th.jpg",
    "categories": ["health-beauty"],
    "tags": ["personal-care-hygiene", "feminine-care"],
    "locations": {
      "vic": {
        "price": 3.84,
        "promoText": "$0.96 ",
        "packageSize": "16 pack",
        "packagePrice": "$0.24 per 1Ea"
      }
    }
  },
  {
    "id": "cottons-overnight-pads",
    "brand": "Cottons",
    "name": "Overnight Pads",
    "imageUrl": "https://shop.coles.com.au/wcsstore/Coles-CAS/images/2/6/2/2621574-th.jpg",
    "categories": ["health-beauty"],
    "tags": ["personal-care-hygiene", "feminine-care"],
    "locations": {
      "vic": {
        "price": 4.16,
        "promoText": "$1.04 ",
        "packageSize": "10 pack",
        "packagePrice": "$0.42 per 1Ea"
      }
    }
  },
  {
    "id": "libra-tampons-regular-459533p",
    "brand": "Libra",
    "name": "Regular Tampons",
    "imageUrl": "https://shop.coles.com.au/wcsstore/Coles-CAS/images/4/5/9/459533-th.jpg",
    "categories": ["health-beauty"],
    "tags": ["personal-care-hygiene", "feminine-care"],
    "locations": {
      "vic": {
        "price": 1.8,
        "promoText": " ",
        "packageSize": "16 pack",
        "packagePrice": "$0.11 per 1Ea"
      }
    }
  },
  {
    "id": "libra-goodnights-pads-ultra-thin-value-pack",
    "brand": "Libra",
    "name": "Goodnights Ultra Thin Value Pack Pads",
    "imageUrl": "https://shop.coles.com.au/wcsstore/Coles-CAS/images/9/6/2/9622021-th.jpg",
    "categories": ["health-beauty"],
    "tags": ["personal-care-hygiene", "feminine-care"],
    "locations": {
      "vic": {
        "price": 7.7,
        "promoText": " ",
        "packageSize": "20 pack",
        "packagePrice": "$0.39 per 1Ea"
      }
    }
  },
  {
    "id": "libra-ultra-thins-regular-pads",
    "brand": "Libra",
    "name": "Ultra Thins Regular Pads",
    "imageUrl": "https://shop.coles.com.au/wcsstore/Coles-CAS/images/2/6/8/2686026-th.jpg",
    "categories": ["health-beauty"],
    "tags": ["personal-care-hygiene", "feminine-care"],
    "locations": {
      "vic": {
        "price": 2.1,
        "promoText": " ",
        "packageSize": "14 pack",
        "packagePrice": "$0.15 per 1Ea"
      }
    }
  },
  {
    "id": "stayfree-pads-cottony-soft-ultra-thin-with-wings-light",
    "brand": "Stayfree",
    "name": "Ultra Thin with Wings Light Pads",
    "imageUrl": "https://shop.coles.com.au/wcsstore/Coles-CAS/images/4/8/1/4819222-th.jpg",
    "categories": ["health-beauty"],
    "tags": ["personal-care-hygiene", "feminine-care"],
    "locations": {
      "vic": {
        "price": 4.5,
        "promoText": " ",
        "packageSize": "16 pack",
        "packagePrice": "$0.28 per 1Ea"
      }
    }
  },
  {
    "id": "tom-organic-tamons-regula",
    "brand": "TOM Organic",
    "name": "Regular Tampons",
    "imageUrl": "https://shop.coles.com.au/wcsstore/Coles-CAS/images/1/1/7/1176716-th.jpg",
    "categories": ["health-beauty"],
    "tags": ["personal-care-hygiene", "feminine-care"],
    "locations": {
      "vic": {
        "price": 5.45,
        "promoText": " ",
        "packageSize": "16 pack",
        "packagePrice": "$0.34 per 1Ea"
      }
    }
  },
  {
    "id": "u-by-kotex-liners-protective-floral",
    "brand": "U By Kotex",
    "name": "Designer Series Protect Liners",
    "imageUrl": "https://shop.coles.com.au/wcsstore/Coles-CAS/images/1/1/7/1173401-th.jpg",
    "categories": ["health-beauty"],
    "tags": ["personal-care-hygiene", "feminine-care"],
    "locations": {
      "vic": {
        "price": 3.5,
        "promoText": " ",
        "packageSize": "30 pack",
        "packagePrice": "$0.12 per 1Ea"
      }
    }
  },
  {
    "id": "u-by-kotex-tampons-mini-regular",
    "brand": "U By Kotex",
    "name": "Mini Slim Tampons",
    "imageUrl": "https://shop.coles.com.au/wcsstore/Coles-CAS/images/5/4/3/5439599-th.jpg",
    "categories": ["health-beauty"],
    "tags": ["personal-care-hygiene", "feminine-care"],
    "locations": {
      "vic": {
        "price": 4.25,
        "promoText": " ",
        "packageSize": "16 pack",
        "packagePrice": "$0.27 per 1Ea"
      }
    }
  },
  {
    "id": "carefree-flexia-tampons-regular",
    "brand": "Carefree",
    "name": "Regular Flexia Tampons",
    "imageUrl": "https://shop.coles.com.au/wcsstore/Coles-CAS/images/6/5/6/6567131-th.jpg",
    "categories": ["health-beauty"],
    "tags": ["personal-care-hygiene", "feminine-care"],
    "locations": {
      "vic": {
        "price": 4.6,
        "promoText": " ",
        "packageSize": "16 pack",
        "packagePrice": "$0.29 per 1Ea"
      }
    }
  },
  {
    "id": "carefree-barely-there-liners-g-string",
    "brand": "Carefree",
    "name": "G String Liners",
    "imageUrl": "https://shop.coles.com.au/wcsstore/Coles-CAS/images/4/9/7/4975090-th.jpg",
    "categories": ["health-beauty"],
    "tags": ["personal-care-hygiene", "feminine-care"],
    "locations": {
      "vic": {
        "price": 3,
        "promoText": " ",
        "packageSize": "24 pack",
        "packagePrice": "$0.13 per 1Ea"
      }
    }
  },
  {
    "id": "carefree-tampons-regular",
    "brand": "Carefree",
    "name": "Original Regular Tampons",
    "imageUrl": "https://shop.coles.com.au/wcsstore/Coles-CAS/images/1/3/7/137402-th.jpg",
    "categories": ["health-beauty"],
    "tags": ["personal-care-hygiene", "feminine-care"],
    "locations": {
      "vic": {
        "price": 6.8,
        "promoText": " ",
        "packageSize": "40 pack",
        "packagePrice": "$0.17 per 1Ea"
      }
    }
  },
  {
    "id": "carefree-barely-there-aloe-vera-liners",
    "brand": "Carefree barely There",
    "name": "Ultra Thin & Flexible Aloe Vera Liners",
    "imageUrl": "https://shop.coles.com.au/wcsstore/Coles-CAS/images/2/6/2/2621235-th.jpg",
    "categories": ["health-beauty"],
    "tags": ["personal-care-hygiene", "feminine-care"],
    "locations": {
      "vic": {
        "price": 4.5,
        "promoText": " ",
        "packageSize": "42 pack",
        "packagePrice": "$0.11 per 1Ea"
      }
    }
  },
  {
    "id": "coles-liners-regular-3706559p",
    "brand": "Coles",
    "name": "Liners Regular",
    "imageUrl": "https://shop.coles.com.au/wcsstore/Coles-CAS/images/3/7/0/3706559-th.jpg",
    "categories": ["health-beauty"],
    "tags": ["personal-care-hygiene", "feminine-care"],
    "locations": {
      "vic": {
        "price": 2,
        "promoText": " ",
        "packageSize": "30pack",
        "packagePrice": "$0.07 per 1Ea"
      }
    }
  },
  {
    "id": "coles-tampons-super-3706424p",
    "brand": "Coles",
    "name": "Tampons Super",
    "imageUrl": "https://shop.coles.com.au/wcsstore/Coles-CAS/images/3/7/0/3706424-th.jpg",
    "categories": ["health-beauty"],
    "tags": ["personal-care-hygiene", "feminine-care"],
    "locations": {
      "vic": {
        "price": 2.25,
        "promoText": " ",
        "packageSize": "16 pack",
        "packagePrice": "$0.14 per 1Ea"
      }
    }
  },
  {
    "id": "femfresh-pocket-wipes",
    "brand": "Femfresh",
    "name": "Limited Edition Pocket Wipes",
    "imageUrl": "https://shop.coles.com.au/wcsstore/Coles-CAS/images/2/6/2/2622136-th.jpg",
    "categories": ["health-beauty"],
    "tags": ["personal-care-hygiene", "feminine-care"],
    "locations": {
      "vic": {
        "price": 3,
        "promoText": " ",
        "packageSize": "10 pack",
        "packagePrice": "$0.30 per 1Ea"
      }
    }
  },
  {
    "id": "libra-breathable-liners-light-protection",
    "brand": "Libra",
    "name": "Light Protection Breathable Liners",
    "imageUrl": "https://shop.coles.com.au/wcsstore/Coles-CAS/images/7/6/9/7692092-th.jpg",
    "categories": ["health-beauty"],
    "tags": ["personal-care-hygiene", "feminine-care"],
    "locations": {
      "vic": {
        "price": 1.8,
        "promoText": " ",
        "packageSize": "50 pack",
        "packagePrice": "$0.04 per 1Ea"
      }
    }
  },
  {
    "id": "libra-pads-maternity-extra-long-with-wings",
    "brand": "Libra",
    "name": "Maternity Extra Long with Wings Pads",
    "imageUrl": "https://shop.coles.com.au/wcsstore/Coles-CAS/images/6/6/8/6685987-th.jpg",
    "categories": ["health-beauty"],
    "tags": ["personal-care-hygiene", "feminine-care"],
    "locations": {
      "vic": {
        "price": 2.1,
        "promoText": " ",
        "packageSize": "10 pack",
        "packagePrice": "$0.21 per 1Ea"
      }
    }
  },
  {
    "id": "libra-tampons-super-459566p",
    "brand": "Libra",
    "name": "Super Tampons",
    "imageUrl": "https://shop.coles.com.au/wcsstore/Coles-CAS/images/4/5/9/459566-th.jpg",
    "categories": ["health-beauty"],
    "tags": ["personal-care-hygiene", "feminine-care"],
    "locations": {
      "vic": {
        "price": 6.35,
        "promoText": " ",
        "packageSize": "32 pack",
        "packagePrice": "$0.20 per 1Ea"
      }
    }
  },
  {
    "id": "libra-extra-regular-pads",
    "brand": "Libra",
    "name": "Extra Regular Pads",
    "imageUrl": "https://shop.coles.com.au/wcsstore/Coles-CAS/images/2/6/8/2686004-th.jpg",
    "categories": ["health-beauty"],
    "tags": ["personal-care-hygiene", "feminine-care"],
    "locations": {
      "vic": {
        "price": 2.1,
        "promoText": " ",
        "packageSize": "14 pack",
        "packagePrice": "$0.15 per 1Ea"
      }
    }
  },
  {
    "id": "libra-ultra-thin-reg-pads-with-wings",
    "brand": "Libra",
    "name": "Ultra Thin Regular Pads With Wings",
    "imageUrl": "https://shop.coles.com.au/wcsstore/Coles-CAS/images/3/2/9/3293164-th.jpg",
    "categories": ["health-beauty"],
    "tags": ["personal-care-hygiene", "feminine-care"],
    "locations": {
      "vic": {
        "price": 5.8,
        "promoText": " ",
        "packageSize": "20 pack",
        "packagePrice": "$0.29 per 1Ea"
      }
    }
  },
  {
    "id": "poise-pads-overnight",
    "brand": "Poise",
    "name": "Overnight Pads",
    "imageUrl": "https://shop.coles.com.au/wcsstore/Coles-CAS/images/6/8/0/6802708-th.jpg",
    "categories": ["health-beauty"],
    "tags": ["personal-care-hygiene", "feminine-care"],
    "locations": {
      "vic": {
        "price": 4,
        "promoText": "$1.90 ",
        "packageSize": "8 pack",
        "packagePrice": "$0.50 per 1Ea"
      }
    }
  },
  {
    "id": "poise-liners-extra-long",
    "brand": "Poise",
    "name": "Extra Long Liners",
    "imageUrl": "https://shop.coles.com.au/wcsstore/Coles-CAS/images/6/8/0/6802730-th.jpg",
    "categories": ["health-beauty"],
    "tags": ["personal-care-hygiene", "feminine-care"],
    "locations": {
      "vic": {
        "price": 3.01,
        "promoText": "$1.29 ",
        "packageSize": "22 pack",
        "packagePrice": "$0.14 per 1Ea"
      }
    }
  },
  {
    "id": "poise-pads-super-1026510p",
    "brand": "Poise",
    "name": "Super Pads",
    "imageUrl": "https://shop.coles.com.au/wcsstore/Coles-CAS/images/1/0/2/1026510-th.jpg",
    "categories": ["health-beauty"],
    "tags": ["personal-care-hygiene", "feminine-care"],
    "locations": {
      "vic": {
        "price": 4,
        "promoText": "$2.00 ",
        "packageSize": "14 pack",
        "packagePrice": "$0.29 per 1Ea"
      }
    }
  },
  {
    "id": "poise-pads-extra",
    "brand": "Poise",
    "name": "Extra Pads",
    "imageUrl": "https://shop.coles.com.au/wcsstore/Coles-CAS/images/1/0/2/1026531-th.jpg",
    "categories": ["health-beauty"],
    "tags": ["personal-care-hygiene", "feminine-care"],
    "locations": {
      "vic": {
        "price": 4,
        "promoText": "$2.00 ",
        "packageSize": "12 pack",
        "packagePrice": "$0.33 per 1Ea"
      }
    }
  },
  {
    "id": "poise-overnight-pads",
    "brand": "Poise",
    "name": "Overnight Heavy Pads",
    "imageUrl": "https://shop.coles.com.au/wcsstore/Coles-CAS/images/3/6/1/3610143-th.jpg",
    "categories": ["health-beauty"],
    "tags": ["personal-care-hygiene", "feminine-care"],
    "locations": {
      "vic": {
        "price": 7,
        "promoText": "$3.00 ",
        "packageSize": "16 pack",
        "packagePrice": "$0.44 per 1Ea"
      }
    }
  },
  {
    "id": "tom-organic-pads-night",
    "brand": "TOM Organic",
    "name": "Super Pads",
    "imageUrl": "https://shop.coles.com.au/wcsstore/Coles-CAS/images/1/1/7/1176807-th.jpg",
    "categories": ["health-beauty"],
    "tags": ["personal-care-hygiene", "feminine-care"],
    "locations": {
      "vic": {
        "price": 5.45,
        "promoText": " ",
        "packageSize": "10 pack",
        "packagePrice": "$0.55 per 1Ea"
      }
    }
  },
  {
    "id": "tampax-tampons-regular",
    "brand": "Tampax",
    "name": "Regular Tampons With Applicator",
    "imageUrl": "https://shop.coles.com.au/wcsstore/Coles-CAS/images/9/5/3/9539664-th.jpg",
    "categories": ["health-beauty"],
    "tags": ["personal-care-hygiene", "feminine-care"],
    "locations": {
      "vic": {
        "price": 5.9,
        "promoText": " ",
        "packageSize": "20 pack",
        "packagePrice": "$0.30 per 1Ea"
      }
    }
  },
  {
    "id": "tena-lady-pads-mini-plus",
    "brand": "Tena",
    "name": "Lady Mini Plus Pads",
    "imageUrl": "https://shop.coles.com.au/wcsstore/Coles-CAS/images/9/6/2/9622098-th.jpg",
    "categories": ["health-beauty"],
    "tags": ["personal-care-hygiene", "feminine-care"],
    "locations": {
      "vic": {
        "price": 3.67,
        "promoText": " ",
        "packageSize": "16 pack",
        "packagePrice": "$0.23 per 1Ea"
      }
    }
  },
  {
    "id": "tena-pants-for-women-medium",
    "brand": "Tena",
    "name": "Medium Pants for Women",
    "imageUrl": "https://shop.coles.com.au/wcsstore/Coles-CAS/images/9/8/8/9886624-th.jpg",
    "categories": ["health-beauty"],
    "tags": ["personal-care-hygiene", "feminine-care"],
    "locations": {
      "vic": {
        "price": 8.75,
        "promoText": " ",
        "packageSize": "8 pack",
        "packagePrice": "$1.09 per 1Ea"
      }
    }
  },
  {
    "id": "u-by-kotex-liners-nude",
    "brand": "U By Kotex",
    "name": "Nude Liners",
    "imageUrl": "https://shop.coles.com.au/wcsstore/Coles-CAS/images/1/1/7/1173478-th.jpg",
    "categories": ["health-beauty"],
    "tags": ["personal-care-hygiene", "feminine-care"],
    "locations": {
      "vic": {
        "price": 3.5,
        "promoText": " ",
        "packageSize": "30 pack",
        "packagePrice": "$0.12 per 1Ea"
      }
    }
  },
  {
    "id": "u-by-kotex-tampons-regular-9498738p",
    "brand": "U By Kotex",
    "name": "Regular Tampons",
    "imageUrl": "https://shop.coles.com.au/wcsstore/Coles-CAS/images/9/4/9/9498738-th.jpg",
    "categories": ["health-beauty"],
    "tags": ["personal-care-hygiene", "feminine-care"],
    "locations": {
      "vic": {
        "price": 4.25,
        "promoText": " ",
        "packageSize": "16 pack",
        "packagePrice": "$0.27 per 1Ea"
      }
    }
  },
  {
    "id": "u-by-kotex-regular-design-tampons",
    "brand": "U By Kotex",
    "name": "Regular Slim Tampons",
    "imageUrl": "https://shop.coles.com.au/wcsstore/Coles-CAS/images/1/7/2/1723182-th.jpg",
    "categories": ["health-beauty"],
    "tags": ["personal-care-hygiene", "feminine-care"],
    "locations": {
      "vic": {
        "price": 2.5,
        "promoText": "$2.50 ",
        "packageSize": "16 pack",
        "packagePrice": "$0.16 per 1Ea"
      }
    }
  },
  {
    "id": "u-by-kotex-ultrathins-long-overnight-pads-wings",
    "brand": "U By Kotex",
    "name": "Ultrathins Overnight Long Pads With Wings",
    "imageUrl": "https://shop.coles.com.au/wcsstore/Coles-CAS/images/3/2/2/3223329-th.jpg",
    "categories": ["health-beauty"],
    "tags": ["personal-care-hygiene", "feminine-care"],
    "locations": {
      "vic": {
        "price": 4,
        "promoText": " ",
        "packageSize": "8 pack",
        "packagePrice": "$0.50 per 1Ea"
      }
    }
  },
  {
    "id": "u-by-kotex-cotton-ultrathin-regular-12pk",
    "brand": "U By Kotex",
    "name": "Cotton Ultrathin Regular",
    "imageUrl": "https://shop.coles.com.au/wcsstore/Coles-CAS/images/3/7/9/3796336-th.jpg",
    "categories": ["health-beauty"],
    "tags": ["personal-care-hygiene", "feminine-care"],
    "locations": {
      "vic": {
        "price": 4.9,
        "promoText": " ",
        "packageSize": "12 pack",
        "packagePrice": "$0.41 per 1Ea"
      }
    }
  },
  {
    "id": "carefree-liners-regular",
    "brand": "Carefree",
    "name": "Regular Liners",
    "imageUrl": "https://shop.coles.com.au/wcsstore/Coles-CAS/images/9/1/2/9123815-th.jpg",
    "categories": ["health-beauty"],
    "tags": ["personal-care-hygiene", "feminine-care"],
    "locations": {
      "vic": {
        "price": 4,
        "promoText": " ",
        "packageSize": "48 pack",
        "packagePrice": "$0.08 per 1Ea"
      }
    }
  },
  {
    "id": "clara-ultra-thin-liners",
    "brand": "Clara",
    "name": "Ultra Thin Liners",
    "imageUrl": "https://shop.coles.com.au/wcsstore/Coles-CAS/images/3/7/1/3710341-th.jpg",
    "categories": ["health-beauty"],
    "tags": ["personal-care-hygiene", "feminine-care"],
    "locations": {
      "vic": {
        "price": 2,
        "promoText": "$0.50 ",
        "packageSize": "48 pack",
        "packagePrice": "$0.04 per 1Ea"
      }
    }
  },
  {
    "id": "coles-tampons-super-3706526p",
    "brand": "Coles",
    "name": "Tampons Super",
    "imageUrl": "https://shop.coles.com.au/wcsstore/Coles-CAS/images/3/7/0/3706526-th.jpg",
    "categories": ["health-beauty"],
    "tags": ["personal-care-hygiene", "feminine-care"],
    "locations": {
      "vic": {
        "price": 4,
        "promoText": " ",
        "packageSize": "32 pack",
        "packagePrice": "$0.13 per 1Ea"
      }
    }
  },
  {
    "id": "coles-assure-pads-extra-plus",
    "brand": "Coles",
    "name": "Assure Pads Extra Plus",
    "imageUrl": "https://shop.coles.com.au/wcsstore/Coles-CAS/images/3/7/1/3710851-th.jpg",
    "categories": ["health-beauty"],
    "tags": ["personal-care-hygiene", "feminine-care"],
    "locations": {
      "vic": {
        "price": 3.5,
        "promoText": " ",
        "packageSize": "10 pack",
        "packagePrice": "$0.35 per 1Ea"
      }
    }
  },
  {
    "id": "coles-assure-pads-extra",
    "brand": "Coles",
    "name": "Assure Pads Extra",
    "imageUrl": "https://shop.coles.com.au/wcsstore/Coles-CAS/images/3/7/1/3710807-th.jpg",
    "categories": ["health-beauty"],
    "tags": ["personal-care-hygiene", "feminine-care"],
    "locations": {
      "vic": {
        "price": 3.25,
        "promoText": " ",
        "packageSize": "12 pack",
        "packagePrice": "$0.27 per 1Ea"
      }
    }
  },
  {
    "id": "coles-extra-pads-overnight-with-wings",
    "brand": "Coles",
    "name": "Extra Pads Overnight With Wings",
    "imageUrl": "https://shop.coles.com.au/wcsstore/Coles-CAS/images/3/7/0/3706887-th.jpg",
    "categories": ["health-beauty"],
    "tags": ["personal-care-hygiene", "feminine-care"],
    "locations": {
      "vic": {
        "price": 2,
        "promoText": " ",
        "packageSize": "12 pack",
        "packagePrice": "$0.17 per 1Ea"
      }
    }
  },
  {
    "id": "coles-extra-pads-super-with-wings",
    "brand": "Coles",
    "name": "Extra Pads Super With Wings",
    "imageUrl": "https://shop.coles.com.au/wcsstore/Coles-CAS/images/3/7/0/3706876-th.jpg",
    "categories": ["health-beauty"],
    "tags": ["personal-care-hygiene", "feminine-care"],
    "locations": {
      "vic": {
        "price": 2,
        "promoText": " ",
        "packageSize": "14 pack",
        "packagePrice": "$0.14 per 1Ea"
      }
    }
  },
  {
    "id": "femfresh-feminine-deodorant",
    "brand": "Femfresh",
    "name": "Feminine Deodorant",
    "imageUrl": "https://shop.coles.com.au/wcsstore/Coles-CAS/images/5/1/3/5137658-th.jpg",
    "categories": ["health-beauty"],
    "tags": ["personal-care-hygiene", "feminine-care"],
    "locations": {
      "vic": {
        "price": 9.5,
        "promoText": " ",
        "packageSize": "75g",
        "packagePrice": "$12.67 per 100G"
      }
    }
  },
  {
    "id": "femfresh-daily-wash",
    "brand": "Femfresh",
    "name": "Daily Wash",
    "imageUrl": "https://shop.coles.com.au/wcsstore/Coles-CAS/images/2/3/7/2375332-th.jpg",
    "categories": ["health-beauty"],
    "tags": ["personal-care-hygiene", "feminine-care"],
    "locations": {
      "vic": {
        "price": 6.75,
        "promoText": " ",
        "packageSize": "250mL",
        "packagePrice": "$2.70 per 100mL"
      }
    }
  },
  {
    "id": "femfresh-intimate-hygiene-deodorising-wash",
    "brand": "Femfresh",
    "name": "Triple Deodorising Wash",
    "imageUrl": "https://shop.coles.com.au/wcsstore/Coles-CAS/images/2/3/7/2375343-th.jpg",
    "categories": ["health-beauty"],
    "tags": ["personal-care-hygiene", "feminine-care"],
    "locations": {
      "vic": {
        "price": 6.75,
        "promoText": " ",
        "packageSize": "250mL",
        "packagePrice": "$2.70 per 100mL"
      }
    }
  },
  {
    "id": "femfresh-wash-sothing",
    "brand": "Femfresh",
    "name": "Wash Soothing",
    "imageUrl": "https://shop.coles.com.au/wcsstore/Coles-CAS/images/3/7/5/3755962-th.jpg",
    "categories": ["health-beauty"],
    "tags": ["personal-care-hygiene", "feminine-care"],
    "locations": {
      "vic": {
        "price": 6.75,
        "promoText": " ",
        "packageSize": "250mL",
        "packagePrice": "$2.70 per 100mL"
      }
    }
  },
  {
    "id": "libra-pads-extra-super-with-wings",
    "brand": "Libra",
    "name": "Extra Super with Wings Pads",
    "imageUrl": "https://shop.coles.com.au/wcsstore/Coles-CAS/images/6/8/1/6811480-th.jpg",
    "categories": ["health-beauty"],
    "tags": ["personal-care-hygiene", "feminine-care"],
    "locations": {
      "vic": {
        "price": 2.1,
        "promoText": " ",
        "packageSize": "12 pack",
        "packagePrice": "$0.18 per 1Ea"
      }
    }
  },
  {
    "id": "libra-tampons-super",
    "brand": "Libra",
    "name": "Super Tampons",
    "imageUrl": "https://shop.coles.com.au/wcsstore/Coles-CAS/images/4/5/9/459555-th.jpg",
    "categories": ["health-beauty"],
    "tags": ["personal-care-hygiene", "feminine-care"],
    "locations": {
      "vic": {
        "price": 1.8,
        "promoText": " ",
        "packageSize": "16 pack",
        "packagePrice": "$0.11 per 1Ea"
      }
    }
  },
  {
    "id": "libra-breathable-liners-purse-pack",
    "brand": "Libra",
    "name": "Breathable Liners With Anti-Bunching Purse Pack",
    "imageUrl": "https://shop.coles.com.au/wcsstore/Coles-CAS/images/4/5/3/4537005-th.jpg",
    "categories": ["health-beauty"],
    "tags": ["personal-care-hygiene", "feminine-care"],
    "locations": {
      "vic": {
        "price": 1.35,
        "promoText": " ",
        "packageSize": "28 pack",
        "packagePrice": "$0.05 per 1Ea"
      }
    }
  },
  {
    "id": "libra-girl-regular-tampons",
    "brand": "Libra",
    "name": "Girl Regular Tampons",
    "imageUrl": "https://shop.coles.com.au/wcsstore/Coles-CAS/images/3/5/1/3512064-th.jpg",
    "categories": ["health-beauty"],
    "tags": ["personal-care-hygiene", "feminine-care"],
    "locations": {
      "vic": {
        "price": 1.8,
        "promoText": "$1.80 ",
        "packageSize": "16 pack",
        "packagePrice": "$0.11 per 1Ea"
      }
    }
  },
  {
    "id": "new-beginings-ultra-thin-breast-pads",
    "brand": "New Beginnings",
    "name": "Ultra Thin Bamboo Nursing Pads",
    "imageUrl": "https://shop.coles.com.au/wcsstore/Coles-CAS/images/3/5/0/3505820-th.jpg",
    "categories": ["health-beauty"],
    "tags": ["personal-care-hygiene", "feminine-care"],
    "locations": {
      "vic": {
        "price": 6,
        "promoText": " ",
        "packageSize": "30 pack",
        "packagePrice": "$0.20 per 1Ea"
      }
    }
  },
  {
    "id": "poise-pads-regular-1025222p",
    "brand": "Poise",
    "name": "Regular Pads",
    "imageUrl": "https://shop.coles.com.au/wcsstore/Coles-CAS/images/1/0/2/1025222-th.jpg",
    "categories": ["health-beauty"],
    "tags": ["personal-care-hygiene", "feminine-care"],
    "locations": {
      "vic": {
        "price": 4,
        "promoText": "$2.00 ",
        "packageSize": "16 pack",
        "packagePrice": "$0.25 per 1Ea"
      }
    }
  },
  {
    "id": "poise--active-microliner-long",
    "brand": "Poise",
    "name": "Extra Light Liner Pads",
    "imageUrl": "https://shop.coles.com.au/wcsstore/Coles-CAS/images/2/3/7/2373541-th.jpg",
    "categories": ["health-beauty"],
    "tags": ["personal-care-hygiene", "feminine-care"],
    "locations": {
      "vic": {
        "price": 1.4,
        "promoText": "$0.60 ",
        "packageSize": "10 pack",
        "packagePrice": "$0.14 per 1Ea"
      }
    }
  },
  {
    "id": "poise-adult-care-pad-discret-super",
    "brand": "Poise",
    "name": "Thin & Discreet Pad Super",
    "imageUrl": "https://shop.coles.com.au/wcsstore/Coles-CAS/images/3/7/6/3761896-th.jpg",
    "categories": ["health-beauty"],
    "tags": ["personal-care-hygiene", "feminine-care"],
    "locations": {
      "vic": {
        "price": 4.2,
        "promoText": "$1.80 ",
        "packageSize": "",
        "packagePrice": "$1.89 per 1KGM"
      }
    }
  },
  {
    "id": "stayfree-pads-value-pack-super-with-wings",
    "brand": "Stayfree",
    "name": "Value Pack Super with Wings Pads",
    "imageUrl": "https://shop.coles.com.au/wcsstore/Coles-CAS/images/8/4/8/8485311-th.jpg",
    "categories": ["health-beauty"],
    "tags": ["personal-care-hygiene", "feminine-care"],
    "locations": {
      "vic": {
        "price": 4.5,
        "promoText": " ",
        "packageSize": "18 pack",
        "packagePrice": "$0.25 per 1Ea"
      }
    }
  },
  {
    "id": "stayfree-pads-cottony-soft-ultra-thin-with-wings-super",
    "brand": "Stayfree",
    "name": "Ultra Thin with Wings Super Pads",
    "imageUrl": "https://shop.coles.com.au/wcsstore/Coles-CAS/images/8/0/9/8090970-th.jpg",
    "categories": ["health-beauty"],
    "tags": ["personal-care-hygiene", "feminine-care"],
    "locations": {
      "vic": {
        "price": 4.5,
        "promoText": " ",
        "packageSize": "12 pack",
        "packagePrice": "$0.38 per 1Ea"
      }
    }
  },
  {
    "id": "stayfree-pads-cottony-soft-super",
    "brand": "Stayfree",
    "name": "Super Maxi Pads",
    "imageUrl": "https://shop.coles.com.au/wcsstore/Coles-CAS/images/5/0/8/5082206-th.jpg",
    "categories": ["health-beauty"],
    "tags": ["personal-care-hygiene", "feminine-care"],
    "locations": {
      "vic": {
        "price": 4.5,
        "promoText": " ",
        "packageSize": "18 pack",
        "packagePrice": "$0.25 per 1Ea"
      }
    }
  },
  {
    "id": "tom-organic-pads-day",
    "brand": "TOM Organic",
    "name": "Regular Pads",
    "imageUrl": "https://shop.coles.com.au/wcsstore/Coles-CAS/images/1/1/7/1176818-th.jpg",
    "categories": ["health-beauty"],
    "tags": ["personal-care-hygiene", "feminine-care"],
    "locations": {
      "vic": {
        "price": 5.45,
        "promoText": " ",
        "packageSize": "10 pack",
        "packagePrice": "$0.55 per 1Ea"
      }
    }
  },
  {
    "id": "tom-organic-ultra-thin-liners-with-organic-cotton",
    "brand": "TOM Organic",
    "name": "Ultra Thin Liners",
    "imageUrl": "https://shop.coles.com.au/wcsstore/Coles-CAS/images/2/3/7/2375274-th.jpg",
    "categories": ["health-beauty"],
    "tags": ["personal-care-hygiene", "feminine-care"],
    "locations": {
      "vic": {
        "price": 5.45,
        "promoText": " ",
        "packageSize": "26 pack",
        "packagePrice": "$0.21 per 1Ea"
      }
    }
  },
  {
    "id": "tampax-tampons-super-with-applicator-1721540p",
    "brand": "Tampax",
    "name": "Tampons Super With Applicator",
    "imageUrl": "https://shop.coles.com.au/wcsstore/Coles-CAS/images/1/7/2/1721540-th.jpg",
    "categories": ["health-beauty"],
    "tags": ["personal-care-hygiene", "feminine-care"],
    "locations": {
      "vic": {
        "price": 5.9,
        "promoText": " ",
        "packageSize": "20 pack",
        "packagePrice": "$0.30 per 1Ea"
      }
    }
  },
  {
    "id": "tena-lady-pads-ultra-thin-mini",
    "brand": "Tena",
    "name": "Ultra Thin Mini Pads",
    "imageUrl": "https://shop.coles.com.au/wcsstore/Coles-CAS/images/9/3/0/9301050-th.jpg",
    "categories": ["health-beauty"],
    "tags": ["personal-care-hygiene", "feminine-care"],
    "locations": {
      "vic": {
        "price": 3.67,
        "promoText": " ",
        "packageSize": "20 Pack",
        "packagePrice": "$0.18 per 1Ea"
      }
    }
  },
  {
    "id": "tena-pads-day-night",
    "brand": "Tena",
    "name": "Maxi Night Pads",
    "imageUrl": "https://shop.coles.com.au/wcsstore/Coles-CAS/images/8/4/9/8491609-th.jpg",
    "categories": ["health-beauty"],
    "tags": ["personal-care-hygiene", "feminine-care"],
    "locations": {
      "vic": {
        "price": 9,
        "promoText": "Was $10.40 on May 2016 ",
        "packageSize": "14 pack",
        "packagePrice": "$0.64 per 1Ea"
      }
    }
  },
  {
    "id": "tena-active-incontinence-liners-extra-long",
    "brand": "Tena",
    "name": "Active Extra Long Liners",
    "imageUrl": "https://shop.coles.com.au/wcsstore/Coles-CAS/images/6/7/9/6792058-th.jpg",
    "categories": ["health-beauty"],
    "tags": ["personal-care-hygiene", "feminine-care"],
    "locations": {
      "vic": {
        "price": 3.5,
        "promoText": " ",
        "packageSize": "24 pack",
        "packagePrice": "$0.15 per 1Ea"
      }
    }
  },
  {
    "id": "tena-discreet-long-length-ultra-thin-pads",
    "brand": "Tena",
    "name": "Discreet Long Length Ultra Thin Pads",
    "imageUrl": "https://shop.coles.com.au/wcsstore/Coles-CAS/images/3/5/1/3512202-th.jpg",
    "categories": ["health-beauty"],
    "tags": ["personal-care-hygiene", "feminine-care"],
    "locations": {
      "vic": {
        "price": 3.5,
        "promoText": "$1.50 ",
        "packageSize": "12 pack",
        "packagePrice": "$0.29 per 1Ea"
      }
    }
  },
  {
    "id": "tom-organic-overnight-pads",
    "brand": "Tom",
    "name": "Organic Overnight Pads With Organic Cotton",
    "imageUrl": "https://shop.coles.com.au/wcsstore/Coles-CAS/images/3/6/1/3613265-th.jpg",
    "categories": ["health-beauty"],
    "tags": ["personal-care-hygiene", "feminine-care"],
    "locations": {
      "vic": {
        "price": 6,
        "promoText": " ",
        "packageSize": "8 pack",
        "packagePrice": "$0.75 per 1Ea"
      }
    }
  },
  {
    "id": "u-by-kotex-liners-sport-active",
    "brand": "U By Kotex",
    "name": "Sport Active Liners",
    "imageUrl": "https://shop.coles.com.au/wcsstore/Coles-CAS/images/1/1/7/1173376-th.jpg",
    "categories": ["health-beauty"],
    "tags": ["personal-care-hygiene", "feminine-care"],
    "locations": {
      "vic": {
        "price": 3.5,
        "promoText": " ",
        "packageSize": "30 pack",
        "packagePrice": "$0.12 per 1Ea"
      }
    }
  },
  {
    "id": "u-by-kotex-tampons-regular",
    "brand": "U By Kotex",
    "name": "Regular Tampons",
    "imageUrl": "https://shop.coles.com.au/wcsstore/Coles-CAS/images/6/0/4/6041678-th.jpg",
    "categories": ["health-beauty"],
    "tags": ["personal-care-hygiene", "feminine-care"],
    "locations": {
      "vic": {
        "price": 6.8,
        "promoText": " ",
        "packageSize": "32 pack",
        "packagePrice": "$0.21 per 1Ea"
      }
    }
  },
  {
    "id": "kotex-pads-maternity",
    "brand": "U By Kotex",
    "name": "Maternity Pads",
    "imageUrl": "https://shop.coles.com.au/wcsstore/Coles-CAS/images/5/0/9/5095536-th.jpg",
    "categories": ["health-beauty"],
    "tags": ["personal-care-hygiene", "feminine-care"],
    "locations": {
      "vic": {
        "price": 4,
        "promoText": " ",
        "packageSize": "10 pack",
        "packagePrice": "$0.40 per 1Ea"
      }
    }
  },
  {
    "id": "u-by-kotex-tampons-super-9498818p",
    "brand": "U By Kotex",
    "name": "Super Tampons",
    "imageUrl": "https://shop.coles.com.au/wcsstore/Coles-CAS/images/9/4/9/9498818-th.jpg",
    "categories": ["health-beauty"],
    "tags": ["personal-care-hygiene", "feminine-care"],
    "locations": {
      "vic": {
        "price": 4.25,
        "promoText": " ",
        "packageSize": "16 pack",
        "packagePrice": "$0.27 per 1Ea"
      }
    }
  },
  {
    "id": "u-by-kotex-ultra-thin-sport-regular-pads",
    "brand": "U By Kotex",
    "name": "Ultra Thins Sport Regular No Wings Pads",
    "imageUrl": "https://shop.coles.com.au/wcsstore/Coles-CAS/images/2/3/7/2373654-th.jpg",
    "categories": ["health-beauty"],
    "tags": ["personal-care-hygiene", "feminine-care"],
    "locations": {
      "vic": {
        "price": 4.5,
        "promoText": " ",
        "packageSize": "12 pack",
        "packagePrice": "$0.38 per 1Ea"
      }
    }
  },
  {
    "id": "u-by-kotex-super-maxi-pads",
    "brand": "U By Kotex",
    "name": "Super Maxi Pads",
    "imageUrl": "https://shop.coles.com.au/wcsstore/Coles-CAS/images/2/9/1/2916035-th.jpg",
    "categories": ["health-beauty"],
    "tags": ["personal-care-hygiene", "feminine-care"],
    "locations": {
      "vic": {
        "price": 4,
        "promoText": " ",
        "packageSize": "14 pack",
        "packagePrice": "$0.29 per 1Ea"
      }
    }
  },
  {
    "id": "u-by-kotex-cotton-liners",
    "brand": "U By Kotex",
    "name": "Cotton Liners",
    "imageUrl": "https://shop.coles.com.au/wcsstore/Coles-CAS/images/3/5/1/3511695-th.jpg",
    "categories": ["health-beauty"],
    "tags": ["personal-care-hygiene", "feminine-care"],
    "locations": {
      "vic": {
        "price": 3.5,
        "promoText": " ",
        "packageSize": "26 pack",
        "packagePrice": "$0.13 per 1Ea"
      }
    }
  },
  {
    "id": "u-by-kotex-nude-black-liners",
    "brand": "U By Kotex",
    "name": "Nude Black Liners",
    "imageUrl": "https://shop.coles.com.au/wcsstore/Coles-CAS/images/3/5/1/3511673-th.jpg",
    "categories": ["health-beauty"],
    "tags": ["personal-care-hygiene", "feminine-care"],
    "locations": {
      "vic": {
        "price": 1.75,
        "promoText": "$1.70 ",
        "packageSize": "30 pack",
        "packagePrice": "$0.06 per 1Ea"
      }
    }
  },
  {
    "id": "whisper-pads-regular-slim-with-wings",
    "brand": "Whisper",
    "name": "Regular Flow Slim Pads with Wings Pads",
    "imageUrl": "https://shop.coles.com.au/wcsstore/Coles-CAS/images/9/2/6/9269990-th.jpg",
    "categories": ["health-beauty"],
    "tags": ["personal-care-hygiene", "feminine-care"],
    "locations": {
      "vic": {
        "price": 4.55,
        "promoText": " ",
        "packageSize": "20 pack",
        "packagePrice": "$0.23 per 1Ea"
      }
    }
  },
  {
    "id": "always-discret-sensitive-bladder-normal",
    "brand": "Always Discreet",
    "name": "Pads Normal",
    "imageUrl": "https://shop.coles.com.au/wcsstore/Coles-CAS/images/3/7/5/3757174-th.jpg",
    "categories": ["health-beauty"],
    "tags": ["personal-care-hygiene", "feminine-care"],
    "locations": {
      "vic": {
        "price": 5.6,
        "promoText": "$2.40 ",
        "packageSize": "12 pack",
        "packagePrice": "$0.47 per 1Ea"
      }
    }
  },
  {
    "id": "always-discret-sensitive-blader-max-nght",
    "brand": "Always Discreet",
    "name": "Pads Maxi Night",
    "imageUrl": "https://shop.coles.com.au/wcsstore/Coles-CAS/images/3/7/5/3757312-th.jpg",
    "categories": ["health-beauty"],
    "tags": ["personal-care-hygiene", "feminine-care"],
    "locations": {
      "vic": {
        "price": 5.6,
        "promoText": "$2.40 ",
        "packageSize": "6 pack",
        "packagePrice": "$0.93 per 1Ea"
      }
    }
  },
  {
    "id": "always-discret-sensitive-bladder-3757196p",
    "brand": "Always Discreet",
    "name": "Pads Long",
    "imageUrl": "https://shop.coles.com.au/wcsstore/Coles-CAS/images/3/7/5/3757196-th.jpg",
    "categories": ["health-beauty"],
    "tags": ["personal-care-hygiene", "feminine-care"],
    "locations": {
      "vic": {
        "price": 5.6,
        "promoText": "$2.40 ",
        "packageSize": "10 pack",
        "packagePrice": "$0.56 per 1Ea"
      }
    }
  },
  {
    "id": "always-discret-sensitive-bladder-small",
    "brand": "Always Discreet",
    "name": "Pads Small",
    "imageUrl": "https://shop.coles.com.au/wcsstore/Coles-CAS/images/3/7/5/3757119-th.jpg",
    "categories": ["health-beauty"],
    "tags": ["personal-care-hygiene", "feminine-care"],
    "locations": {
      "vic": {
        "price": 5.6,
        "promoText": "$2.40 ",
        "packageSize": "20 pack",
        "packagePrice": "$0.28 per 1Ea"
      }
    }
  },
  {
    "id": "always-discret-for-sens-blader-nrml-linr",
    "brand": "Always Discreet",
    "name": "Liners",
    "imageUrl": "https://shop.coles.com.au/wcsstore/Coles-CAS/images/3/7/5/3757094-th.jpg",
    "categories": ["health-beauty"],
    "tags": ["personal-care-hygiene", "feminine-care"],
    "locations": {
      "vic": {
        "price": 4.2,
        "promoText": "$1.80 ",
        "packageSize": "24 pack",
        "packagePrice": "$0.18 per 1Ea"
      }
    }
  },
  {
    "id": "carefree-flexia-tampons-super",
    "brand": "Carefree",
    "name": "Super Flexia Tampons",
    "imageUrl": "https://shop.coles.com.au/wcsstore/Coles-CAS/images/6/5/6/6567142-th.jpg",
    "categories": ["health-beauty"],
    "tags": ["personal-care-hygiene", "feminine-care"],
    "locations": {
      "vic": {
        "price": 5,
        "promoText": " ",
        "packageSize": "16 pack",
        "packagePrice": "$0.31 per 1Ea"
      }
    }
  },
  {
    "id": "carefree-tampons-regular-103229p",
    "brand": "Carefree",
    "name": "Regular Tampons",
    "imageUrl": "https://shop.coles.com.au/wcsstore/Coles-CAS/images/1/0/3/103229-th.jpg",
    "categories": ["health-beauty"],
    "tags": ["personal-care-hygiene", "feminine-care"],
    "locations": {
      "vic": {
        "price": 4.25,
        "promoText": " ",
        "packageSize": "20 pack",
        "packagePrice": "$0.21 per 1Ea"
      }
    }
  },
  {
    "id": "carefree-designs-tampons-slim-mini-silk-ease",
    "brand": "Carefree",
    "name": "ProComfort Mini Tampons",
    "imageUrl": "https://shop.coles.com.au/wcsstore/Coles-CAS/images/9/7/0/9704160-th.jpg",
    "categories": ["health-beauty"],
    "tags": ["personal-care-hygiene", "feminine-care"],
    "locations": {
      "vic": {
        "price": 4.25,
        "promoText": " ",
        "packageSize": "16 pack",
        "packagePrice": "$0.27 per 1Ea"
      }
    }
  },
  {
    "id": "clara-menstrual-cup",
    "brand": "Clara",
    "name": "Menstrual Cup",
    "imageUrl": "https://shop.coles.com.au/wcsstore/Coles-CAS/images/3/6/6/3663558-th.jpg",
    "categories": ["health-beauty"],
    "tags": ["personal-care-hygiene", "feminine-care"],
    "locations": {
      "vic": {
        "price": 40,
        "promoText": " ",
        "packageSize": "",
        "packagePrice": "$40.00 per 1Ea"
      }
    }
  },
  {
    "id": "clara-menstrual-cup-3663580p",
    "brand": "Clara",
    "name": "Menstrual Cup",
    "imageUrl": "https://shop.coles.com.au/wcsstore/Coles-CAS/images/3/6/6/3663580-th.jpg",
    "categories": ["health-beauty"],
    "tags": ["personal-care-hygiene", "feminine-care"],
    "locations": {
      "vic": {
        "price": 40,
        "promoText": " ",
        "packageSize": "",
        "packagePrice": "$40.00 per 1Ea"
      }
    }
  },
  {
    "id": "clara-ultra-thin-pads-overnight-with-wings",
    "brand": "Clara",
    "name": "Ultra Thin Pads Overnight With Wings",
    "imageUrl": "https://shop.coles.com.au/wcsstore/Coles-CAS/images/3/7/1/3710512-th.jpg",
    "categories": ["health-beauty"],
    "tags": ["personal-care-hygiene", "feminine-care"],
    "locations": {
      "vic": {
        "price": 2.4,
        "promoText": "$0.60 ",
        "packageSize": "10 pack",
        "packagePrice": "$0.24 per 1Ea"
      }
    }
  },
  {
    "id": "coles-super-tampons",
    "brand": "Coles",
    "name": "Super Tampons",
    "imageUrl": "https://shop.coles.com.au/wcsstore/Coles-CAS/images/2/5/7/2578872-th.jpg",
    "categories": ["health-beauty"],
    "tags": ["personal-care-hygiene", "feminine-care"],
    "locations": {
      "vic": {
        "price": 2.25,
        "promoText": " ",
        "packageSize": "16 pack",
        "packagePrice": "$0.14 per 1Ea"
      }
    }
  },
  {
    "id": "coles-tampons-regular-3706344p",
    "brand": "Coles",
    "name": "Tampons Regular",
    "imageUrl": "https://shop.coles.com.au/wcsstore/Coles-CAS/images/3/7/0/3706344-th.jpg",
    "categories": ["health-beauty"],
    "tags": ["personal-care-hygiene", "feminine-care"],
    "locations": {
      "vic": {
        "price": 2.25,
        "promoText": " ",
        "packageSize": "16 pack",
        "packagePrice": "$0.14 per 1Ea"
      }
    }
  },
  {
    "id": "coles-tampons-regular-3706402p",
    "brand": "Coles",
    "name": "Tampons Regular",
    "imageUrl": "https://shop.coles.com.au/wcsstore/Coles-CAS/images/3/7/0/3706402-th.jpg",
    "categories": ["health-beauty"],
    "tags": ["personal-care-hygiene", "feminine-care"],
    "locations": {
      "vic": {
        "price": 4,
        "promoText": " ",
        "packageSize": "32 pack",
        "packagePrice": "$0.13 per 1Ea"
      }
    }
  },
  {
    "id": "coles-assure-liners-long",
    "brand": "Coles",
    "name": "Assure Liners Long",
    "imageUrl": "https://shop.coles.com.au/wcsstore/Coles-CAS/images/3/7/1/3710589-th.jpg",
    "categories": ["health-beauty"],
    "tags": ["personal-care-hygiene", "feminine-care"],
    "locations": {
      "vic": {
        "price": 3.5,
        "promoText": " ",
        "packageSize": "20 pack",
        "packagePrice": "$0.18 per 1Ea"
      }
    }
  },
  {
    "id": "coles-liners-long",
    "brand": "Coles",
    "name": "Liners Long",
    "imageUrl": "https://shop.coles.com.au/wcsstore/Coles-CAS/images/3/7/0/3706560-th.jpg",
    "categories": ["health-beauty"],
    "tags": ["personal-care-hygiene", "feminine-care"],
    "locations": {
      "vic": {
        "price": 2,
        "promoText": " ",
        "packageSize": "26 pack",
        "packagePrice": "$0.08 per 1Ea"
      }
    }
  },
  {
    "id": "coles-assure-pads-super",
    "brand": "Coles",
    "name": "Assure Pads Super",
    "imageUrl": "https://shop.coles.com.au/wcsstore/Coles-CAS/images/3/7/1/3710750-th.jpg",
    "categories": ["health-beauty"],
    "tags": ["personal-care-hygiene", "feminine-care"],
    "locations": {
      "vic": {
        "price": 3.25,
        "promoText": " ",
        "packageSize": "14 pack",
        "packagePrice": "$0.23 per 1Ea"
      }
    }
  },
  {
    "id": "coles-extra-pads-regular-with-wings",
    "brand": "Coles",
    "name": "Extra Pads Regular With Wings",
    "imageUrl": "https://shop.coles.com.au/wcsstore/Coles-CAS/images/3/7/0/3706821-th.jpg",
    "categories": ["health-beauty"],
    "tags": ["personal-care-hygiene", "feminine-care"],
    "locations": {
      "vic": {
        "price": 2,
        "promoText": " ",
        "packageSize": "16 pack",
        "packagePrice": "$0.13 per 1Ea"
      }
    }
  },
  {
    "id": "clara-ultra-thin-pads-regular-without-wings",
    "brand": "Coles",
    "name": "Clara Ultra Thin Pads Regular Without Wings",
    "imageUrl": "https://shop.coles.com.au/wcsstore/Coles-CAS/images/3/7/1/3710396-th.jpg",
    "categories": ["health-beauty"],
    "tags": ["personal-care-hygiene", "feminine-care"],
    "locations": {
      "vic": {
        "price": 2.4,
        "promoText": "$0.60 ",
        "packageSize": "14 PACK",
        "packagePrice": ""
      }
    }
  },
  {
    "id": "clara-ultra-thin-pads-super-with-wings",
    "brand": "Coles",
    "name": "Clara Ultra Thin Pads Super With Wings",
    "imageUrl": "https://shop.coles.com.au/wcsstore/Coles-CAS/images/3/7/1/3710432-th.jpg",
    "categories": ["health-beauty"],
    "tags": ["personal-care-hygiene", "feminine-care"],
    "locations": {
      "vic": {
        "price": 2.4,
        "promoText": "$0.60 ",
        "packageSize": "12 PACK",
        "packagePrice": ""
      }
    }
  },
  {
    "id": "clara-ultra-thin-pads-regular-with-wings",
    "brand": "Coles",
    "name": "Clara Ultra Thin Pads Regular With Wings",
    "imageUrl": "https://shop.coles.com.au/wcsstore/Coles-CAS/images/3/7/1/3710374-th.jpg",
    "categories": ["health-beauty"],
    "tags": ["personal-care-hygiene", "feminine-care"],
    "locations": {
      "vic": {
        "price": 2.4,
        "promoText": "$0.60 ",
        "packageSize": "14 PACK",
        "packagePrice": ""
      }
    }
  },
  {
    "id": "coles-assure-pads-regular",
    "brand": "Coles",
    "name": "Assure Pads Regular",
    "imageUrl": "https://shop.coles.com.au/wcsstore/Coles-CAS/images/3/7/1/3710716-th.jpg",
    "categories": ["health-beauty"],
    "tags": ["personal-care-hygiene", "feminine-care"],
    "locations": {
      "vic": {
        "price": 3.5,
        "promoText": " ",
        "packageSize": "16 pack",
        "packagePrice": "$0.22 per 1Ea"
      }
    }
  },
  {
    "id": "comforts-pads-normal-14pack",
    "brand": "Comforts",
    "name": "Pads Normal",
    "imageUrl": "https://shop.coles.com.au/wcsstore/Coles-CAS/images/2/6/2/2621654-th.jpg",
    "categories": ["health-beauty"],
    "tags": ["personal-care-hygiene", "feminine-care"],
    "locations": {
      "vic": {
        "price": 2.6,
        "promoText": "$4.40 ",
        "packageSize": "14 pack",
        "packagePrice": "$0.19 per 1Ea"
      }
    }
  },
  {
    "id": "cottons-pads-super-ultra-thin-with-wings",
    "brand": "Cottons",
    "name": "Super Ultra Thin with Wings Pads",
    "imageUrl": "https://shop.coles.com.au/wcsstore/Coles-CAS/images/8/0/9/8098734-th.jpg",
    "categories": ["health-beauty"],
    "tags": ["personal-care-hygiene", "feminine-care"],
    "locations": {
      "vic": {
        "price": 3.92,
        "promoText": "$0.98 ",
        "packageSize": "12 pack",
        "packagePrice": "$0.33 per 1Ea"
      }
    }
  },
  {
    "id": "cottons-natural-ultra-thin-long-liners",
    "brand": "Cottons",
    "name": "Natural Ultra Thin Long Liners",
    "imageUrl": "https://shop.coles.com.au/wcsstore/Coles-CAS/images/2/3/7/2375300-th.jpg",
    "categories": ["health-beauty"],
    "tags": ["personal-care-hygiene", "feminine-care"],
    "locations": {
      "vic": {
        "price": 4.16,
        "promoText": "$1.04 ",
        "packageSize": "32 pack",
        "packagePrice": "$0.13 per 1Ea"
      }
    }
  },
  {
    "id": "femfresh-feminine-wipes",
    "brand": "Femfresh",
    "name": "Feminine Wipes",
    "imageUrl": "https://shop.coles.com.au/wcsstore/Coles-CAS/images/5/5/6/5569222-th.jpg",
    "categories": ["health-beauty"],
    "tags": ["personal-care-hygiene", "feminine-care"],
    "locations": {
      "vic": {
        "price": 6.5,
        "promoText": " ",
        "packageSize": "20 pack",
        "packagePrice": "$0.33 per 1Ea"
      }
    }
  },
  {
    "id": "femfresh-intimate-care-sensitive-wash",
    "brand": "Femfresh",
    "name": "Pure & gentle For Sensitive Skin Intimate Care",
    "imageUrl": "https://shop.coles.com.au/wcsstore/Coles-CAS/images/3/2/9/3292886-th.jpg",
    "categories": ["health-beauty"],
    "tags": ["personal-care-hygiene", "feminine-care"],
    "locations": {
      "vic": {
        "price": 6.75,
        "promoText": " ",
        "packageSize": "250mL",
        "packagePrice": "$2.70 per 100mL"
      }
    }
  },
  {
    "id": "gelpack-discreet-sanitary-bags-scented-incognito",
    "brand": "Incognito",
    "name": "Discreet Scented Sanitary Bags",
    "imageUrl": "https://shop.coles.com.au/wcsstore/Coles-CAS/images/8/0/4/8049998-th.jpg",
    "categories": ["health-beauty"],
    "tags": ["personal-care-hygiene", "feminine-care"],
    "locations": {
      "vic": {
        "price": 2.5,
        "promoText": " ",
        "packageSize": "24 pack",
        "packagePrice": "$0.10 per 1Ea"
      }
    }
  },
  {
    "id": "libra-liners-long",
    "brand": "Libra",
    "name": "Long Liners",
    "imageUrl": "https://shop.coles.com.au/wcsstore/Coles-CAS/images/5/2/2/5225074-th.jpg",
    "categories": ["health-beauty"],
    "tags": ["personal-care-hygiene", "feminine-care"],
    "locations": {
      "vic": {
        "price": 1.82,
        "promoText": " ",
        "packageSize": "39 pack",
        "packagePrice": "$0.05 per 1Ea"
      }
    }
  },
  {
    "id": "libra-flexi-thin-2in1-panty-liners",
    "brand": "Libra",
    "name": "2 In 1 Double liners",
    "imageUrl": "https://shop.coles.com.au/wcsstore/Coles-CAS/images/2/8/7/2875754-th.jpg",
    "categories": ["health-beauty"],
    "tags": ["personal-care-hygiene", "feminine-care"],
    "locations": {
      "vic": {
        "price": 1.35,
        "promoText": " ",
        "packageSize": "20 pack",
        "packagePrice": "$0.07 per 1Ea"
      }
    }
  },
  {
    "id": "libra-invisible-sport-regular-pads",
    "brand": "Libra",
    "name": "Invisible Sport Regular Pads",
    "imageUrl": "https://shop.coles.com.au/wcsstore/Coles-CAS/images/3/0/3/3036070-th.jpg",
    "categories": ["health-beauty"],
    "tags": ["personal-care-hygiene", "feminine-care"],
    "locations": {
      "vic": {
        "price": 2.3,
        "promoText": "$2.30 ",
        "packageSize": "12 pack",
        "packagePrice": "$0.19 per 1Ea"
      }
    }
  },
  {
    "id": "libra-ultra-thin-super-pads-with-wings",
    "brand": "Libra",
    "name": "Ultra Thin Super Pads With Wings",
    "imageUrl": "https://shop.coles.com.au/wcsstore/Coles-CAS/images/3/2/9/3293175-th.jpg",
    "categories": ["health-beauty"],
    "tags": ["personal-care-hygiene", "feminine-care"],
    "locations": {
      "vic": {
        "price": 5.8,
        "promoText": " ",
        "packageSize": "18 pack",
        "packagePrice": "$0.32 per 1Ea"
      }
    }
  },
  {
    "id": "libra-girl-super-tampons",
    "brand": "Libra",
    "name": "Girl Super Tampons Smaller Size",
    "imageUrl": "https://shop.coles.com.au/wcsstore/Coles-CAS/images/3/5/1/3512086-th.jpg",
    "categories": ["health-beauty"],
    "tags": ["personal-care-hygiene", "feminine-care"],
    "locations": {
      "vic": {
        "price": 1.8,
        "promoText": "$1.80 ",
        "packageSize": "16 pack",
        "packagePrice": "$0.11 per 1Ea"
      }
    }
  },
  {
    "id": "libra-girl-goodnight-pads-with-wings",
    "brand": "Libra",
    "name": "Girl Goodnight Pads With Wings",
    "imageUrl": "https://shop.coles.com.au/wcsstore/Coles-CAS/images/3/3/0/3301546-th.jpg",
    "categories": ["health-beauty"],
    "tags": ["personal-care-hygiene", "feminine-care"],
    "locations": {
      "vic": {
        "price": 2,
        "promoText": "$2.00 ",
        "packageSize": "10 pack",
        "packagePrice": "$0.20 per 1Ea"
      }
    }
  },
  {
    "id": "lights-by-tena-single-wrap-liners",
    "brand": "Lights By Tena",
    "name": "Single Wrap Liners",
    "imageUrl": "https://shop.coles.com.au/wcsstore/Coles-CAS/images/3/2/9/3293324-th.jpg",
    "categories": ["health-beauty"],
    "tags": ["personal-care-hygiene", "feminine-care"],
    "locations": {
      "vic": {
        "price": 3,
        "promoText": "$1.30 ",
        "packageSize": "22 pack",
        "packagePrice": "$0.14 per 1Ea"
      }
    }
  },
  {
    "id": "lights-by-tena-lng-liners-20pack-tena-lights",
    "brand": "Lights By Tena",
    "name": "Everyday Long Liners",
    "imageUrl": "https://shop.coles.com.au/wcsstore/Coles-CAS/images/1/5/1/1519540-th.jpg",
    "categories": ["health-beauty"],
    "tags": ["personal-care-hygiene", "feminine-care"],
    "locations": {
      "vic": {
        "price": 3,
        "promoText": "$1.30 ",
        "packageSize": "20 pack",
        "packagePrice": "$0.15 per 1Ea"
      }
    }
  },
  {
    "id": "poise-pads-extra-plus-1026553p",
    "brand": "Poise",
    "name": "Extra Plus Pads",
    "imageUrl": "https://shop.coles.com.au/wcsstore/Coles-CAS/images/1/0/2/1026553-th.jpg",
    "categories": ["health-beauty"],
    "tags": ["personal-care-hygiene", "feminine-care"],
    "locations": {
      "vic": {
        "price": 4,
        "promoText": "$2.00 ",
        "packageSize": "10 pack",
        "packagePrice": "$0.40 per 1Ea"
      }
    }
  },
  {
    "id": "poise-active-ultrathin-super-pads",
    "brand": "Poise",
    "name": "Ultrathins Super Light Pads",
    "imageUrl": "https://shop.coles.com.au/wcsstore/Coles-CAS/images/2/3/7/2373563-th.jpg",
    "categories": ["health-beauty"],
    "tags": ["personal-care-hygiene", "feminine-care"],
    "locations": {
      "vic": {
        "price": 3.5,
        "promoText": "$1.50 ",
        "packageSize": "12 pack",
        "packagePrice": "$0.29 per 1Ea"
      }
    }
  },
  {
    "id": "poise-extra-plus-value-pack-pads",
    "brand": "Poise",
    "name": "Extra Plus Value Pack Pads",
    "imageUrl": "https://shop.coles.com.au/wcsstore/Coles-CAS/images/3/2/9/3293528-th.jpg",
    "categories": ["health-beauty"],
    "tags": ["personal-care-hygiene", "feminine-care"],
    "locations": {
      "vic": {
        "price": 7,
        "promoText": "$3.00 ",
        "packageSize": "20 pack",
        "packagePrice": "$0.35 per 1Ea"
      }
    }
  },
  {
    "id": "poise-adult-care-pad-discret-regular",
    "brand": "Poise",
    "name": "Thin & Discreet Pad Regular",
    "imageUrl": "https://shop.coles.com.au/wcsstore/Coles-CAS/images/3/7/6/3761874-th.jpg",
    "categories": ["health-beauty"],
    "tags": ["personal-care-hygiene", "feminine-care"],
    "locations": {
      "vic": {
        "price": 4.2,
        "promoText": "$1.80 ",
        "packageSize": "",
        "packagePrice": ""
      }
    }
  },
  {
    "id": "poise-adult-care-pad-discret-extra",
    "brand": "Poise",
    "name": "Thin & Discreet Pad Extra",
    "imageUrl": "https://shop.coles.com.au/wcsstore/Coles-CAS/images/3/7/8/3781179-th.jpg",
    "categories": ["health-beauty"],
    "tags": ["personal-care-hygiene", "feminine-care"],
    "locations": {
      "vic": {
        "price": 4.2,
        "promoText": "$1.80 ",
        "packageSize": "",
        "packagePrice": "$1.71 per 1KGM"
      }
    }
  },
  {
    "id": "stayfree-pads-cottony-soft-regular",
    "brand": "Stayfree",
    "name": "Regular Maxi Pads Value Pack",
    "imageUrl": "https://shop.coles.com.au/wcsstore/Coles-CAS/images/1/4/8/148588-th.jpg",
    "categories": ["health-beauty"],
    "tags": ["personal-care-hygiene", "feminine-care"],
    "locations": {
      "vic": {
        "price": 4.5,
        "promoText": " ",
        "packageSize": "20 pack",
        "packagePrice": "$0.23 per 1Ea"
      }
    }
  },
  {
    "id": "stayfree-ultra-thin-super-pads-with-wings",
    "brand": "Stayfree",
    "name": "Ultra Thin Super Pads With Wings",
    "imageUrl": "https://shop.coles.com.au/wcsstore/Coles-CAS/images/3/0/3/3036117-th.jpg",
    "categories": ["health-beauty"],
    "tags": ["personal-care-hygiene", "feminine-care"],
    "locations": {
      "vic": {
        "price": 7.25,
        "promoText": " ",
        "packageSize": "24 pack",
        "packagePrice": "$0.30 per 1Ea"
      }
    }
  },
  {
    "id": "stayfree-ultra-thin-regular-pads-with-wings",
    "brand": "Stayfree",
    "name": "Ultra Thin Regular Pads With Wings",
    "imageUrl": "https://shop.coles.com.au/wcsstore/Coles-CAS/images/3/0/3/3036092-th.jpg",
    "categories": ["health-beauty"],
    "tags": ["personal-care-hygiene", "feminine-care"],
    "locations": {
      "vic": {
        "price": 7.25,
        "promoText": " ",
        "packageSize": "24 pack",
        "packagePrice": "$0.30 per 1Ea"
      }
    }
  },
  {
    "id": "tom-organic-tampons-super-cotton",
    "brand": "TOM Organic",
    "name": "Super Tampons",
    "imageUrl": "https://shop.coles.com.au/wcsstore/Coles-CAS/images/1/1/7/1176738-th.jpg",
    "categories": ["health-beauty"],
    "tags": ["personal-care-hygiene", "feminine-care"],
    "locations": {
      "vic": {
        "price": 5.45,
        "promoText": " ",
        "packageSize": "16 pack",
        "packagePrice": "$0.34 per 1Ea"
      }
    }
  },
  {
    "id": "tom-organic-mini-tampons",
    "brand": "TOM Organic",
    "name": "Mini Tampons",
    "imageUrl": "https://shop.coles.com.au/wcsstore/Coles-CAS/images/2/3/7/2375285-th.jpg",
    "categories": ["health-beauty"],
    "tags": ["personal-care-hygiene", "feminine-care"],
    "locations": {
      "vic": {
        "price": 5.45,
        "promoText": " ",
        "packageSize": "16 pack",
        "packagePrice": "$0.34 per 1Ea"
      }
    }
  },
  {
    "id": "tampax-compak-pearl-super-applicator-tampons",
    "brand": "Tampax",
    "name": "Pearl Compak Super Tampons With Applicator",
    "imageUrl": "https://shop.coles.com.au/wcsstore/Coles-CAS/images/3/3/0/3301535-th.jpg",
    "categories": ["health-beauty"],
    "tags": ["personal-care-hygiene", "feminine-care"],
    "locations": {
      "vic": {
        "price": 6.35,
        "promoText": " ",
        "packageSize": "18 pack",
        "packagePrice": "$0.35 per 1Ea"
      }
    }
  },
  {
    "id": "tampax-compak-pearl-regular-applicator-tampon",
    "brand": "Tampax",
    "name": "Pearl Compak Regular Applicator Tampons",
    "imageUrl": "https://shop.coles.com.au/wcsstore/Coles-CAS/images/3/3/0/3301513-th.jpg",
    "categories": ["health-beauty"],
    "tags": ["personal-care-hygiene", "feminine-care"],
    "locations": {
      "vic": {
        "price": 3.2,
        "promoText": " ",
        "packageSize": "8 pack",
        "packagePrice": "$0.40 per 1Ea"
      }
    }
  },
  {
    "id": "tena-for-men-incontinence-pouches-level-2",
    "brand": "Tena",
    "name": "Level 2 Incontinence Pouches For Men",
    "imageUrl": "https://shop.coles.com.au/wcsstore/Coles-CAS/images/9/6/2/9622101-th.jpg",
    "categories": ["health-beauty"],
    "tags": ["personal-care-hygiene", "feminine-care"],
    "locations": {
      "vic": {
        "price": 8,
        "promoText": "Was $9.40 on May 2016 ",
        "packageSize": "10 pack",
        "packagePrice": "$0.80 per 1Ea"
      }
    }
  },
  {
    "id": "tena-pants-for-women-large",
    "brand": "Tena",
    "name": "Large Pants for Women",
    "imageUrl": "https://shop.coles.com.au/wcsstore/Coles-CAS/images/9/8/8/9886635-th.jpg",
    "categories": ["health-beauty"],
    "tags": ["personal-care-hygiene", "feminine-care"],
    "locations": {
      "vic": {
        "price": 8.75,
        "promoText": " ",
        "packageSize": "8 pack",
        "packagePrice": "$1.09 per 1Ea"
      }
    }
  },
  {
    "id": "tena-pants-for-men-large-level-4",
    "brand": "Tena",
    "name": "Large Pants for Men Level 4",
    "imageUrl": "https://shop.coles.com.au/wcsstore/Coles-CAS/images/9/8/8/9886577-th.jpg",
    "categories": ["health-beauty"],
    "tags": ["personal-care-hygiene", "feminine-care"],
    "locations": {
      "vic": {
        "price": 9.45,
        "promoText": " ",
        "packageSize": "8 pack",
        "packagePrice": "$1.18 per 1Ea"
      }
    }
  },
  {
    "id": "tena-lady-pads-extra",
    "brand": "Tena",
    "name": "Lady Extra Pads",
    "imageUrl": "https://shop.coles.com.au/wcsstore/Coles-CAS/images/1/1/7/1173707-th.jpg",
    "categories": ["health-beauty"],
    "tags": ["personal-care-hygiene", "feminine-care"],
    "locations": {
      "vic": {
        "price": 9,
        "promoText": "Was $10.40 on May 2016 ",
        "packageSize": "20 pack",
        "packagePrice": "$0.45 per 1Ea"
      }
    }
  },
  {
    "id": "tena-lady-pads-normal",
    "brand": "Tena",
    "name": "Lady Normal Pads",
    "imageUrl": "https://shop.coles.com.au/wcsstore/Coles-CAS/images/5/7/9/5796360-th.jpg",
    "categories": ["health-beauty"],
    "tags": ["personal-care-hygiene", "feminine-care"],
    "locations": {
      "vic": {
        "price": 3.67,
        "promoText": " ",
        "packageSize": "12 pack",
        "packagePrice": "$0.31 per 1Ea"
      }
    }
  },
  {
    "id": "tena-extra-plus-with-insta-dry-pads",
    "brand": "Tena",
    "name": "Extra Plus With Insta Dry Pads",
    "imageUrl": "https://shop.coles.com.au/wcsstore/Coles-CAS/images/1/7/2/1723116-th.jpg",
    "categories": ["health-beauty"],
    "tags": ["personal-care-hygiene", "feminine-care"],
    "locations": {
      "vic": {
        "price": 3.67,
        "promoText": " ",
        "packageSize": "8 pack",
        "packagePrice": "$0.46 per 1Ea"
      }
    }
  },
  {
    "id": "tena-maxi-with-insta-dry-pads",
    "brand": "Tena",
    "name": "Maxi With Insta Dry Pads",
    "imageUrl": "https://shop.coles.com.au/wcsstore/Coles-CAS/images/1/7/2/1723127-th.jpg",
    "categories": ["health-beauty"],
    "tags": ["personal-care-hygiene", "feminine-care"],
    "locations": {
      "vic": {
        "price": 3.67,
        "promoText": " ",
        "packageSize": "6 pack",
        "packagePrice": "$0.61 per 1Ea"
      }
    }
  },
  {
    "id": "tena-men-absorbent-protector-pouches-level-1",
    "brand": "Tena",
    "name": "For Men Pouches Level 1",
    "imageUrl": "https://shop.coles.com.au/wcsstore/Coles-CAS/images/9/4/2/9428991-th.jpg",
    "categories": ["health-beauty"],
    "tags": ["personal-care-hygiene", "feminine-care"],
    "locations": {
      "vic": {
        "price": 5.6,
        "promoText": "$2.40 ",
        "packageSize": "12 pack",
        "packagePrice": "$0.47 per 1Ea"
      }
    }
  },
  {
    "id": "tena-men-absorbent-protector-pads-level-3-super",
    "brand": "Tena",
    "name": "Men Absorbent Protector Pads Level 3 Super",
    "imageUrl": "https://shop.coles.com.au/wcsstore/Coles-CAS/images/3/0/3/3035941-th.jpg",
    "categories": ["health-beauty"],
    "tags": ["personal-care-hygiene", "feminine-care"],
    "locations": {
      "vic": {
        "price": 5.6,
        "promoText": "$2.40 ",
        "packageSize": "8 pack",
        "packagePrice": "$0.70 per 1Ea"
      }
    }
  },
  {
    "id": "tena-discreet-standard-ultra-thin-pads",
    "brand": "Tena",
    "name": "Discreet Standard Length Ultra Thin 12 Pads",
    "imageUrl": "https://shop.coles.com.au/wcsstore/Coles-CAS/images/3/5/1/3512166-th.jpg",
    "categories": ["health-beauty"],
    "tags": ["personal-care-hygiene", "feminine-care"],
    "locations": {
      "vic": {
        "price": 3.5,
        "promoText": "$1.50 ",
        "packageSize": "1 Pack",
        "packagePrice": "$3.50 per 1Ea"
      }
    }
  },
  {
    "id": "tena-ultimate-coverage-ultra-long-liners",
    "brand": "Tena",
    "name": "Ultimate Coverage Ultra Long Liners",
    "imageUrl": "https://shop.coles.com.au/wcsstore/Coles-CAS/images/3/5/1/3513384-th.jpg",
    "categories": ["health-beauty"],
    "tags": ["personal-care-hygiene", "feminine-care"],
    "locations": {
      "vic": {
        "price": 3.5,
        "promoText": "$1.50 ",
        "packageSize": "22 pack",
        "packagePrice": "$0.16 per 1Ea"
      }
    }
  },
  {
    "id": "tom-organic-maternity-pads-1717408p",
    "brand": "Tom",
    "name": "Organic Maternity Pads 12 Pack",
    "imageUrl": "https://shop.coles.com.au/wcsstore/Coles-CAS/images/1/7/1/1717408-th.jpg",
    "categories": ["health-beauty"],
    "tags": ["personal-care-hygiene", "feminine-care"],
    "locations": {
      "vic": {
        "price": 8,
        "promoText": " ",
        "packageSize": "12 pack",
        "packagePrice": "$0.67 per 1Ea"
      }
    }
  },
  {
    "id": "tom-organic-the-period-cup",
    "brand": "Tom Organic",
    "name": "The Period Cup Size 2",
    "imageUrl": "https://shop.coles.com.au/wcsstore/Coles-CAS/images/3/7/5/3757957-th.jpg",
    "categories": ["health-beauty"],
    "tags": ["personal-care-hygiene", "feminine-care"],
    "locations": {
      "vic": {
        "price": 42,
        "promoText": " ",
        "packageSize": "",
        "packagePrice": "$42.00 per 1Ea"
      }
    }
  },
  {
    "id": "tom-organic-the-period-cup-3757924p",
    "brand": "Tom Organic",
    "name": "The Period Cup",
    "imageUrl": "https://shop.coles.com.au/wcsstore/Coles-CAS/images/3/7/5/3757924-th.jpg",
    "categories": ["health-beauty"],
    "tags": ["personal-care-hygiene", "feminine-care"],
    "locations": {
      "vic": {
        "price": 42,
        "promoText": " ",
        "packageSize": "",
        "packagePrice": "$42.00 per 1Ea"
      }
    }
  },
  {
    "id": "u-by-kotex-regular-designs-ultra-thin-pads-with-wings",
    "brand": "U By Kotex",
    "name": "Ultra Thin Designs Regular Pads With Wings",
    "imageUrl": "https://shop.coles.com.au/wcsstore/Coles-CAS/images/1/7/1/1719527-th.jpg",
    "categories": ["health-beauty"],
    "tags": ["personal-care-hygiene", "feminine-care"],
    "locations": {
      "vic": {
        "price": 7,
        "promoText": " ",
        "packageSize": "22 pack",
        "packagePrice": "$0.32 per 1Ea"
      }
    }
  },
  {
    "id": "u-by-kotex-ultra-thin-sport-super-pads-with-wings",
    "brand": "U By Kotex",
    "name": "Ultra Thin Sport Super Pads With Wings",
    "imageUrl": "https://shop.coles.com.au/wcsstore/Coles-CAS/images/2/3/7/2373632-th.jpg",
    "categories": ["health-beauty"],
    "tags": ["personal-care-hygiene", "feminine-care"],
    "locations": {
      "vic": {
        "price": 4.5,
        "promoText": " ",
        "packageSize": "10 pack",
        "packagePrice": "$0.45 per 1Ea"
      }
    }
  },
  {
    "id": "u-by-kotex-designer-super-tampons",
    "brand": "U By Kotex",
    "name": "Super Slim Tampons Designer Super",
    "imageUrl": "https://shop.coles.com.au/wcsstore/Coles-CAS/images/2/6/2/2622511-th.jpg",
    "categories": ["health-beauty"],
    "tags": ["personal-care-hygiene", "feminine-care"],
    "locations": {
      "vic": {
        "price": 2.5,
        "promoText": "$2.50 ",
        "packageSize": "16 pack",
        "packagePrice": "$0.16 per 1Ea"
      }
    }
  },
  {
    "id": "u-by-kotex-sport-tampon-regular",
    "brand": "U By Kotex",
    "name": "Regular Sport Tampon",
    "imageUrl": "https://shop.coles.com.au/wcsstore/Coles-CAS/images/2/9/1/2916002-th.jpg",
    "categories": ["health-beauty"],
    "tags": ["personal-care-hygiene", "feminine-care"],
    "locations": {
      "vic": {
        "price": 5,
        "promoText": " ",
        "packageSize": "16 pack",
        "packagePrice": "$0.31 per 1Ea"
      }
    }
  },
  {
    "id": "u-by-kotex-sport-tampon-super",
    "brand": "U By Kotex",
    "name": "Super Sport Tampon",
    "imageUrl": "https://shop.coles.com.au/wcsstore/Coles-CAS/images/2/9/1/2915972-th.jpg",
    "categories": ["health-beauty"],
    "tags": ["personal-care-hygiene", "feminine-care"],
    "locations": {
      "vic": {
        "price": 5,
        "promoText": " ",
        "packageSize": "16 pack",
        "packagePrice": "$0.31 per 1Ea"
      }
    }
  },
  {
    "id": "u-by-kotex-cotton-ultrathin-super-10pk",
    "brand": "U By Kotex",
    "name": "Cotton Ultrathin Super",
    "imageUrl": "https://shop.coles.com.au/wcsstore/Coles-CAS/images/3/7/9/3796347-th.jpg",
    "categories": ["health-beauty"],
    "tags": ["personal-care-hygiene", "feminine-care"],
    "locations": {
      "vic": {
        "price": 4.9,
        "promoText": " ",
        "packageSize": "10 pack",
        "packagePrice": "$0.49 per 1Ea"
      }
    }
  },
  {
    "id": "u-by-kotex-feminine-briefs-overnight-grey-3765081p",
    "brand": "U By Kotex",
    "name": "Overnight Briefs",
    "imageUrl": "https://shop.coles.com.au/wcsstore/Coles-CAS/images/3/7/6/3765081-th.jpg",
    "categories": ["health-beauty"],
    "tags": ["personal-care-hygiene", "feminine-care"],
    "locations": {
      "vic": {
        "price": 6,
        "promoText": " ",
        "packageSize": "4 pack",
        "packagePrice": "$1.50 per 1Ea"
      }
    }
  },
  {
    "id": "vagisil-gentle-calming-feminine-wipes",
    "brand": "Vagisil",
    "name": "Gentle & Calming Feminine Wipes",
    "imageUrl": "https://shop.coles.com.au/wcsstore/Coles-CAS/images/1/7/1/1717317-th.jpg",
    "categories": ["health-beauty"],
    "tags": ["personal-care-hygiene", "feminine-care"],
    "locations": {
      "vic": {
        "price": 4.8,
        "promoText": "$1.20 ",
        "packageSize": "20 pack",
        "packagePrice": "$0.24 per 1Ea"
      }
    }
  },
  {
    "id": "vagisil-intimate-wash-ph-plus",
    "brand": "Vagisil",
    "name": "PH Plus Intimate Wash",
    "imageUrl": "https://shop.coles.com.au/wcsstore/Coles-CAS/images/2/7/3/2739745-th.jpg",
    "categories": ["health-beauty"],
    "tags": ["personal-care-hygiene", "feminine-care"],
    "locations": {
      "vic": {
        "price": 5.6,
        "promoText": "$1.40 ",
        "packageSize": "240mL",
        "packagePrice": "$2.33 per 100mL"
      }
    }
  },
  {
    "id": "whisper-pads-regular-overnight-with-wings",
    "brand": "Whisper",
    "name": "Heavy Flow & Overnight Pads with Wings",
    "imageUrl": "https://shop.coles.com.au/wcsstore/Coles-CAS/images/9/3/5/9354818-th.jpg",
    "categories": ["health-beauty"],
    "tags": ["personal-care-hygiene", "feminine-care"],
    "locations": {
      "vic": {
        "price": 2.9,
        "promoText": " ",
        "packageSize": "8 pack",
        "packagePrice": "$2.90 per 1Ea"
      }
    }
  },
  {
    "id": "scholl-ultra-coarse-sngl-refill",
    "brand": "Scholl",
    "name": "Velvet Smooth Ultra Coarse",
    "imageUrl": "https://shop.coles.com.au/wcsstore/Coles-CAS/images/3/4/2/3423383-th.jpg",
    "categories": ["health-beauty"],
    "tags": ["personal-care-hygiene", "fotcare"],
    "locations": {
      "vic": {
        "price": 15,
        "promoText": " ",
        "packageSize": "1 pack",
        "packagePrice": "$15.00 per 1Ea"
      }
    }
  },
  {
    "id": "scholl-velvet-smooth-exfoliating-foot-file",
    "brand": "Scholl",
    "name": "Velvet Smooth Exfoliating Foot File",
    "imageUrl": "https://shop.coles.com.au/wcsstore/Coles-CAS/images/3/1/6/3163533-th.jpg",
    "categories": ["health-beauty"],
    "tags": ["personal-care-hygiene", "fotcare"],
    "locations": {
      "vic": {
        "price": 55,
        "promoText": " ",
        "packageSize": "1 pack",
        "packagePrice": "$55.00 per 1Ea"
      }
    }
  },
  {
    "id": "scholl-extra-coarse-sngl-refill",
    "brand": "Scholl",
    "name": "Velvet Smooth Extra Coarse Single Refill",
    "imageUrl": "https://shop.coles.com.au/wcsstore/Coles-CAS/images/3/4/2/3423408-th.jpg",
    "categories": ["health-beauty"],
    "tags": ["personal-care-hygiene", "fotcare"],
    "locations": {
      "vic": {
        "price": 15,
        "promoText": " ",
        "packageSize": "1 pack",
        "packagePrice": "$15.00 per 1Ea"
      }
    }
  },
  {
    "id": "depend-real-fit-womens-large-underwear",
    "brand": "Depend",
    "name": "Real Fit Large Fitted Briefs for Women",
    "imageUrl": "https://shop.coles.com.au/wcsstore/Coles-CAS/images/2/0/6/2065867-th.jpg",
    "categories": ["health-beauty"],
    "tags": ["personal-care-hygiene", "incontinence-neds"],
    "locations": {
      "vic": {
        "price": 8.4,
        "promoText": "$3.60 ",
        "packageSize": "8 pack",
        "packagePrice": "$1.05 per 1Ea"
      }
    }
  },
  {
    "id": "depend-large-fitted-briefs-for-men-women",
    "brand": "Depend",
    "name": "Real Fit Extra Large Fitted Briefs for Women",
    "imageUrl": "https://shop.coles.com.au/wcsstore/Coles-CAS/images/1/7/2/1721471-th.jpg",
    "categories": ["health-beauty"],
    "tags": ["personal-care-hygiene", "incontinence-neds"],
    "locations": {
      "vic": {
        "price": 8.4,
        "promoText": "$3.60 ",
        "packageSize": "8 pack",
        "packagePrice": "$1.05 per 1Ea"
      }
    }
  },
  {
    "id": "depend-underwear-real-fit-for-men-medium",
    "brand": "Depend",
    "name": "Real Fit Medium Underwear For Men",
    "imageUrl": "https://shop.coles.com.au/wcsstore/Coles-CAS/images/1/1/7/1173172-th.jpg",
    "categories": ["health-beauty"],
    "tags": ["personal-care-hygiene", "incontinence-neds"],
    "locations": {
      "vic": {
        "price": 9.1,
        "promoText": "$3.90 ",
        "packageSize": "8 pack",
        "packagePrice": "$1.14 per 1Ea"
      }
    }
  },
  {
    "id": "tom-organic-the-period-brief-reg-flow-3762935p",
    "brand": "Tom Organic",
    "name": "Period Brief Regular Flow Size M",
    "imageUrl": "https://shop.coles.com.au/wcsstore/Coles-CAS/images/3/7/6/3762935-th.jpg",
    "categories": ["health-beauty"],
    "tags": ["personal-care-hygiene", "incontinence-neds"],
    "locations": {
      "vic": {
        "price": 15,
        "promoText": " ",
        "packageSize": "",
        "packagePrice": "$15.00 per 1Ea"
      }
    }
  },
  {
    "id": "tom-organic-regular-the-period-brief",
    "brand": "Tom Organic",
    "name": "Period Brief Regular Flow Size S",
    "imageUrl": "https://shop.coles.com.au/wcsstore/Coles-CAS/images/3/7/6/3762913-th.jpg",
    "categories": ["health-beauty"],
    "tags": ["personal-care-hygiene", "incontinence-neds"],
    "locations": {
      "vic": {
        "price": 15,
        "promoText": " ",
        "packageSize": "",
        "packagePrice": "$15.00 per 1Ea"
      }
    }
  },
  {
    "id": "u-by-kotex-feminine-briefs-overnight-grey",
    "brand": "U By Kotex",
    "name": "Feminine Briefs Overnight Grey",
    "imageUrl": "https://shop.coles.com.au/wcsstore/Coles-CAS/images/3/7/6/3765106-th.jpg",
    "categories": ["health-beauty"],
    "tags": ["personal-care-hygiene", "incontinence-neds"],
    "locations": {
      "vic": {
        "price": 6,
        "promoText": " ",
        "packageSize": "",
        "packagePrice": "$1.50 per 1Ea"
      }
    }
  },
  {
    "id": "always-discret-underwear-pants-l-plus",
    "brand": "Always Discreet",
    "name": "Underwear Pants Plus L",
    "imageUrl": "https://shop.coles.com.au/wcsstore/Coles-CAS/images/3/7/5/3757414-th.jpg",
    "categories": ["health-beauty"],
    "tags": ["personal-care-hygiene", "incontinence-neds"],
    "locations": {
      "vic": {
        "price": 14,
        "promoText": "$6.00 ",
        "packageSize": "8 pack",
        "packagePrice": "$1.75 per 1Ea"
      }
    }
  },
  {
    "id": "always-discret-underwear",
    "brand": "Always Discreet",
    "name": "Underwear Pants M",
    "imageUrl": "https://shop.coles.com.au/wcsstore/Coles-CAS/images/3/7/5/3757403-th.jpg",
    "categories": ["health-beauty"],
    "tags": ["personal-care-hygiene", "incontinence-neds"],
    "locations": {
      "vic": {
        "price": 14,
        "promoText": "$6.00 ",
        "packageSize": "9 pack",
        "packagePrice": "$1.56 per 1Ea"
      }
    }
  },
  {
    "id": "coles-medium-pants-for-women",
    "brand": "Coles",
    "name": "Assure Unisex Pants Medium",
    "imageUrl": "https://shop.coles.com.au/wcsstore/Coles-CAS/images/2/5/7/2578930-th.jpg",
    "categories": ["health-beauty"],
    "tags": ["personal-care-hygiene", "incontinence-neds"],
    "locations": {
      "vic": {
        "price": 9,
        "promoText": " ",
        "packageSize": "8 pack",
        "packagePrice": "$1.13 per 1Ea"
      }
    }
  },
  {
    "id": "coles-assure-large-pants-for-women",
    "brand": "Coles",
    "name": "Assure Unisex Pants Large",
    "imageUrl": "https://shop.coles.com.au/wcsstore/Coles-CAS/images/2/5/7/2578920-th.jpg",
    "categories": ["health-beauty"],
    "tags": ["personal-care-hygiene", "incontinence-neds"],
    "locations": {
      "vic": {
        "price": 9,
        "promoText": " ",
        "packageSize": "8 pack",
        "packagePrice": "$1.13 per 1Ea"
      }
    }
  },
  {
    "id": "coles-assure-for-women-medium-incontinence-pants",
    "brand": "Coles",
    "name": "Assure Pants For Women Medium",
    "imageUrl": "https://shop.coles.com.au/wcsstore/Coles-CAS/images/3/5/3/3534180-th.jpg",
    "categories": ["health-beauty"],
    "tags": ["personal-care-hygiene", "incontinence-neds"],
    "locations": {
      "vic": {
        "price": 9,
        "promoText": " ",
        "packageSize": "8pack",
        "packagePrice": "$1.13 per 1Ea"
      }
    }
  },
  {
    "id": "coles-assure-for-men-medium-incontinence-pants",
    "brand": "Coles",
    "name": "Assure Pants For Men Medium",
    "imageUrl": "https://shop.coles.com.au/wcsstore/Coles-CAS/images/3/5/3/3534114-th.jpg",
    "categories": ["health-beauty"],
    "tags": ["personal-care-hygiene", "incontinence-neds"],
    "locations": {
      "vic": {
        "price": 9,
        "promoText": " ",
        "packageSize": "8pack",
        "packagePrice": "$1.13 per 1Ea"
      }
    }
  },
  {
    "id": "coles-assure-for-women-large-incontinence-pants",
    "brand": "Coles",
    "name": "Assure Pants For Women Large",
    "imageUrl": "https://shop.coles.com.au/wcsstore/Coles-CAS/images/3/5/3/3534216-th.jpg",
    "categories": ["health-beauty"],
    "tags": ["personal-care-hygiene", "incontinence-neds"],
    "locations": {
      "vic": {
        "price": 9,
        "promoText": " ",
        "packageSize": "8 pack",
        "packagePrice": "$1.13 per 1Ea"
      }
    }
  },
  {
    "id": "coles-assure-for-men-large-incontinence-pants",
    "brand": "Coles",
    "name": "Assure Pants For Men Large",
    "imageUrl": "https://shop.coles.com.au/wcsstore/Coles-CAS/images/3/5/3/3534170-th.jpg",
    "categories": ["health-beauty"],
    "tags": ["personal-care-hygiene", "incontinence-neds"],
    "locations": {
      "vic": {
        "price": 9,
        "promoText": " ",
        "packageSize": "8pack",
        "packagePrice": "$1.13 per 1Ea"
      }
    }
  },
  {
    "id": "depend-real-fit-underwear-for-men-large",
    "brand": "Depend",
    "name": "Real Fit Large Underwear for Men",
    "imageUrl": "https://shop.coles.com.au/wcsstore/Coles-CAS/images/1/1/7/1173194-th.jpg",
    "categories": ["health-beauty"],
    "tags": ["personal-care-hygiene", "incontinence-neds"],
    "locations": {
      "vic": {
        "price": 9.1,
        "promoText": "$3.90 ",
        "packageSize": "8 pack",
        "packagePrice": "$1.14 per 1Ea"
      }
    }
  },
  {
    "id": "depend-real-fit-medium-underwear-for-women",
    "brand": "Depend",
    "name": "Real Fit Medium Underwear For Women",
    "imageUrl": "https://shop.coles.com.au/wcsstore/Coles-CAS/images/2/0/6/2065878-th.jpg",
    "categories": ["health-beauty"],
    "tags": ["personal-care-hygiene", "incontinence-neds"],
    "locations": {
      "vic": {
        "price": 8.4,
        "promoText": "$3.60 ",
        "packageSize": "8 pack",
        "packagePrice": "$1.05 per 1Ea"
      }
    }
  },
  {
    "id": "depend-real-fit-for-women-large-super-underwear",
    "brand": "Depend",
    "name": "Real Fit Large Super Underwear For Women",
    "imageUrl": "https://shop.coles.com.au/wcsstore/Coles-CAS/images/2/6/2/2622464-th.jpg",
    "categories": ["health-beauty"],
    "tags": ["personal-care-hygiene", "incontinence-neds"],
    "locations": {
      "vic": {
        "price": 11.9,
        "promoText": "$5.10 ",
        "packageSize": "8 pack",
        "packagePrice": "$1.49 per 1Ea"
      }
    }
  },
  {
    "id": "depend-real-fit-for-women-x-large-super-underwear",
    "brand": "Depend",
    "name": "Real Fit Extra Large Super Underwear For Women",
    "imageUrl": "https://shop.coles.com.au/wcsstore/Coles-CAS/images/2/6/2/2622497-th.jpg",
    "categories": ["health-beauty"],
    "tags": ["personal-care-hygiene", "incontinence-neds"],
    "locations": {
      "vic": {
        "price": 11.9,
        "promoText": "$5.10 ",
        "packageSize": "8 pack",
        "packagePrice": "$1.49 per 1Ea"
      }
    }
  },
  {
    "id": "libra-godnight-extra",
    "brand": "Libra",
    "name": "Goodnight Extra",
    "imageUrl": "https://shop.coles.com.au/wcsstore/Coles-CAS/images/3/7/6/3760281-th.jpg",
    "categories": ["health-beauty"],
    "tags": ["personal-care-hygiene", "incontinence-neds"],
    "locations": {
      "vic": {
        "price": 2.1,
        "promoText": "$2.10 ",
        "packageSize": "6 PACK",
        "packagePrice": ""
      }
    }
  },
  {
    "id": "poise-adult-care-pants-thin-discret",
    "brand": "Poise",
    "name": "Thin & Discreet Pants Large",
    "imageUrl": "https://shop.coles.com.au/wcsstore/Coles-CAS/images/3/7/7/3772699-th.jpg",
    "categories": ["health-beauty"],
    "tags": ["personal-care-hygiene", "incontinence-neds"],
    "locations": {
      "vic": {
        "price": 5.25,
        "promoText": "$2.25 ",
        "packageSize": "5 PACK",
        "packagePrice": ""
      }
    }
  },
  {
    "id": "poise-adult-care-pant-thin-and-discret",
    "brand": "Poise",
    "name": "Thin & Discreet Pants Small",
    "imageUrl": "https://shop.coles.com.au/wcsstore/Coles-CAS/images/3/7/7/3772688-th.jpg",
    "categories": ["health-beauty"],
    "tags": ["personal-care-hygiene", "incontinence-neds"],
    "locations": {
      "vic": {
        "price": 5.25,
        "promoText": "$2.25 ",
        "packageSize": "5 PACK",
        "packagePrice": ""
      }
    }
  },
  {
    "id": "tena-plus-night-pants",
    "brand": "Tena",
    "name": "Plus Night Pants",
    "imageUrl": "https://shop.coles.com.au/wcsstore/Coles-CAS/images/3/0/3/3035930-th.jpg",
    "categories": ["health-beauty"],
    "tags": ["personal-care-hygiene", "incontinence-neds"],
    "locations": {
      "vic": {
        "price": 13.93,
        "promoText": "$5.97 ",
        "packageSize": "12 pack",
        "packagePrice": "$1.16 per 1Ea"
      }
    }
  },
  {
    "id": "tena-discreet-super-incontinence-pants-large",
    "brand": "Tena",
    "name": "Discreet Crème High Waist Underwear Large",
    "imageUrl": "https://shop.coles.com.au/wcsstore/Coles-CAS/images/3/5/1/3512155-th.jpg",
    "categories": ["health-beauty"],
    "tags": ["personal-care-hygiene", "incontinence-neds"],
    "locations": {
      "vic": {
        "price": 11.9,
        "promoText": "$5.10 ",
        "packageSize": "8 pack",
        "packagePrice": "$1.49 per 1Ea"
      }
    }
  },
  {
    "id": "tena-discreet-super-incontinence-pants-medium",
    "brand": "Tena",
    "name": "Discreet Creme High Waist Underwear Medium",
    "imageUrl": "https://shop.coles.com.au/wcsstore/Coles-CAS/images/3/5/1/3512100-th.jpg",
    "categories": ["health-beauty"],
    "tags": ["personal-care-hygiene", "incontinence-neds"],
    "locations": {
      "vic": {
        "price": 11.9,
        "promoText": "$5.10 ",
        "packageSize": "9 pack",
        "packagePrice": "$1.32 per 1Ea"
      }
    }
  },
  {
    "id": "tom-organic-the-period-brief-reg-flow",
    "brand": "Tom Organic",
    "name": "Period Brief Regular Flow Size Xl",
    "imageUrl": "https://shop.coles.com.au/wcsstore/Coles-CAS/images/3/7/6/3762968-th.jpg",
    "categories": ["health-beauty"],
    "tags": ["personal-care-hygiene", "incontinence-neds"],
    "locations": {
      "vic": {
        "price": 15,
        "promoText": " ",
        "packageSize": "",
        "packagePrice": "$15.00 per 1Ea"
      }
    }
  },
  {
    "id": "tom-organic-the-period-brief-reg-flow-3762957p",
    "brand": "Tom Organic",
    "name": "Period Brief Regular Flow Size L",
    "imageUrl": "https://shop.coles.com.au/wcsstore/Coles-CAS/images/3/7/6/3762957-th.jpg",
    "categories": ["health-beauty"],
    "tags": ["personal-care-hygiene", "incontinence-neds"],
    "locations": {
      "vic": {
        "price": 15,
        "promoText": " ",
        "packageSize": "",
        "packagePrice": "$15.00 per 1Ea"
      }
    }
  },
  {
    "id": "coles-lens-wipes-40-pack",
    "brand": "Coles",
    "name": "Lens Wipes",
    "imageUrl": "https://shop.coles.com.au/wcsstore/Coles-CAS/images/3/6/4/3649659-th.jpg",
    "categories": ["health-beauty"],
    "tags": ["personal-care-hygiene", "nail-care"],
    "locations": {
      "vic": {
        "price": 5,
        "promoText": " ",
        "packageSize": "40 pack",
        "packagePrice": "$0.13 per 1Ea"
      }
    }
  },
  {
    "id": "rosken-repair-lotion",
    "brand": "Rosken",
    "name": "Intensive Moisture Hand Cream",
    "imageUrl": "https://shop.coles.com.au/wcsstore/Coles-CAS/images/7/2/1/7211081-th.jpg",
    "categories": ["health-beauty"],
    "tags": ["personal-care-hygiene", "nail-care"],
    "locations": {
      "vic": {
        "price": 3,
        "promoText": "$1.00 ",
        "packageSize": "75mL",
        "packagePrice": "$4.00 per 100mL"
      }
    }
  },
  {
    "id": "bosisto-s-stress-roll-on-10ml",
    "brand": "Bosisto's",
    "name": "Stress Roll On 10ml",
    "imageUrl": "https://shop.coles.com.au/wcsstore/Coles-CAS/images/3/7/3/3734340-th.jpg",
    "categories": ["health-beauty"],
    "tags": ["personal-care-hygiene", "nail-care"],
    "locations": {
      "vic": {
        "price": 15,
        "promoText": " ",
        "packageSize": "10mL",
        "packagePrice": "$15.00 per 1Ea"
      }
    }
  },
  {
    "id": "bach-rescue-remedy-sleep-spray",
    "brand": "Bach",
    "name": "Rescue Sleep Spray",
    "imageUrl": "https://shop.coles.com.au/wcsstore/Coles-CAS/images/2/1/2/2123544-th.jpg",
    "categories": ["health-beauty"],
    "tags": ["personal-care-hygiene", "nail-care"],
    "locations": {
      "vic": {
        "price": 28.5,
        "promoText": " ",
        "packageSize": "20mL",
        "packagePrice": "$142.50 per 100mL"
      }
    }
  },
  {
    "id": "bosisto-s-stress-nasal-inhaler-1g",
    "brand": "Bosisto's",
    "name": "Stress Nasal Inhaler",
    "imageUrl": "https://shop.coles.com.au/wcsstore/Coles-CAS/images/3/7/3/3734350-th.jpg",
    "categories": ["health-beauty"],
    "tags": ["personal-care-hygiene", "nail-care"],
    "locations": {
      "vic": {
        "price": 7,
        "promoText": " ",
        "packageSize": "1g",
        "packagePrice": "$7.00 per 1Ea"
      }
    }
  },
  {
    "id": "bosisto-s-slep-roll-on-10ml",
    "brand": "Bosisto's",
    "name": "Sleep Roll On 10ml",
    "imageUrl": "https://shop.coles.com.au/wcsstore/Coles-CAS/images/3/7/3/3734339-th.jpg",
    "categories": ["health-beauty"],
    "tags": ["personal-care-hygiene", "nail-care"],
    "locations": {
      "vic": {
        "price": 15,
        "promoText": " ",
        "packageSize": "10mL",
        "packagePrice": "$15.00 per 1Ea"
      }
    }
  },
  {
    "id": "hydralyte-effervescent-apple-blackcurrant-40s",
    "brand": "Hydralyte",
    "name": "Effervescent Tablets Apple Blackcurrant",
    "imageUrl": "https://shop.coles.com.au/wcsstore/Coles-CAS/images/3/7/3/3733595-th.jpg",
    "categories": ["health-beauty"],
    "tags": ["personal-care-hygiene", "nail-care"],
    "locations": {
      "vic": {
        "price": 22,
        "promoText": " ",
        "packageSize": "40 pack",
        "packagePrice": "$0.55 per 1Ea"
      }
    }
  },
  {
    "id": "sanofi-epsom-salts-1kg",
    "brand": "Sanofi",
    "name": "Epsom Salts",
    "imageUrl": "https://shop.coles.com.au/wcsstore/Coles-CAS/images/3/7/3/3734554-th.jpg",
    "categories": ["health-beauty"],
    "tags": ["personal-care-hygiene", "nail-care"],
    "locations": {
      "vic": {
        "price": 8.3,
        "promoText": " ",
        "packageSize": "1kg",
        "packagePrice": "$0.83 per 100G"
      }
    }
  },
  {
    "id": "vicks-insight-thermometer",
    "brand": "Vicks",
    "name": "Fever InSight Thermometer",
    "imageUrl": "https://shop.coles.com.au/wcsstore/Coles-CAS/images/3/4/1/3413743-th.jpg",
    "categories": ["health-beauty"],
    "tags": ["personal-care-hygiene", "nail-care"],
    "locations": {
      "vic": {
        "price": 26.5,
        "promoText": " ",
        "packageSize": "1 pack",
        "packagePrice": "$26.50 per 1Ea"
      }
    }
  },
  {
    "id": "simple-facial-cleansing-wipes",
    "brand": "Simple",
    "name": "Cleansing Facial Wipes",
    "imageUrl": "https://shop.coles.com.au/wcsstore/Coles-CAS/images/4/9/2/4920339-th.jpg",
    "categories": ["health-beauty"],
    "tags": ["personal-care-hygiene", "skincare-wipes"],
    "locations": {
      "vic": {
        "price": 7.5,
        "promoText": " ",
        "packageSize": "25 pack",
        "packagePrice": "$0.30 per 1Ea"
      }
    }
  },
  {
    "id": "nivea-visage-facial-cleansing-wipes-dry-sensitive",
    "brand": "Nivea",
    "name": "Gentle Moisturising Face Cleansing Wipes + Almond Oil for Dry Skin",
    "imageUrl": "https://shop.coles.com.au/wcsstore/Coles-CAS/images/9/3/5/9357747-th.jpg",
    "categories": ["health-beauty"],
    "tags": ["personal-care-hygiene", "skincare-wipes"],
    "locations": {
      "vic": {
        "price": 3.75,
        "promoText": "$3.75 ",
        "packageSize": "25 pack",
        "packagePrice": "$0.15 per 1Ea"
      }
    }
  },
  {
    "id": "coles-3-in-1-sensitive-facial-cleansing-wipes",
    "brand": "Coles",
    "name": "3-in-1 Sensitive 30 Facial Cleansing Wipes",
    "imageUrl": "https://shop.coles.com.au/wcsstore/Coles-CAS/images/2/9/9/2992689-th.jpg",
    "categories": ["health-beauty"],
    "tags": ["personal-care-hygiene", "skincare-wipes"],
    "locations": {
      "vic": {
        "price": 1.8,
        "promoText": "Was $2.00 on Sep 2019 ",
        "packageSize": "1 pack",
        "packagePrice": "$1.80 per 1Ea"
      }
    }
  },
  {
    "id": "johnsons-facial-wipes-cleansing-3-in-1",
    "brand": "Johnson's",
    "name": "Cleansing 3 in 1 Facial Wipes",
    "imageUrl": "https://shop.coles.com.au/wcsstore/Coles-CAS/images/8/4/8/8480023-th.jpg",
    "categories": ["health-beauty"],
    "tags": ["personal-care-hygiene", "skincare-wipes"],
    "locations": {
      "vic": {
        "price": 6,
        "promoText": " ",
        "packageSize": "25 pack",
        "packagePrice": "$0.24 per 1Ea"
      }
    }
  },
  {
    "id": "garnier-micellar-cleansing-wipes",
    "brand": "Garnier",
    "name": "Micellar Cleansing Wipes",
    "imageUrl": "https://shop.coles.com.au/wcsstore/Coles-CAS/images/2/4/2/2428600-th.jpg",
    "categories": ["health-beauty"],
    "tags": ["personal-care-hygiene", "skincare-wipes"],
    "locations": {
      "vic": {
        "price": 3.5,
        "promoText": "$3.50 ",
        "packageSize": "25 pack",
        "packagePrice": "$0.14 per 1Ea"
      }
    }
  },
  {
    "id": "neutrogena-cleansing-make-up-removal-towlettes",
    "brand": "Neutrogena",
    "name": "Cleansing Make Up Removal Towlettes",
    "imageUrl": "https://shop.coles.com.au/wcsstore/Coles-CAS/images/4/5/4/4544962-th.jpg",
    "categories": ["health-beauty"],
    "tags": ["personal-care-hygiene", "skincare-wipes"],
    "locations": {
      "vic": {
        "price": 8.2,
        "promoText": " ",
        "packageSize": "25 pack",
        "packagePrice": "$0.33 per 1Ea"
      }
    }
  },
  {
    "id": "simple-kind-skin-facial-wipes-biodegradable",
    "brand": "Simple",
    "name": "Kind To Skin Biodegradable Facial Wipes",
    "imageUrl": "https://shop.coles.com.au/wcsstore/Coles-CAS/images/3/4/4/3445499-th.jpg",
    "categories": ["health-beauty"],
    "tags": ["personal-care-hygiene", "skincare-wipes"],
    "locations": {
      "vic": {
        "price": 7.5,
        "promoText": " ",
        "packageSize": "",
        "packagePrice": "$0.30 per 1Ea"
      }
    }
  },
  {
    "id": "loreal-revitalift-cleansing-wipes",
    "brand": "L'Oreal",
    "name": "Revitalift Cleansing Wipes",
    "imageUrl": "https://shop.coles.com.au/wcsstore/Coles-CAS/images/7/1/8/7186621-th.jpg",
    "categories": ["health-beauty"],
    "tags": ["personal-care-hygiene", "skincare-wipes"],
    "locations": {
      "vic": {
        "price": 5.95,
        "promoText": "$2.55 ",
        "packageSize": "25 pack",
        "packagePrice": "$0.24 per 1Ea"
      }
    }
  },
  {
    "id": "australias-own-organic-soy-milk",
    "brand": "Australia's Own",
    "name": "Unsweetened Organic Soy Milk",
    "imageUrl": "https://shop.coles.com.au/wcsstore/Coles-CAS/images/3/0/2/3026689-th.jpg",
    "categories": ["health-beauty"],
    "tags": ["personal-care-hygiene", "sports-supplements"],
    "locations": {
      "vic": {
        "price": 1.8,
        "promoText": "Was $2.50 on Dec 2017 ",
        "packageSize": "1L",
        "packagePrice": "$1.80 per 1L"
      }
    }
  },
  {
    "id": "pureharvest-organic-apple-juice",
    "brand": "Pureharvest",
    "name": "Organic Apple Juice Bottle",
    "imageUrl": "https://shop.coles.com.au/wcsstore/Coles-CAS/images/5/3/4/5346057-th.jpg",
    "categories": ["health-beauty"],
    "tags": ["personal-care-hygiene", "sports-supplements"],
    "locations": {
      "vic": {
        "price": 4,
        "promoText": " ",
        "packageSize": "1L",
        "packagePrice": "$4.00 per 1L"
      }
    }
  },
  {
    "id": "coles-mixers-tang-berg",
    "brand": "Coles",
    "name": "Tangerine & Bergamot Lemongrass Spritzer Mixers Multipack Bottles 200mL",
    "imageUrl": "https://shop.coles.com.au/wcsstore/Coles-CAS/images/3/4/9/3490289-th.jpg",
    "categories": ["health-beauty"],
    "tags": ["personal-care-hygiene", "sports-supplements"],
    "locations": {
      "vic": {
        "price": 4.5,
        "promoText": "$1.50 ",
        "packageSize": "4 pack",
        "packagePrice": "$5.63 per 1L"
      }
    }
  },
  {
    "id": "coles-mixers-pink-lemoade",
    "brand": "Coles",
    "name": "Pink Lemonade Mixers Multipack Bottles 200mL",
    "imageUrl": "https://shop.coles.com.au/wcsstore/Coles-CAS/images/3/4/9/3490267-th.jpg",
    "categories": ["health-beauty"],
    "tags": ["personal-care-hygiene", "sports-supplements"],
    "locations": {
      "vic": {
        "price": 5,
        "promoText": "$1.00 ",
        "packageSize": "4 pack",
        "packagePrice": "$6.25 per 1L"
      }
    }
  },
  {
    "id": "coles-mixers-medit-tonic",
    "brand": "Coles",
    "name": "Mediterranean Tonic Water Mixers Multipack Bottles 200mL",
    "imageUrl": "https://shop.coles.com.au/wcsstore/Coles-CAS/images/3/4/9/3490290-th.jpg",
    "categories": ["health-beauty"],
    "tags": ["personal-care-hygiene", "sports-supplements"],
    "locations": {
      "vic": {
        "price": 4.5,
        "promoText": "$1.50 ",
        "packageSize": "4 pack",
        "packagePrice": "$5.63 per 1L"
      }
    }
  },
  {
    "id": "pureharvest-organic--apple-pear-juice",
    "brand": "Pureharvest",
    "name": "Organic Apple & Pear Juice Bottle",
    "imageUrl": "https://shop.coles.com.au/wcsstore/Coles-CAS/images/5/7/4/5748276-th.jpg",
    "categories": ["health-beauty"],
    "tags": ["personal-care-hygiene", "sports-supplements"],
    "locations": {
      "vic": {
        "price": 4,
        "promoText": " ",
        "packageSize": "1L",
        "packagePrice": "$4.00 per 1L"
      }
    }
  },
  {
    "id": "pureharvest-natures-milk-long-life-soy-organic",
    "brand": "Pureharvest",
    "name": "Organic Malt Free Long Life Soy Drink",
    "imageUrl": "https://shop.coles.com.au/wcsstore/Coles-CAS/images/9/5/5/9553971-th.jpg",
    "categories": ["health-beauty"],
    "tags": ["personal-care-hygiene", "sports-supplements"],
    "locations": {
      "vic": {
        "price": 1.7,
        "promoText": " ",
        "packageSize": "1L",
        "packagePrice": "$1.70 per 1L"
      }
    }
  },
  {
    "id": "nicorette-quick-mist-freshmint-spray",
    "brand": "Nicorette",
    "name": "Quick Mist Freshmint Spray",
    "imageUrl": "https://shop.coles.com.au/wcsstore/Coles-CAS/images/9/9/8/9982082-th.jpg",
    "categories": ["health-beauty"],
    "tags": ["personal-care-hygiene", "help-quit-smoking"],
    "locations": {
      "vic": {
        "price": 36,
        "promoText": "Was $40.00 on Apr 2020 ",
        "packageSize": "1 Pack",
        "packagePrice": "$36.00 per 1Ea"
      }
    }
  },
  {
    "id": "nicorette-cooldrops-extra-strength-icy-mint-lozenges-1744171p",
    "brand": "Nicorette",
    "name": "Cooldrops Extra Strength Icy Mint Lozenges",
    "imageUrl": "https://shop.coles.com.au/wcsstore/Coles-CAS/images/1/7/4/1744171-th.jpg",
    "categories": ["health-beauty"],
    "tags": ["personal-care-hygiene", "help-quit-smoking"],
    "locations": {
      "vic": {
        "price": 36,
        "promoText": "Was $40.00 on Feb 2020 ",
        "packageSize": "80 pack",
        "packagePrice": "$0.45 per 1Ea"
      }
    }
  },
  {
    "id": "nicorette-gum-icy-mint-4mg-8790950p",
    "brand": "Nicorette",
    "name": "Icy Mint Gum",
    "imageUrl": "https://shop.coles.com.au/wcsstore/Coles-CAS/images/8/7/9/8790950-th.jpg",
    "categories": ["health-beauty"],
    "tags": ["personal-care-hygiene", "help-quit-smoking"],
    "locations": {
      "vic": {
        "price": 29,
        "promoText": " ",
        "packageSize": "75 pack",
        "packagePrice": "$29.00 per 1ea"
      }
    }
  },
  {
    "id": "nicorette-cooldrops-regular-strength-icy-mint-lozenges",
    "brand": "Nicorette",
    "name": "Cooldrops Regular Strength Icy Mint Lozenges",
    "imageUrl": "https://shop.coles.com.au/wcsstore/Coles-CAS/images/1/7/4/1744150-th.jpg",
    "categories": ["health-beauty"],
    "tags": ["personal-care-hygiene", "help-quit-smoking"],
    "locations": {
      "vic": {
        "price": 36,
        "promoText": "Was $40.00 on Feb 2020 ",
        "packageSize": "80 pack",
        "packagePrice": "$0.45 per 1Ea"
      }
    }
  },
  {
    "id": "herron-nicaway-nicotine-lozenge-4mg-72pk",
    "brand": "Herron Nicaway",
    "name": "Nicotine Lozenge 4mg",
    "imageUrl": "https://shop.coles.com.au/wcsstore/Coles-CAS/images/3/0/5/3058437-th.jpg",
    "categories": ["health-beauty"],
    "tags": ["personal-care-hygiene", "help-quit-smoking"],
    "locations": {
      "vic": {
        "price": 20,
        "promoText": " ",
        "packageSize": "72 pack",
        "packagePrice": "$0.28 per 1Ea"
      }
    }
  },
  {
    "id": "herron-nicaway-nicotine-lozenge-2mg",
    "brand": "Herron Nicaway",
    "name": "Nicotine Lozenge 2mg",
    "imageUrl": "https://shop.coles.com.au/wcsstore/Coles-CAS/images/3/0/5/3058390-th.jpg",
    "categories": ["health-beauty"],
    "tags": ["personal-care-hygiene", "help-quit-smoking"],
    "locations": {
      "vic": {
        "price": 20,
        "promoText": " ",
        "packageSize": "72 pack",
        "packagePrice": "$0.28 per 1Ea"
      }
    }
  },
  {
    "id": "nicabate-minis-mint-mint-lozenges-15mg",
    "brand": "Nicabate",
    "name": "Mini Mint Lozenges 1.5mg",
    "imageUrl": "https://shop.coles.com.au/wcsstore/Coles-CAS/images/6/9/9/6998870-th.jpg",
    "categories": ["health-beauty"],
    "tags": ["personal-care-hygiene", "help-quit-smoking"],
    "locations": {
      "vic": {
        "price": 33.2,
        "promoText": " ",
        "packageSize": "60 pack",
        "packagePrice": "$0.55 per 1Ea"
      }
    }
  },
  {
    "id": "nicabate-minis-mint-lozenges-4mg",
    "brand": "Nicabate",
    "name": "Minis Quit Smoking Lozenge 4mg",
    "imageUrl": "https://shop.coles.com.au/wcsstore/Coles-CAS/images/7/0/0/7003867-th.jpg",
    "categories": ["health-beauty"],
    "tags": ["personal-care-hygiene", "help-quit-smoking"],
    "locations": {
      "vic": {
        "price": 33.2,
        "promoText": " ",
        "packageSize": "60 Pack",
        "packagePrice": "$0.55 per 1Ea"
      }
    }
  },
  {
    "id": "nicabate-minis-mint-lozenges-4mg-7003834p",
    "brand": "Nicabate",
    "name": "Minis Quit Smoking Lozenge 4mg",
    "imageUrl": "https://shop.coles.com.au/wcsstore/Coles-CAS/images/7/0/0/7003834-th.jpg",
    "categories": ["health-beauty"],
    "tags": ["personal-care-hygiene", "help-quit-smoking"],
    "locations": {
      "vic": {
        "price": 12.8,
        "promoText": " ",
        "packageSize": "20 pack",
        "packagePrice": "$0.64 per 1Ea"
      }
    }
  },
  {
    "id": "nicabate-cq-patches-clear-21mg",
    "brand": "Nicabate",
    "name": "Clear Patch Quit Smoking Step 1 21mg Patches",
    "imageUrl": "https://shop.coles.com.au/wcsstore/Coles-CAS/images/5/0/6/5069321-th.jpg",
    "categories": ["health-beauty"],
    "tags": ["personal-care-hygiene", "help-quit-smoking"],
    "locations": {
      "vic": {
        "price": 35,
        "promoText": " ",
        "packageSize": "7 pack",
        "packagePrice": "$5.00 per 1Ea"
      }
    }
  },
  {
    "id": "nicabate-cq-patches-clear-14mg",
    "brand": "Nicabate",
    "name": "Clear Patch Quit Smoking Step 2 Patches 14mg",
    "imageUrl": "https://shop.coles.com.au/wcsstore/Coles-CAS/images/5/0/6/5069310-th.jpg",
    "categories": ["health-beauty"],
    "tags": ["personal-care-hygiene", "help-quit-smoking"],
    "locations": {
      "vic": {
        "price": 35,
        "promoText": " ",
        "packageSize": "7 pack",
        "packagePrice": "$5.00 per 1Ea"
      }
    }
  },
  {
    "id": "nicabate-gum-4mg-extra-fresh-mint",
    "brand": "Nicabate",
    "name": "Extra Fresh Mint Gum Quit Smoking 4mg",
    "imageUrl": "https://shop.coles.com.au/wcsstore/Coles-CAS/images/2/8/3/2837471-th.jpg",
    "categories": ["health-beauty"],
    "tags": ["personal-care-hygiene", "help-quit-smoking"],
    "locations": {
      "vic": {
        "price": 28,
        "promoText": "Was $34.00 on Apr 2019 ",
        "packageSize": "100 pack",
        "packagePrice": "$0.28 per 1Ea"
      }
    }
  },
  {
    "id": "nicabate-gum-2mg-extra-fresh-mint",
    "brand": "Nicabate",
    "name": "Extra Fresh 2mg Gum",
    "imageUrl": "https://shop.coles.com.au/wcsstore/Coles-CAS/images/2/8/3/2837450-th.jpg",
    "categories": ["health-beauty"],
    "tags": ["personal-care-hygiene", "help-quit-smoking"],
    "locations": {
      "vic": {
        "price": 28,
        "promoText": "Was $34.00 on Apr 2019 ",
        "packageSize": "100 pack",
        "packagePrice": "$0.28 per 1Ea"
      }
    }
  },
  {
    "id": "nicabate-chewing-gum-2mg-3x10",
    "brand": "Nicabate",
    "name": "Chewing Gum 2mg 3x10",
    "imageUrl": "https://shop.coles.com.au/wcsstore/Coles-CAS/images/3/7/3/3733620-th.jpg",
    "categories": ["health-beauty"],
    "tags": ["personal-care-hygiene", "help-quit-smoking"],
    "locations": {
      "vic": {
        "price": 13,
        "promoText": " ",
        "packageSize": "30 pack",
        "packagePrice": "$0.43 per 1Ea"
      }
    }
  },
  {
    "id": "nicabate-minimint-loz-1-5mg-20",
    "brand": "Nicabate",
    "name": "Minimint Loz 1.5mg 20",
    "imageUrl": "https://shop.coles.com.au/wcsstore/Coles-CAS/images/3/7/3/3734565-th.jpg",
    "categories": ["health-beauty"],
    "tags": ["personal-care-hygiene", "help-quit-smoking"],
    "locations": {
      "vic": {
        "price": 12.8,
        "promoText": " ",
        "packageSize": "20 pack",
        "packagePrice": "$0.64 per 1Ea"
      }
    }
  },
  {
    "id": "nicabate-chewing-gum-4mg-3x10",
    "brand": "Nicabate",
    "name": "Chewing Gum 4mg 3x10",
    "imageUrl": "https://shop.coles.com.au/wcsstore/Coles-CAS/images/3/7/3/3733610-th.jpg",
    "categories": ["health-beauty"],
    "tags": ["personal-care-hygiene", "help-quit-smoking"],
    "locations": {
      "vic": {
        "price": 13,
        "promoText": " ",
        "packageSize": "30 pack",
        "packagePrice": "$0.43 per 1Ea"
      }
    }
  },
  {
    "id": "nicorette-gum-icy-mint-2mg",
    "brand": "Nicorette",
    "name": "Icy Mint Gum 2 mg",
    "imageUrl": "https://shop.coles.com.au/wcsstore/Coles-CAS/images/8/7/9/8790949-th.jpg",
    "categories": ["health-beauty"],
    "tags": ["personal-care-hygiene", "help-quit-smoking"],
    "locations": {
      "vic": {
        "price": 29,
        "promoText": " ",
        "packageSize": "75 pack",
        "packagePrice": "$29.00 per 1ea"
      }
    }
  },
  {
    "id": "nicorette-gum-classic-4mg",
    "brand": "Nicorette",
    "name": "Classic Gum",
    "imageUrl": "https://shop.coles.com.au/wcsstore/Coles-CAS/images/8/7/9/8791078-th.jpg",
    "categories": ["health-beauty"],
    "tags": ["personal-care-hygiene", "help-quit-smoking"],
    "locations": {
      "vic": {
        "price": 29,
        "promoText": " ",
        "packageSize": "75 pack",
        "packagePrice": "$29.00 per 1ea"
      }
    }
  },
  {
    "id": "nicorette-gum-classic-2mg",
    "brand": "Nicorette",
    "name": "Classic Gum",
    "imageUrl": "https://shop.coles.com.au/wcsstore/Coles-CAS/images/8/7/9/8791067-th.jpg",
    "categories": ["health-beauty"],
    "tags": ["personal-care-hygiene", "help-quit-smoking"],
    "locations": {
      "vic": {
        "price": 29,
        "promoText": " ",
        "packageSize": "75 pack",
        "packagePrice": "$29.00 per 1ea"
      }
    }
  },
  {
    "id": "nicorette-gum-icy-mint-2mg-2838113p",
    "brand": "Nicorette",
    "name": "Icy Mint Gum 2mg",
    "imageUrl": "https://shop.coles.com.au/wcsstore/Coles-CAS/images/2/8/3/2838113-th.jpg",
    "categories": ["health-beauty"],
    "tags": ["personal-care-hygiene", "help-quit-smoking"],
    "locations": {
      "vic": {
        "price": 48,
        "promoText": "Was $51.00 on Feb 2020 ",
        "packageSize": "150 pack",
        "packagePrice": "$0.32 per 1Ea"
      }
    }
  },
  {
    "id": "nicorette-gum-icy-mint-4mg-2838190p",
    "brand": "Nicorette",
    "name": "Icy Mint Gum 4mg",
    "imageUrl": "https://shop.coles.com.au/wcsstore/Coles-CAS/images/2/8/3/2838190-th.jpg",
    "categories": ["health-beauty"],
    "tags": ["personal-care-hygiene", "help-quit-smoking"],
    "locations": {
      "vic": {
        "price": 48,
        "promoText": "Was $51.00 on Feb 2020 ",
        "packageSize": "150 pack",
        "packagePrice": "$0.32 per 1Ea"
      }
    }
  },
  {
    "id": "nicorette-invisipatch-step-1-25mg-7-pack",
    "brand": "Nicorette",
    "name": "Invisipatch Step 1 25mg",
    "imageUrl": "https://shop.coles.com.au/wcsstore/Coles-CAS/images/2/8/6/2864769-th.jpg",
    "categories": ["health-beauty"],
    "tags": ["personal-care-hygiene", "help-quit-smoking"],
    "locations": {
      "vic": {
        "price": 30,
        "promoText": "Was $33.50 on Apr 2020 ",
        "packageSize": "7 pack",
        "packagePrice": "$4.29 per 1Ea"
      }
    }
  },
  {
    "id": "nicorette-quickmist-freshmint-duo-26-4ml",
    "brand": "Nicorette",
    "name": "Quickmist Freshmint Duo Spray 26.4mL",
    "imageUrl": "https://shop.coles.com.au/wcsstore/Coles-CAS/images/3/7/3/3733664-th.jpg",
    "categories": ["health-beauty"],
    "tags": ["personal-care-hygiene", "help-quit-smoking"],
    "locations": {
      "vic": {
        "price": 60,
        "promoText": "Was $66.99 on Apr 2020 ",
        "packageSize": "2 pack",
        "packagePrice": "$30.00 per 1Ea"
      }
    }
  },
  {
    "id": "nicorette-coldrops-freshfruit-2mg-80",
    "brand": "Nicorette",
    "name": "Cooldrops Freshfruit 2mg",
    "imageUrl": "https://shop.coles.com.au/wcsstore/Coles-CAS/images/3/7/3/3733700-th.jpg",
    "categories": ["health-beauty"],
    "tags": ["personal-care-hygiene", "help-quit-smoking"],
    "locations": {
      "vic": {
        "price": 36,
        "promoText": "Was $39.99 on Apr 2020 ",
        "packageSize": "80 pack",
        "packagePrice": "$0.45 per 1Ea"
      }
    }
  },
  {
    "id": "nicorette-coldrops-freshfruit-4mg-80-pack",
    "brand": "Nicorette",
    "name": "Cooldrops Freshfruit 4mg",
    "imageUrl": "https://shop.coles.com.au/wcsstore/Coles-CAS/images/3/7/3/3733697-th.jpg",
    "categories": ["health-beauty"],
    "tags": ["personal-care-hygiene", "help-quit-smoking"],
    "locations": {
      "vic": {
        "price": 36,
        "promoText": "Was $39.99 on Apr 2020 ",
        "packageSize": "80 pack",
        "packagePrice": "$0.45 per 1Ea"
      }
    }
  },
  {
    "id": "durex-lubricant-play-massage",
    "brand": "Durex",
    "name": "Play & Massage Lubricant",
    "imageUrl": "https://shop.coles.com.au/wcsstore/Coles-CAS/images/5/7/8/5787405-th.jpg",
    "categories": ["health-beauty"],
    "tags": ["personal-care-hygiene", "contraception-sexual-health"],
    "locations": {
      "vic": {
        "price": 10,
        "promoText": "2 for $15",
        "packageSize": "200mL",
        "packagePrice": "$5.00 per 100mL"
      }
    }
  },
  {
    "id": "ky-personal-lubricant",
    "brand": "KY",
    "name": "Personal Lubricant",
    "imageUrl": "https://shop.coles.com.au/wcsstore/Coles-CAS/images/6/0/7/6079706-th.jpg",
    "categories": ["health-beauty"],
    "tags": ["personal-care-hygiene", "contraception-sexual-health"],
    "locations": {
      "vic": {
        "price": 10,
        "promoText": " ",
        "packageSize": "100g",
        "packagePrice": "$10.00 per 100G"
      }
    }
  },
  {
    "id": "durex-strawberry-100ml",
    "brand": "Durex",
    "name": "Strawberry Lubricant",
    "imageUrl": "https://shop.coles.com.au/wcsstore/Coles-CAS/images/3/7/3/3734157-th.jpg",
    "categories": ["health-beauty"],
    "tags": ["personal-care-hygiene", "contraception-sexual-health"],
    "locations": {
      "vic": {
        "price": 7.99,
        "promoText": "Any 2 $12",
        "packageSize": "100mL",
        "packagePrice": "$7.99 per 100mL"
      }
    }
  },
  {
    "id": "four-seasons-naked-closer-condoms-12-pack",
    "brand": "Four Seasons",
    "name": "Naked Closer Condoms",
    "imageUrl": "https://shop.coles.com.au/wcsstore/Coles-CAS/images/3/7/3/3733529-th.jpg",
    "categories": ["health-beauty"],
    "tags": ["personal-care-hygiene", "contraception-sexual-health"],
    "locations": {
      "vic": {
        "price": 5.6,
        "promoText": "$1.40 ",
        "packageSize": "12 pack",
        "packagePrice": "$0.47 per 1Ea"
      }
    }
  },
  {
    "id": "astroglide-personal-lubricant",
    "brand": "Astroglide",
    "name": "Personal Lubricant & Vaginal Moisturiser",
    "imageUrl": "https://shop.coles.com.au/wcsstore/Coles-CAS/images/3/4/1/3410290-th.jpg",
    "categories": ["health-beauty"],
    "tags": ["personal-care-hygiene", "contraception-sexual-health"],
    "locations": {
      "vic": {
        "price": 10,
        "promoText": " ",
        "packageSize": "74mL",
        "packagePrice": "$13.51 per 100mL"
      }
    }
  },
  {
    "id": "ky-personal-lubricant-442723p",
    "brand": "Durex",
    "name": "KY Jelly Personal Lubricant",
    "imageUrl": "https://shop.coles.com.au/wcsstore/Coles-CAS/images/4/4/2/442723-th.jpg",
    "categories": ["health-beauty"],
    "tags": ["personal-care-hygiene", "contraception-sexual-health"],
    "locations": {
      "vic": {
        "price": 5.5,
        "promoText": " ",
        "packageSize": "50g",
        "packagePrice": "$11.00 per 100G"
      }
    }
  },
  {
    "id": "durex-fetherlite-ultra-thin-condoms",
    "brand": "Durex",
    "name": "Fetherlite Ultra Thin Feel Condoms",
    "imageUrl": "https://shop.coles.com.au/wcsstore/Coles-CAS/images/2/8/6/2862300-th.jpg",
    "categories": ["health-beauty"],
    "tags": ["personal-care-hygiene", "contraception-sexual-health"],
    "locations": {
      "vic": {
        "price": 6.8,
        "promoText": "Any 2 $10",
        "packageSize": "10 pack",
        "packagePrice": "$0.68 per 1Ea"
      }
    }
  },
  {
    "id": "durex-regular-condoms",
    "brand": "Durex",
    "name": "Regular Condoms Original",
    "imageUrl": "https://shop.coles.com.au/wcsstore/Coles-CAS/images/2/8/6/2862402-th.jpg",
    "categories": ["health-beauty"],
    "tags": ["personal-care-hygiene", "contraception-sexual-health"],
    "locations": {
      "vic": {
        "price": 15,
        "promoText": "Was $17.00 on Oct 2018 ",
        "packageSize": "30 pack",
        "packagePrice": "$0.50 per 1Ea"
      }
    }
  },
  {
    "id": "durex-regular-condoms-2862388p",
    "brand": "Durex",
    "name": "Regular Condoms Original",
    "imageUrl": "https://shop.coles.com.au/wcsstore/Coles-CAS/images/2/8/6/2862388-th.jpg",
    "categories": ["health-beauty"],
    "tags": ["personal-care-hygiene", "contraception-sexual-health"],
    "locations": {
      "vic": {
        "price": 6.5,
        "promoText": "Any 2 $10",
        "packageSize": "10 pack",
        "packagePrice": "$0.65 per 1Ea"
      }
    }
  },
  {
    "id": "durex-pleasure-me-condoms-10-pack",
    "brand": "Durex",
    "name": "Pleasure Me Condoms",
    "imageUrl": "https://shop.coles.com.au/wcsstore/Coles-CAS/images/2/8/6/2861771-th.jpg",
    "categories": ["health-beauty"],
    "tags": ["personal-care-hygiene", "contraception-sexual-health"],
    "locations": {
      "vic": {
        "price": 6.5,
        "promoText": "Any 2 $10",
        "packageSize": "10 pack",
        "packagePrice": "$0.65 per 1Ea"
      }
    }
  },
  {
    "id": "durex-climax-stimulating-condom-6-pack",
    "brand": "Durex",
    "name": "Climax Stimulating Condom",
    "imageUrl": "https://shop.coles.com.au/wcsstore/Coles-CAS/images/2/8/6/2861750-th.jpg",
    "categories": ["health-beauty"],
    "tags": ["personal-care-hygiene", "contraception-sexual-health"],
    "locations": {
      "vic": {
        "price": 0,
        "promoText": " ",
        "packageSize": "6 pack",
        "packagePrice": ""
      }
    }
  },
  {
    "id": "durex-fetherlite-ultra-thin-condoms-2862297p",
    "brand": "Durex",
    "name": "Fetherlite Ultra Thin Feel Condoms",
    "imageUrl": "https://shop.coles.com.au/wcsstore/Coles-CAS/images/2/8/6/2862297-th.jpg",
    "categories": ["health-beauty"],
    "tags": ["personal-care-hygiene", "contraception-sexual-health"],
    "locations": {
      "vic": {
        "price": 15,
        "promoText": "Was $17.00 on Oct 2018 ",
        "packageSize": "30 pack",
        "packagePrice": "$0.50 per 1Ea"
      }
    }
  },
  {
    "id": "durex-pleasure-me-condoms-2862446p",
    "brand": "Durex",
    "name": "Pleasure Me Condoms",
    "imageUrl": "https://shop.coles.com.au/wcsstore/Coles-CAS/images/2/8/6/2862446-th.jpg",
    "categories": ["health-beauty"],
    "tags": ["personal-care-hygiene", "contraception-sexual-health"],
    "locations": {
      "vic": {
        "price": 15,
        "promoText": "Was $17.00 on Oct 2018 ",
        "packageSize": "30 pack",
        "packagePrice": "$0.50 per 1Ea"
      }
    }
  },
  {
    "id": "durex-naturals-intimate-gel",
    "brand": "Durex",
    "name": "Naturals Intimate Gel Moisturising Lubricant",
    "imageUrl": "https://shop.coles.com.au/wcsstore/Coles-CAS/images/3/1/6/3163883-th.jpg",
    "categories": ["health-beauty"],
    "tags": ["personal-care-hygiene", "contraception-sexual-health"],
    "locations": {
      "vic": {
        "price": 14,
        "promoText": "Was $15.00 on Nov 2018 ",
        "packageSize": "100mL",
        "packagePrice": "$14.00 per 100mL"
      }
    }
  },
  {
    "id": "durex-play-fel-100ml",
    "brand": "Durex",
    "name": "Play Feel Lubricant",
    "imageUrl": "https://shop.coles.com.au/wcsstore/Coles-CAS/images/3/7/3/3734430-th.jpg",
    "categories": ["health-beauty"],
    "tags": ["personal-care-hygiene", "contraception-sexual-health"],
    "locations": {
      "vic": {
        "price": 7.99,
        "promoText": "Any 2 $12",
        "packageSize": "100mL",
        "packagePrice": "$7.99 per 100mL"
      }
    }
  },
  {
    "id": "durex-fetherlite-ultra-extra-lube-10-pack",
    "brand": "Durex",
    "name": "Fetherlite Ultra Extra Lube Condoms",
    "imageUrl": "https://shop.coles.com.au/wcsstore/Coles-CAS/images/3/7/3/3734124-th.jpg",
    "categories": ["health-beauty"],
    "tags": ["personal-care-hygiene", "contraception-sexual-health"],
    "locations": {
      "vic": {
        "price": 10.99,
        "promoText": "Any 2 $15",
        "packageSize": "10 pack",
        "packagePrice": "$1.10 per 1Ea"
      }
    }
  },
  {
    "id": "durex-fetherlite-ultra-10s",
    "brand": "Durex",
    "name": "Fetherlite Ultra Thin Condoms",
    "imageUrl": "https://shop.coles.com.au/wcsstore/Coles-CAS/images/3/7/3/3734102-th.jpg",
    "categories": ["health-beauty"],
    "tags": ["personal-care-hygiene", "contraception-sexual-health"],
    "locations": {
      "vic": {
        "price": 10.99,
        "promoText": "Any 2 $15",
        "packageSize": "10 pack",
        "packagePrice": "$1.10 per 1Ea"
      }
    }
  },
  {
    "id": "durex-fruity-10-pack",
    "brand": "Durex",
    "name": "Fruity Fun Flavoured Condoms",
    "imageUrl": "https://shop.coles.com.au/wcsstore/Coles-CAS/images/3/7/3/3734146-th.jpg",
    "categories": ["health-beauty"],
    "tags": ["personal-care-hygiene", "contraception-sexual-health"],
    "locations": {
      "vic": {
        "price": 6.99,
        "promoText": "Any 2 $10",
        "packageSize": "10 pack",
        "packagePrice": "$0.70 per 1Ea"
      }
    }
  },
  {
    "id": "four-seasons-lubricant-glow-in-dark",
    "brand": "Four Seasons",
    "name": "Glow In Dark Lubricant",
    "imageUrl": "https://shop.coles.com.au/wcsstore/Coles-CAS/images/4/9/3/4933931-th.jpg",
    "categories": ["health-beauty"],
    "tags": ["personal-care-hygiene", "contraception-sexual-health"],
    "locations": {
      "vic": {
        "price": 6.2,
        "promoText": " ",
        "packageSize": "100mL",
        "packagePrice": "$6.20 per 100mL"
      }
    }
  },
  {
    "id": "four-seasons-naked-larger-condoms-12-pack",
    "brand": "Four Seasons",
    "name": "Naked Larger Condoms",
    "imageUrl": "https://shop.coles.com.au/wcsstore/Coles-CAS/images/3/7/3/3733471-th.jpg",
    "categories": ["health-beauty"],
    "tags": ["personal-care-hygiene", "contraception-sexual-health"],
    "locations": {
      "vic": {
        "price": 7,
        "promoText": " ",
        "packageSize": "12 pack",
        "packagePrice": "$0.58 per 1Ea"
      }
    }
  },
  {
    "id": "four-seasons-naked-classic-condoms-12-pack",
    "brand": "Four Seasons",
    "name": "Naked Classic Condoms",
    "imageUrl": "https://shop.coles.com.au/wcsstore/Coles-CAS/images/3/7/3/3733482-th.jpg",
    "categories": ["health-beauty"],
    "tags": ["personal-care-hygiene", "contraception-sexual-health"],
    "locations": {
      "vic": {
        "price": 7,
        "promoText": " ",
        "packageSize": "12 pack",
        "packagePrice": "$0.58 per 1Ea"
      }
    }
  },
  {
    "id": "ansell-personal-lubricant",
    "brand": "LifeStyles",
    "name": "Silky Smooth Lubricant",
    "imageUrl": "https://shop.coles.com.au/wcsstore/Coles-CAS/images/7/0/6/7068170-th.jpg",
    "categories": ["health-beauty"],
    "tags": ["personal-care-hygiene", "contraception-sexual-health"],
    "locations": {
      "vic": {
        "price": 7,
        "promoText": " ",
        "packageSize": "100g",
        "packagePrice": "$7.00 per 100G"
      }
    }
  },
  {
    "id": "ansell-lifestyles-skyne-large-condoms",
    "brand": "LifeStyles",
    "name": "Skyn Large Comfortable Fit Condoms",
    "imageUrl": "https://shop.coles.com.au/wcsstore/Coles-CAS/images/9/9/3/9932732-th.jpg",
    "categories": ["health-beauty"],
    "tags": ["personal-care-hygiene", "contraception-sexual-health"],
    "locations": {
      "vic": {
        "price": 10,
        "promoText": " ",
        "packageSize": "10 Pack",
        "packagePrice": "$1.00 per 1Ea"
      }
    }
  },
  {
    "id": "ansell-lifestyles-lubricant-infiniti",
    "brand": "LifeStyles",
    "name": "Luxe Silicone Lubricant",
    "imageUrl": "https://shop.coles.com.au/wcsstore/Coles-CAS/images/9/1/3/9133230-th.jpg",
    "categories": ["health-beauty"],
    "tags": ["personal-care-hygiene", "contraception-sexual-health"],
    "locations": {
      "vic": {
        "price": 10,
        "promoText": " ",
        "packageSize": "100mL",
        "packagePrice": "$10.00 per 100mL"
      }
    }
  },
  {
    "id": "lifestyles-zero-condoms",
    "brand": "LifeStyles",
    "name": "Uber Thin Zero Condoms",
    "imageUrl": "https://shop.coles.com.au/wcsstore/Coles-CAS/images/3/1/6/3163963-th.jpg",
    "categories": ["health-beauty"],
    "tags": ["personal-care-hygiene", "contraception-sexual-health"],
    "locations": {
      "vic": {
        "price": 8,
        "promoText": "$2.00 ",
        "packageSize": "10 pack",
        "packagePrice": "$0.80 per 1Ea"
      }
    }
  },
  {
    "id": "ansell-lifestyles-zero-condoms",
    "brand": "Lifestyles",
    "name": "Zero Uber Thin Condoms",
    "imageUrl": "https://shop.coles.com.au/wcsstore/Coles-CAS/images/9/9/3/9932765-th.jpg",
    "categories": ["health-beauty"],
    "tags": ["personal-care-hygiene", "contraception-sexual-health"],
    "locations": {
      "vic": {
        "price": 16.5,
        "promoText": " ",
        "packageSize": "20 pack",
        "packagePrice": "$0.83 per 1Ea"
      }
    }
  },
  {
    "id": "lifestyles-party-mix-condoms-3434459p",
    "brand": "Lifestyles",
    "name": "Party Mix Condoms",
    "imageUrl": "https://shop.coles.com.au/wcsstore/Coles-CAS/images/3/4/3/3434459-th.jpg",
    "categories": ["health-beauty"],
    "tags": ["personal-care-hygiene", "contraception-sexual-health"],
    "locations": {
      "vic": {
        "price": 9.9,
        "promoText": "Was $11.00 on Sep 2019 ",
        "packageSize": "20 pack",
        "packagePrice": "$0.50 per 1Ea"
      }
    }
  },
  {
    "id": "lifestyles-ultra-thin-condoms",
    "brand": "Lifestyles",
    "name": "Ultra Thin Condoms",
    "imageUrl": "https://shop.coles.com.au/wcsstore/Coles-CAS/images/3/4/3/3434437-th.jpg",
    "categories": ["health-beauty"],
    "tags": ["personal-care-hygiene", "contraception-sexual-health"],
    "locations": {
      "vic": {
        "price": 9.9,
        "promoText": "Was $11.00 on Sep 2019 ",
        "packageSize": "20 pack",
        "packagePrice": "$0.50 per 1Ea"
      }
    }
  },
  {
    "id": "lifestyles-regular-condoms",
    "brand": "Lifestyles",
    "name": "Regular Condoms",
    "imageUrl": "https://shop.coles.com.au/wcsstore/Coles-CAS/images/3/4/3/3434299-th.jpg",
    "categories": ["health-beauty"],
    "tags": ["personal-care-hygiene", "contraception-sexual-health"],
    "locations": {
      "vic": {
        "price": 6.5,
        "promoText": " ",
        "packageSize": "10 pack",
        "packagePrice": "$0.65 per 1Ea"
      }
    }
  },
  {
    "id": "lifestyles-regular-condoms-3434460p",
    "brand": "Lifestyles",
    "name": "Regular Condoms",
    "imageUrl": "https://shop.coles.com.au/wcsstore/Coles-CAS/images/3/4/3/3434460-th.jpg",
    "categories": ["health-beauty"],
    "tags": ["personal-care-hygiene", "contraception-sexual-health"],
    "locations": {
      "vic": {
        "price": 9.9,
        "promoText": "Was $11.00 on Sep 2019 ",
        "packageSize": "20 pack",
        "packagePrice": "$0.50 per 1Ea"
      }
    }
  },
  {
    "id": "lifestyles-large-condoms",
    "brand": "Lifestyles",
    "name": "Large Condoms",
    "imageUrl": "https://shop.coles.com.au/wcsstore/Coles-CAS/images/3/4/3/3434390-th.jpg",
    "categories": ["health-beauty"],
    "tags": ["personal-care-hygiene", "contraception-sexual-health"],
    "locations": {
      "vic": {
        "price": 6.5,
        "promoText": " ",
        "packageSize": "10 pack",
        "packagePrice": "$0.65 per 1Ea"
      }
    }
  },
  {
    "id": "naturopathica-tablets-horny-goat-weed-for-him",
    "brand": "Naturopathica",
    "name": "Horny Goat Weed for Him Tablets",
    "imageUrl": "https://shop.coles.com.au/wcsstore/Coles-CAS/images/9/6/7/9670873-th.jpg",
    "categories": ["health-beauty"],
    "tags": ["personal-care-hygiene", "contraception-sexual-health"],
    "locations": {
      "vic": {
        "price": 40,
        "promoText": " ",
        "packageSize": "50 pack",
        "packagePrice": "$0.80 per 1Ea"
      }
    }
  },
  {
    "id": "ansell-lifestyles-skyn-condoms",
    "brand": "SKYN",
    "name": "Original Condoms",
    "imageUrl": "https://shop.coles.com.au/wcsstore/Coles-CAS/images/8/6/8/8683483-th.jpg",
    "categories": ["health-beauty"],
    "tags": ["personal-care-hygiene", "contraception-sexual-health"],
    "locations": {
      "vic": {
        "price": 15,
        "promoText": "$2.00 ",
        "packageSize": "20 Pack",
        "packagePrice": "$0.75 per 1Ea"
      }
    }
  },
  {
    "id": "ansell-lifestyles-skyn-extra-lubricated-condoms",
    "brand": "SKYN",
    "name": "Extra Lubricated Condoms",
    "imageUrl": "https://shop.coles.com.au/wcsstore/Coles-CAS/images/9/1/2/9128150-th.jpg",
    "categories": ["health-beauty"],
    "tags": ["personal-care-hygiene", "contraception-sexual-health"],
    "locations": {
      "vic": {
        "price": 10,
        "promoText": " ",
        "packageSize": "10 Pack",
        "packagePrice": "$1.00 per 1Ea"
      }
    }
  },
  {
    "id": "ansell-skyn-elite-condoms",
    "brand": "SKYN",
    "name": "Elite Condoms",
    "imageUrl": "https://shop.coles.com.au/wcsstore/Coles-CAS/images/2/8/6/2867938-th.jpg",
    "categories": ["health-beauty"],
    "tags": ["personal-care-hygiene", "contraception-sexual-health"],
    "locations": {
      "vic": {
        "price": 10,
        "promoText": " ",
        "packageSize": "10 Pack",
        "packagePrice": "$1.00 per 1Ea"
      }
    }
  },
  {
    "id": "ansell-condoms-skyn",
    "brand": "Skyn",
    "name": "Original Condoms",
    "imageUrl": "https://shop.coles.com.au/wcsstore/Coles-CAS/images/7/8/1/7813630-th.jpg",
    "categories": ["health-beauty"],
    "tags": ["personal-care-hygiene", "contraception-sexual-health"],
    "locations": {
      "vic": {
        "price": 10,
        "promoText": " ",
        "packageSize": "10 Pack",
        "packagePrice": "$1.00 per 1Ea"
      }
    }
  },
  {
    "id": "skyn-maximum-performance-lubricant-80ml",
    "brand": "Skyn",
    "name": "Maximum Performance Lubricant",
    "imageUrl": "https://shop.coles.com.au/wcsstore/Coles-CAS/images/3/7/3/3734328-th.jpg",
    "categories": ["health-beauty"],
    "tags": ["personal-care-hygiene", "contraception-sexual-health"],
    "locations": {
      "vic": {
        "price": 10,
        "promoText": " ",
        "packageSize": "80mL",
        "packagePrice": "$12.50 per 100mL"
      }
    }
  },
  {
    "id": "skyn-natural-harmony-lubricant-80ml",
    "brand": "Skyn",
    "name": "Natural Harmony Lubricant",
    "imageUrl": "https://shop.coles.com.au/wcsstore/Coles-CAS/images/3/7/3/3734317-th.jpg",
    "categories": ["health-beauty"],
    "tags": ["personal-care-hygiene", "contraception-sexual-health"],
    "locations": {
      "vic": {
        "price": 8,
        "promoText": "$2.00 ",
        "packageSize": "80mL",
        "packagePrice": "$10.00 per 100mL"
      }
    }
  },
  {
    "id": "skyn-get-fresh-wipes-30pk",
    "brand": "Skyn",
    "name": "Get Fresh Wipes",
    "imageUrl": "https://shop.coles.com.au/wcsstore/Coles-CAS/images/3/7/3/3734292-th.jpg",
    "categories": ["health-beauty"],
    "tags": ["personal-care-hygiene", "contraception-sexual-health"],
    "locations": {
      "vic": {
        "price": 8,
        "promoText": " ",
        "packageSize": "30 pack",
        "packagePrice": "$0.27 per 1Ea"
      }
    }
  },
  {
    "id": "vaseline-petroleum-jelly-102190p",
    "brand": "Vaseline",
    "name": "Petroleum Jelly Original",
    "imageUrl": "https://shop.coles.com.au/wcsstore/Coles-CAS/images/1/0/2/102190-th.jpg",
    "categories": ["health-beauty"],
    "tags": ["personal-care-hygiene", "contraception-sexual-health"],
    "locations": {
      "vic": {
        "price": 4,
        "promoText": " ",
        "packageSize": "100g",
        "packagePrice": "$4.00 per 100G"
      }
    }
  },
  {
    "id": "wet-stuff-personal-lubricant",
    "brand": "Wet Stuff",
    "name": "Personal Lubricant",
    "imageUrl": "https://shop.coles.com.au/wcsstore/Coles-CAS/images/9/5/1/9511803-th.jpg",
    "categories": ["health-beauty"],
    "tags": ["personal-care-hygiene", "contraception-sexual-health"],
    "locations": {
      "vic": {
        "price": 8.5,
        "promoText": " ",
        "packageSize": "270g",
        "packagePrice": "$3.15 per 100G"
      }
    }
  },
  {
    "id": "clearblue-pregnancy-triple-check",
    "brand": "Clearblue",
    "name": "Triple Check Pregnancy Test Combo pack",
    "imageUrl": "https://shop.coles.com.au/wcsstore/Coles-CAS/images/3/4/5/3453362-th.jpg",
    "categories": ["health-beauty"],
    "tags": ["personal-care-hygiene", "pregnancy-tests"],
    "locations": {
      "vic": {
        "price": 25,
        "promoText": " ",
        "packageSize": "3 pack",
        "packagePrice": "$8.33 per 1Ea"
      }
    }
  },
  {
    "id": "clearblue-digital-pregnancy-test",
    "brand": "Clearblue",
    "name": "Digital Pregnancy Test Kit",
    "imageUrl": "https://shop.coles.com.au/wcsstore/Coles-CAS/images/5/0/4/5047260-th.jpg",
    "categories": ["health-beauty"],
    "tags": ["personal-care-hygiene", "pregnancy-tests"],
    "locations": {
      "vic": {
        "price": 17,
        "promoText": " ",
        "packageSize": "1 pack",
        "packagePrice": "$17.00 per 1Ea"
      }
    }
  },
  {
    "id": "clearblue-pregnancy-visual-plu-midstream",
    "brand": "Clearblue",
    "name": "Visual Plus Pregnancy Test Kit",
    "imageUrl": "https://shop.coles.com.au/wcsstore/Coles-CAS/images/2/8/6/2862479-th.jpg",
    "categories": ["health-beauty"],
    "tags": ["personal-care-hygiene", "pregnancy-tests"],
    "locations": {
      "vic": {
        "price": 17,
        "promoText": " ",
        "packageSize": "3 pack",
        "packagePrice": "$5.67 per 1Ea"
      }
    }
  },
  {
    "id": "clearblue-pregnancy-digital",
    "brand": "Clearblue",
    "name": "Digital Pregnancy Test Kit",
    "imageUrl": "https://shop.coles.com.au/wcsstore/Coles-CAS/images/2/8/6/2862480-th.jpg",
    "categories": ["health-beauty"],
    "tags": ["personal-care-hygiene", "pregnancy-tests"],
    "locations": {
      "vic": {
        "price": 23,
        "promoText": " ",
        "packageSize": "2 pack",
        "packagePrice": "$11.50 per 1Ea"
      }
    }
  },
  {
    "id": "clearblue-pregnancy-visual-plus-midstream",
    "brand": "Clearblue",
    "name": "Visual Plus Pregnancy Test Kit",
    "imageUrl": "https://shop.coles.com.au/wcsstore/Coles-CAS/images/2/8/6/2862468-th.jpg",
    "categories": ["health-beauty"],
    "tags": ["personal-care-hygiene", "pregnancy-tests"],
    "locations": {
      "vic": {
        "price": 9,
        "promoText": " ",
        "packageSize": "1 pack",
        "packagePrice": "$9.00 per 1Ea"
      }
    }
  },
  {
    "id": "clearblue-digital-ovulation-test",
    "brand": "Clearblue",
    "name": "Digital Ovulation Tests",
    "imageUrl": "https://shop.coles.com.au/wcsstore/Coles-CAS/images/2/8/6/2862515-th.jpg",
    "categories": ["health-beauty"],
    "tags": ["personal-care-hygiene", "pregnancy-tests"],
    "locations": {
      "vic": {
        "price": 35,
        "promoText": " ",
        "packageSize": "10 pack",
        "packagePrice": "$3.50 per 1Ea"
      }
    }
  },
  {
    "id": "clearblue-pregnancy-visual-early-detection",
    "brand": "Clearblue",
    "name": "Visual Early Detection Pregnancy Test Pack",
    "imageUrl": "https://shop.coles.com.au/wcsstore/Coles-CAS/images/3/4/2/3428037-th.jpg",
    "categories": ["health-beauty"],
    "tags": ["personal-care-hygiene", "pregnancy-tests"],
    "locations": {
      "vic": {
        "price": 18,
        "promoText": " ",
        "packageSize": "3 pack",
        "packagePrice": "$6.00 per 1Ea"
      }
    }
  },
  {
    "id": "coles-pregnancy-midstream-test-1-pack",
    "brand": "Coles",
    "name": "Midstream Pregnancy Test",
    "imageUrl": "https://shop.coles.com.au/wcsstore/Coles-CAS/images/3/1/1/3111416-th.jpg",
    "categories": ["health-beauty"],
    "tags": ["personal-care-hygiene", "pregnancy-tests"],
    "locations": {
      "vic": {
        "price": 6,
        "promoText": " ",
        "packageSize": "1 pack",
        "packagePrice": "$6.00 per 1Ea"
      }
    }
  },
  {
    "id": "coles-pregnancy-midstream-test-3-pack",
    "brand": "Coles",
    "name": "Midstream Pregnancy Test",
    "imageUrl": "https://shop.coles.com.au/wcsstore/Coles-CAS/images/3/1/1/3111427-th.jpg",
    "categories": ["health-beauty"],
    "tags": ["personal-care-hygiene", "pregnancy-tests"],
    "locations": {
      "vic": {
        "price": 10,
        "promoText": " ",
        "packageSize": "3 pack",
        "packagePrice": "$3.33 per 1Ea"
      }
    }
  },
  {
    "id": "first-response-pregancy-test-instream-7pk",
    "brand": "First Response",
    "name": "Pregnancy Test Instream",
    "imageUrl": "https://shop.coles.com.au/wcsstore/Coles-CAS/images/3/7/3/3733722-th.jpg",
    "categories": ["health-beauty"],
    "tags": ["personal-care-hygiene", "pregnancy-tests"],
    "locations": {
      "vic": {
        "price": 28,
        "promoText": " ",
        "packageSize": "7 pack",
        "packagePrice": "$4.00 per 1Ea"
      }
    }
  },
  {
    "id": "first-response-pregancy-test-instream-3-pack",
    "brand": "First Response",
    "name": "Pregnancy Test Instream",
    "imageUrl": "https://shop.coles.com.au/wcsstore/Coles-CAS/images/3/7/3/3733744-th.jpg",
    "categories": ["health-beauty"],
    "tags": ["personal-care-hygiene", "pregnancy-tests"],
    "locations": {
      "vic": {
        "price": 17,
        "promoText": " ",
        "packageSize": "3 pack",
        "packagePrice": "$5.67 per 1Ea"
      }
    }
  },
  {
    "id": "first-response-pregancy-test-instream-1-pack",
    "brand": "First Response",
    "name": "Pregnancy Test Instream",
    "imageUrl": "https://shop.coles.com.au/wcsstore/Coles-CAS/images/3/7/3/3733733-th.jpg",
    "categories": ["health-beauty"],
    "tags": ["personal-care-hygiene", "pregnancy-tests"],
    "locations": {
      "vic": {
        "price": 9,
        "promoText": " ",
        "packageSize": "1 pack",
        "packagePrice": "$9.00 per 1Ea"
      }
    }
  },
  {
    "id": "coles-shower-cap-",
    "brand": "Coles",
    "name": "Shower Cap",
    "imageUrl": "https://shop.coles.com.au/wcsstore/Coles-CAS/images/3/5/2/3523413-th.jpg",
    "categories": ["health-beauty"],
    "tags": ["shower-bath-care", "bath-accessories"],
    "locations": {
      "vic": {
        "price": 2,
        "promoText": " ",
        "packageSize": "1 pack",
        "packagePrice": "$2.00 per 1Ea"
      }
    }
  },
  {
    "id": "coles-shower-puff-shower-puff-on-rope",
    "brand": "Coles",
    "name": "Shower Puff On Rope",
    "imageUrl": "https://shop.coles.com.au/wcsstore/Coles-CAS/images/3/5/2/3523399-th.jpg",
    "categories": ["health-beauty"],
    "tags": ["shower-bath-care", "bath-accessories"],
    "locations": {
      "vic": {
        "price": 2.5,
        "promoText": " ",
        "packageSize": "",
        "packagePrice": "$2.50 per 1Ea"
      }
    }
  },
  {
    "id": "coles-natural-loofah-body-sponge",
    "brand": "Coles",
    "name": "Body Sponge Loofah",
    "imageUrl": "https://shop.coles.com.au/wcsstore/Coles-CAS/images/3/5/2/3523446-th.jpg",
    "categories": ["health-beauty"],
    "tags": ["shower-bath-care", "bath-accessories"],
    "locations": {
      "vic": {
        "price": 7,
        "promoText": " ",
        "packageSize": "1 pack",
        "packagePrice": "$7.00 per 1Ea"
      }
    }
  },
  {
    "id": "coles-foot-brush-with-pumice",
    "brand": "Coles",
    "name": "Foot Brush & Pumice",
    "imageUrl": "https://shop.coles.com.au/wcsstore/Coles-CAS/images/3/5/2/3523479-th.jpg",
    "categories": ["health-beauty"],
    "tags": ["shower-bath-care", "bath-accessories"],
    "locations": {
      "vic": {
        "price": 7,
        "promoText": " ",
        "packageSize": "1 pack",
        "packagePrice": "$7.00 per 1Ea"
      }
    }
  },
  {
    "id": "coles-cleansing-mitt-",
    "brand": "Coles",
    "name": "Cleansing Mitt",
    "imageUrl": "https://shop.coles.com.au/wcsstore/Coles-CAS/images/3/5/2/3523457-th.jpg",
    "categories": ["health-beauty"],
    "tags": ["shower-bath-care", "bath-accessories"],
    "locations": {
      "vic": {
        "price": 5,
        "promoText": " ",
        "packageSize": "1 pack",
        "packagePrice": "$5.00 per 1Ea"
      }
    }
  },
  {
    "id": "coles-ergonomic-pumice-ergonomic-pumice-stone",
    "brand": "Coles",
    "name": "Ergonomic Pumice Stone",
    "imageUrl": "https://shop.coles.com.au/wcsstore/Coles-CAS/images/3/5/2/3523402-th.jpg",
    "categories": ["health-beauty"],
    "tags": ["shower-bath-care", "bath-accessories"],
    "locations": {
      "vic": {
        "price": 4,
        "promoText": " ",
        "packageSize": "",
        "packagePrice": "$4.00 per 1Ea"
      }
    }
  },
  {
    "id": "coles-dual-cleansing-pad",
    "brand": "Coles",
    "name": "Dual Sided Cleansing Pad",
    "imageUrl": "https://shop.coles.com.au/wcsstore/Coles-CAS/images/3/5/2/3523468-th.jpg",
    "categories": ["health-beauty"],
    "tags": ["shower-bath-care", "bath-accessories"],
    "locations": {
      "vic": {
        "price": 5,
        "promoText": " ",
        "packageSize": "1 pack",
        "packagePrice": "$5.00 per 1Ea"
      }
    }
  },
  {
    "id": "coles-brand-case-soap",
    "brand": "Coles",
    "name": "Soap Case",
    "imageUrl": "https://shop.coles.com.au/wcsstore/Coles-CAS/images/6/7/6/6762512-th.jpg",
    "categories": ["health-beauty"],
    "tags": ["shower-bath-care", "bath-accessories"],
    "locations": {
      "vic": {
        "price": 0,
        "promoText": " ",
        "packageSize": "",
        "packagePrice": ""
      }
    }
  },
  {
    "id": "coles-toothbrush-case-",
    "brand": "Coles",
    "name": "Toothbrush Case",
    "imageUrl": "https://shop.coles.com.au/wcsstore/Coles-CAS/images/3/5/9/3593780-th.jpg",
    "categories": ["health-beauty"],
    "tags": ["shower-bath-care", "bath-accessories"],
    "locations": {
      "vic": {
        "price": 1,
        "promoText": " ",
        "packageSize": "1 pack",
        "packagePrice": "$1.00 per 1Ea"
      }
    }
  },
  {
    "id": "coles-nail-brush-",
    "brand": "Coles",
    "name": "Double Sided Nail Brush",
    "imageUrl": "https://shop.coles.com.au/wcsstore/Coles-CAS/images/3/5/2/3523424-th.jpg",
    "categories": ["health-beauty"],
    "tags": ["shower-bath-care", "bath-accessories"],
    "locations": {
      "vic": {
        "price": 2,
        "promoText": " ",
        "packageSize": "1 pack",
        "packagePrice": "$2.00 per 1Ea"
      }
    }
  },
  {
    "id": "coles-bristle-bath-brush-",
    "brand": "Coles",
    "name": "Bristle Bath Brush",
    "imageUrl": "https://shop.coles.com.au/wcsstore/Coles-CAS/images/3/5/2/3523480-th.jpg",
    "categories": ["health-beauty"],
    "tags": ["shower-bath-care", "bath-accessories"],
    "locations": {
      "vic": {
        "price": 10,
        "promoText": " ",
        "packageSize": "1 pack",
        "packagePrice": "$10.00 per 1Ea"
      }
    }
  },
  {
    "id": "coles-exfoliating-gloves",
    "brand": "Coles",
    "name": "Exfoliating Gloves",
    "imageUrl": "https://shop.coles.com.au/wcsstore/Coles-CAS/images/3/5/2/3523435-th.jpg",
    "categories": ["health-beauty"],
    "tags": ["shower-bath-care", "bath-accessories"],
    "locations": {
      "vic": {
        "price": 4,
        "promoText": " ",
        "packageSize": "1 pack",
        "packagePrice": "$4.00 per 1Ea"
      }
    }
  },
  {
    "id": "nail-brush-",
    "brand": "Nail",
    "name": "Brush",
    "imageUrl": "https://shop.coles.com.au/wcsstore/ColesResponsiveStorefrontAssetStore/dist/ccfc54aed6e361b650bcf0582f7b576b/img/img_product-placeholder.png",
    "categories": ["health-beauty"],
    "tags": ["shower-bath-care", "bath-accessories"],
    "locations": {
      "vic": {
        "price": 2,
        "promoText": " ",
        "packageSize": "",
        "packagePrice": ""
      }
    }
  },
  {
    "id": "nivea-body-lotion-rich-nourishing",
    "brand": "Nivea",
    "name": "Rich Nourishing Body Lotion Moisturiser + Caring Almond Oil",
    "imageUrl": "https://shop.coles.com.au/wcsstore/Coles-CAS/images/7/1/9/7198992-th.jpg",
    "categories": ["health-beauty"],
    "tags": ["shower-bath-care", "body-lotion"],
    "locations": {
      "vic": {
        "price": 4,
        "promoText": "$4.00 ",
        "packageSize": "400mL",
        "packagePrice": "$1.00 per 100mL"
      }
    }
  },
  {
    "id": "nivea-express-hydration-body-lotion",
    "brand": "Nivea",
    "name": "Express Hydration Body Lotion Moisturiser",
    "imageUrl": "https://shop.coles.com.au/wcsstore/Coles-CAS/images/7/1/9/7199000-th.jpg",
    "categories": ["health-beauty"],
    "tags": ["shower-bath-care", "body-lotion"],
    "locations": {
      "vic": {
        "price": 4,
        "promoText": "$4.00 ",
        "packageSize": "400mL",
        "packagePrice": "$1.00 per 100mL"
      }
    }
  },
  {
    "id": "nivea-body-lotion-irresistibly-smooth",
    "brand": "Nivea",
    "name": "Irresistibly Smooth Body Lotion Moisturiser + Shea Butter",
    "imageUrl": "https://shop.coles.com.au/wcsstore/Coles-CAS/images/8/8/9/8898774-th.jpg",
    "categories": ["health-beauty"],
    "tags": ["shower-bath-care", "body-lotion"],
    "locations": {
      "vic": {
        "price": 4,
        "promoText": "$4.00 ",
        "packageSize": "400mL",
        "packagePrice": "$1.00 per 100mL"
      }
    }
  },
  {
    "id": "vaseline-intensive-care-dry-skin-moisturiser",
    "brand": "Vaseline",
    "name": "Intensive Care Body Lotion Deep Restore",
    "imageUrl": "https://shop.coles.com.au/wcsstore/Coles-CAS/images/9/4/9/9494759-th.jpg",
    "categories": ["health-beauty"],
    "tags": ["shower-bath-care", "body-lotion"],
    "locations": {
      "vic": {
        "price": 13,
        "promoText": " ",
        "packageSize": "750mL",
        "packagePrice": "$1.73 per 100mL"
      }
    }
  },
  {
    "id": "vaseline-lotion-aloe-fresh-hydrating-value-pack",
    "brand": "Vaseline",
    "name": "Intensive Care Aloe Soothe Body Lotion",
    "imageUrl": "https://shop.coles.com.au/wcsstore/Coles-CAS/images/9/8/3/9831892-th.jpg",
    "categories": ["health-beauty"],
    "tags": ["shower-bath-care", "body-lotion"],
    "locations": {
      "vic": {
        "price": 13,
        "promoText": " ",
        "packageSize": "750mL",
        "packagePrice": "$1.73 per 100mL"
      }
    }
  },
  {
    "id": "redwin-body-wash-extra-sensitive",
    "brand": "Redwin",
    "name": "Extra Sensitive Body Wash",
    "imageUrl": "https://shop.coles.com.au/wcsstore/Coles-CAS/images/9/8/1/9811272-th.jpg",
    "categories": ["health-beauty"],
    "tags": ["shower-bath-care", "body-lotion"],
    "locations": {
      "vic": {
        "price": 6,
        "promoText": "$6.00 ",
        "packageSize": "1L",
        "packagePrice": "$0.60 per 100mL"
      }
    }
  },
  {
    "id": "redwin-sorbolene-moisturiser-with-vitamin-e",
    "brand": "Redwin",
    "name": "Sorbolene Moisturiser with Vitamin E",
    "imageUrl": "https://shop.coles.com.au/wcsstore/Coles-CAS/images/5/4/9/5492398-th.jpg",
    "categories": ["health-beauty"],
    "tags": ["shower-bath-care", "body-lotion"],
    "locations": {
      "vic": {
        "price": 3.12,
        "promoText": "$3.13 ",
        "packageSize": "1L",
        "packagePrice": "$0.31 per 100mL"
      }
    }
  },
  {
    "id": "aveeno-lotion-skin-relief-fragrance-free",
    "brand": "Aveeno",
    "name": "Skin Relief Fragrance Free Moisturising Lotion",
    "imageUrl": "https://shop.coles.com.au/wcsstore/Coles-CAS/images/9/8/7/9873269-th.jpg",
    "categories": ["health-beauty"],
    "tags": ["shower-bath-care", "body-lotion"],
    "locations": {
      "vic": {
        "price": 13,
        "promoText": " ",
        "packageSize": "354mL",
        "packagePrice": "$3.67 per 100mL"
      }
    }
  },
  {
    "id": "bio-oil-specialist-skincare",
    "brand": "Bio-Oil",
    "name": "Specialist Skincare",
    "imageUrl": "https://shop.coles.com.au/wcsstore/Coles-CAS/images/6/5/7/6575741-th.jpg",
    "categories": ["health-beauty"],
    "tags": ["shower-bath-care", "body-lotion"],
    "locations": {
      "vic": {
        "price": 14.5,
        "promoText": " ",
        "packageSize": "60mL",
        "packagePrice": "$24.17 per 100mL"
      }
    }
  },
  {
    "id": "redwin-vitamin-e-cream",
    "brand": "Redwin",
    "name": "Vitamin E Cream",
    "imageUrl": "https://shop.coles.com.au/wcsstore/Coles-CAS/images/5/4/9/5492580-th.jpg",
    "categories": ["health-beauty"],
    "tags": ["shower-bath-care", "body-lotion"],
    "locations": {
      "vic": {
        "price": 3.15,
        "promoText": "$1.10 ",
        "packageSize": "300g",
        "packagePrice": "$1.05 per 100G"
      }
    }
  },
  {
    "id": "nivea-body-lotion-aloe-vera",
    "brand": "Nivea",
    "name": "Hydrating Body Lotion Moisturiser + Aloe Vera",
    "imageUrl": "https://shop.coles.com.au/wcsstore/Coles-CAS/images/3/7/2/3727140-th.jpg",
    "categories": ["health-beauty"],
    "tags": ["shower-bath-care", "body-lotion"],
    "locations": {
      "vic": {
        "price": 4,
        "promoText": "$4.00 ",
        "packageSize": "400mL",
        "packagePrice": "$1.00 per 100mL"
      }
    }
  },
  {
    "id": "aveena-daily-moisture-lotion",
    "brand": "Aveeno",
    "name": "Daily Moisturising Lotion",
    "imageUrl": "https://shop.coles.com.au/wcsstore/Coles-CAS/images/2/6/9/2690760-th.jpg",
    "categories": ["health-beauty"],
    "tags": ["shower-bath-care", "body-lotion"],
    "locations": {
      "vic": {
        "price": 17,
        "promoText": " ",
        "packageSize": "532mL",
        "packagePrice": "$3.20 per 100mL"
      }
    }
  },
  {
    "id": "palmers-coconut-oil-lotion",
    "brand": "Palmer's",
    "name": "Coconut Oil Lotion",
    "imageUrl": "https://shop.coles.com.au/wcsstore/Coles-CAS/images/2/4/5/2459590-th.jpg",
    "categories": ["health-beauty"],
    "tags": ["shower-bath-care", "body-lotion"],
    "locations": {
      "vic": {
        "price": 10,
        "promoText": " ",
        "packageSize": "400mL",
        "packagePrice": "$2.50 per 100mL"
      }
    }
  },
  {
    "id": "dove-body-lotion-restoring-ritual",
    "brand": "Dove",
    "name": "Restoring Ritual Body Lotion",
    "imageUrl": "https://shop.coles.com.au/wcsstore/Coles-CAS/images/3/5/3/3537214-th.jpg",
    "categories": ["health-beauty"],
    "tags": ["shower-bath-care", "body-lotion"],
    "locations": {
      "vic": {
        "price": 8.5,
        "promoText": " ",
        "packageSize": "400mL",
        "packagePrice": "$2.13 per 100mL"
      }
    }
  },
  {
    "id": "nivea-body-lotion-q10-firming",
    "brand": "Nivea",
    "name": "Firming Body Lotion Moisturiser + Q10 & Vitamin C",
    "imageUrl": "https://shop.coles.com.au/wcsstore/Coles-CAS/images/7/2/0/7200019-th.jpg",
    "categories": ["health-beauty"],
    "tags": ["shower-bath-care", "body-lotion"],
    "locations": {
      "vic": {
        "price": 5.25,
        "promoText": "$5.25 ",
        "packageSize": "400mL",
        "packagePrice": "$1.31 per 100mL"
      }
    }
  },
  {
    "id": "nivea-indulge-body-lotion-cocoa",
    "brand": "Nivea",
    "name": "Cocoa & Indulging  Body Lotion Moisturiser + Vitamin E",
    "imageUrl": "https://shop.coles.com.au/wcsstore/Coles-CAS/images/3/2/4/3240543-th.jpg",
    "categories": ["health-beauty"],
    "tags": ["shower-bath-care", "body-lotion"],
    "locations": {
      "vic": {
        "price": 4,
        "promoText": "$4.00 ",
        "packageSize": "400mL",
        "packagePrice": "$1.00 per 100mL"
      }
    }
  },
  {
    "id": "nivea-body-lotion-cocnut-monoi-oil",
    "brand": "Nivea",
    "name": "Oil in Lotion Coconut & Monoi Oil Scented Body Moisturiser",
    "imageUrl": "https://shop.coles.com.au/wcsstore/Coles-CAS/images/3/7/2/3727151-th.jpg",
    "categories": ["health-beauty"],
    "tags": ["shower-bath-care", "body-lotion"],
    "locations": {
      "vic": {
        "price": 5,
        "promoText": "$5.00 ",
        "packageSize": "400mL",
        "packagePrice": "$1.25 per 100mL"
      }
    }
  },
  {
    "id": "palmers-oil-body",
    "brand": "Palmer's",
    "name": "Moisturising Body Oil",
    "imageUrl": "https://shop.coles.com.au/wcsstore/Coles-CAS/images/6/8/8/6886548-th.jpg",
    "categories": ["health-beauty"],
    "tags": ["shower-bath-care", "body-lotion"],
    "locations": {
      "vic": {
        "price": 10,
        "promoText": " ",
        "packageSize": "250mL",
        "packagePrice": "$4.00 per 100mL"
      }
    }
  },
  {
    "id": "redwin-sorbolene-with-vitamin-e",
    "brand": "Redwin",
    "name": "Sorbolene With Vitamin E Moisturiser",
    "imageUrl": "https://shop.coles.com.au/wcsstore/Coles-CAS/images/5/4/9/5492682-th.jpg",
    "categories": ["health-beauty"],
    "tags": ["shower-bath-care", "body-lotion"],
    "locations": {
      "vic": {
        "price": 2.35,
        "promoText": "$0.80 ",
        "packageSize": "100g",
        "packagePrice": "$2.35 per 100G"
      }
    }
  },
  {
    "id": "dove-summer-glow-body-lotion-normal-to-darker-skin",
    "brand": "Dove",
    "name": "Summer Glow Body Lotion Medium To Dark Skin",
    "imageUrl": "https://shop.coles.com.au/wcsstore/Coles-CAS/images/5/4/6/5461361-th.jpg",
    "categories": ["health-beauty"],
    "tags": ["shower-bath-care", "body-lotion"],
    "locations": {
      "vic": {
        "price": 10.5,
        "promoText": " ",
        "packageSize": "400mL",
        "packagePrice": "$2.63 per 100mL"
      }
    }
  },
  {
    "id": "koi-body-souffle-coconut-jojoba-175g",
    "brand": "KOi",
    "name": "Body Butter Coconut & Jojoba 175g",
    "imageUrl": "https://shop.coles.com.au/wcsstore/Coles-CAS/images/3/7/2/3729226-th.jpg",
    "categories": ["health-beauty"],
    "tags": ["shower-bath-care", "body-lotion"],
    "locations": {
      "vic": {
        "price": 15,
        "promoText": " ",
        "packageSize": "",
        "packagePrice": "$8.57 per 100G"
      }
    }
  },
  {
    "id": "palmers-body-lotion-cocoa-butter-stretch-marks",
    "brand": "Palmer's",
    "name": "Cocoa Butter Stretch Marks Body Lotion",
    "imageUrl": "https://shop.coles.com.au/wcsstore/Coles-CAS/images/5/9/8/5986842-th.jpg",
    "categories": ["health-beauty"],
    "tags": ["shower-bath-care", "body-lotion"],
    "locations": {
      "vic": {
        "price": 15.7,
        "promoText": " ",
        "packageSize": "250mL",
        "packagePrice": "$6.28 per 100mL"
      }
    }
  },
  {
    "id": "vaseline-lotion-cocoa-butter-deep-conditioning-value-pack",
    "brand": "Vaseline",
    "name": "Intensive Care Cocoa Glow Body Lotion",
    "imageUrl": "https://shop.coles.com.au/wcsstore/Coles-CAS/images/7/4/5/7455858-th.jpg",
    "categories": ["health-beauty"],
    "tags": ["shower-bath-care", "body-lotion"],
    "locations": {
      "vic": {
        "price": 13,
        "promoText": " ",
        "packageSize": "750mL",
        "packagePrice": "$1.73 per 100mL"
      }
    }
  },
  {
    "id": "dove-nourishing--body-wash-triple-moisturising",
    "brand": "Dove",
    "name": "Triple Moisturising Body Wash",
    "imageUrl": "https://shop.coles.com.au/wcsstore/Coles-CAS/images/8/1/5/8152068-th.jpg",
    "categories": ["health-beauty"],
    "tags": ["shower-bath-care", "body-wash"],
    "locations": {
      "vic": {
        "price": 13.7,
        "promoText": " ",
        "packageSize": "1L",
        "packagePrice": "$1.37 per 100mL"
      }
    }
  },
  {
    "id": "radox-body-wash-coconut-rush",
    "brand": "Radox",
    "name": "Feel Heavenly with Coconut Extract Body Wash",
    "imageUrl": "https://shop.coles.com.au/wcsstore/Coles-CAS/images/5/1/2/5124452-th.jpg",
    "categories": ["health-beauty"],
    "tags": ["shower-bath-care", "body-wash"],
    "locations": {
      "vic": {
        "price": 7,
        "promoText": "Was $9.20 on Dec 2019 ",
        "packageSize": "1L",
        "packagePrice": "$0.70 per 100mL"
      }
    }
  },
  {
    "id": "dove-go-fresh-pear-aloe-vera-body-wash",
    "brand": "Dove",
    "name": "Pear and Aloe Vera Body Wash",
    "imageUrl": "https://shop.coles.com.au/wcsstore/Coles-CAS/images/3/0/0/3001236-th.jpg",
    "categories": ["health-beauty"],
    "tags": ["shower-bath-care", "body-wash"],
    "locations": {
      "vic": {
        "price": 13.7,
        "promoText": " ",
        "packageSize": "1L",
        "packagePrice": "$1.37 per 100mL"
      }
    }
  },
  {
    "id": "dettol-profresh-peach-raspberry-shower-gel-1878928p",
    "brand": "Dettol",
    "name": "Profresh Shower Gel Body Wash Peach and Raspberry",
    "imageUrl": "https://shop.coles.com.au/wcsstore/Coles-CAS/images/1/8/7/1878928-th.jpg",
    "categories": ["health-beauty"],
    "tags": ["shower-bath-care", "body-wash"],
    "locations": {
      "vic": {
        "price": 9.5,
        "promoText": " ",
        "packageSize": "950mL",
        "packagePrice": "$1.00 per 100mL"
      }
    }
  },
  {
    "id": "dettol-profresh-citrus-shower-gel",
    "brand": "Dettol",
    "name": "Profresh Shower Gel Body Wash Lemon and Lime",
    "imageUrl": "https://shop.coles.com.au/wcsstore/Coles-CAS/images/2/2/8/2289128-th.jpg",
    "categories": ["health-beauty"],
    "tags": ["shower-bath-care", "body-wash"],
    "locations": {
      "vic": {
        "price": 8.5,
        "promoText": " ",
        "packageSize": "950mL",
        "packagePrice": "$0.89 per 100mL"
      }
    }
  },
  {
    "id": "sapoderm-soap-medicated",
    "brand": "Dettol",
    "name": "Sapoderm Hygienic Soap for Acne Oily Skin 3 pack",
    "imageUrl": "https://shop.coles.com.au/wcsstore/Coles-CAS/images/2/3/4/234136-th.jpg",
    "categories": ["health-beauty"],
    "tags": ["shower-bath-care", "body-wash"],
    "locations": {
      "vic": {
        "price": 4.45,
        "promoText": " ",
        "packageSize": "375g",
        "packagePrice": "$1.19 per 100G"
      }
    }
  },
  {
    "id": "palmolive-naturals-shower-gel-anti-stress",
    "brand": "Palmolive",
    "name": "Anti-Stress Shower Gel",
    "imageUrl": "https://shop.coles.com.au/wcsstore/Coles-CAS/images/9/7/8/9788578-th.jpg",
    "categories": ["health-beauty"],
    "tags": ["shower-bath-care", "body-wash"],
    "locations": {
      "vic": {
        "price": 4,
        "promoText": "$1.40 ",
        "packageSize": "500mL",
        "packagePrice": "$0.80 per 100mL"
      }
    }
  },
  {
    "id": "palmolive-naturals-shower-gel-milk-honey-4767399p",
    "brand": "Palmolive",
    "name": "Milk & Honey Shower Gel",
    "imageUrl": "https://shop.coles.com.au/wcsstore/Coles-CAS/images/4/7/6/4767399-th.jpg",
    "categories": ["health-beauty"],
    "tags": ["shower-bath-care", "body-wash"],
    "locations": {
      "vic": {
        "price": 8.5,
        "promoText": "Was $9.49 on Jun 2011 ",
        "packageSize": "1L",
        "packagePrice": "$0.85 per 100mL"
      }
    }
  },
  {
    "id": "palmolive-naturals-shower-gel-pomegranate-mango",
    "brand": "Palmolive",
    "name": "Pomegranate & Mango Shower Gel",
    "imageUrl": "https://shop.coles.com.au/wcsstore/Coles-CAS/images/8/1/8/8180212-th.jpg",
    "categories": ["health-beauty"],
    "tags": ["shower-bath-care", "body-wash"],
    "locations": {
      "vic": {
        "price": 8.5,
        "promoText": "Was $9.49 on Jun 2011 ",
        "packageSize": "1L",
        "packagePrice": "$0.85 per 100mL"
      }
    }
  },
  {
    "id": "original-source-shower-gel-milk-raspberry",
    "brand": "Original Source",
    "name": "Vanilla & Raspberry Shower Gel",
    "imageUrl": "https://shop.coles.com.au/wcsstore/Coles-CAS/images/1/3/0/1303289-th.jpg",
    "categories": ["health-beauty"],
    "tags": ["shower-bath-care", "body-wash"],
    "locations": {
      "vic": {
        "price": 4,
        "promoText": " ",
        "packageSize": "250mL",
        "packagePrice": "$1.60 per 100mL"
      }
    }
  },
  {
    "id": "nivea-shower-indulgent-moisture-coconut",
    "brand": "Nivea",
    "name": "Coconut Indulgent Moisture Shower Gel and Body Wash",
    "imageUrl": "https://shop.coles.com.au/wcsstore/Coles-CAS/images/3/2/2/3227206-th.jpg",
    "categories": ["health-beauty"],
    "tags": ["shower-bath-care", "body-wash"],
    "locations": {
      "vic": {
        "price": 6.85,
        "promoText": "$6.85 ",
        "packageSize": "1L",
        "packagePrice": "$0.69 per 100mL"
      }
    }
  },
  {
    "id": "thankyou-body-wash-botnicl-cdrwd",
    "brand": "Thankyou",
    "name": "Botanical Cedarwood Body Wash",
    "imageUrl": "https://shop.coles.com.au/wcsstore/Coles-CAS/images/3/5/0/3509762-th.jpg",
    "categories": ["health-beauty"],
    "tags": ["shower-bath-care", "body-wash"],
    "locations": {
      "vic": {
        "price": 8,
        "promoText": " ",
        "packageSize": "500mL",
        "packagePrice": "$1.60 per 100mL"
      }
    }
  },
  {
    "id": "palmolive-naturals-shower-gel-hydrating",
    "brand": "Palmolive",
    "name": "Hydrating Shower Gel",
    "imageUrl": "https://shop.coles.com.au/wcsstore/Coles-CAS/images/8/1/8/8180234-th.jpg",
    "categories": ["health-beauty"],
    "tags": ["shower-bath-care", "body-wash"],
    "locations": {
      "vic": {
        "price": 8.5,
        "promoText": "Was $9.49 on Jun 2011 ",
        "packageSize": "1L",
        "packagePrice": "$0.85 per 100mL"
      }
    }
  },
  {
    "id": "palmolive-mens-active-shower-gel",
    "brand": "Palmolive",
    "name": "Men Active Shower Gel",
    "imageUrl": "https://shop.coles.com.au/wcsstore/Coles-CAS/images/2/2/7/2274765-th.jpg",
    "categories": ["health-beauty"],
    "tags": ["shower-bath-care", "body-wash"],
    "locations": {
      "vic": {
        "price": 4,
        "promoText": "$1.40 ",
        "packageSize": "500mL",
        "packagePrice": "$0.80 per 100mL"
      }
    }
  },
  {
    "id": "original-source-shower-gel-mint-tea-tree",
    "brand": "Original Source",
    "name": "Tingly Mint & Tea Tree Shower Gel",
    "imageUrl": "https://shop.coles.com.au/wcsstore/Coles-CAS/images/7/6/7/7678728-th.jpg",
    "categories": ["health-beauty"],
    "tags": ["shower-bath-care", "body-wash"],
    "locations": {
      "vic": {
        "price": 4,
        "promoText": " ",
        "packageSize": "250mL",
        "packagePrice": "$1.60 per 100mL"
      }
    }
  },
  {
    "id": "original-source-shower-gel-pink-grapefruit",
    "brand": "Original Source",
    "name": "Coconut & Shea Butter Shower Gel",
    "imageUrl": "https://shop.coles.com.au/wcsstore/Coles-CAS/images/2/2/7/2274550-th.jpg",
    "categories": ["health-beauty"],
    "tags": ["shower-bath-care", "body-wash"],
    "locations": {
      "vic": {
        "price": 4,
        "promoText": " ",
        "packageSize": "250mL",
        "packagePrice": "$1.60 per 100mL"
      }
    }
  },
  {
    "id": "radox-body-wash-oxygen-4569760p",
    "brand": "Radox",
    "name": "Feel Oxygenated Shower Gel Body Wash",
    "imageUrl": "https://shop.coles.com.au/wcsstore/Coles-CAS/images/4/5/6/4569760-th.jpg",
    "categories": ["health-beauty"],
    "tags": ["shower-bath-care", "body-wash"],
    "locations": {
      "vic": {
        "price": 7,
        "promoText": "Was $9.20 on Dec 2019 ",
        "packageSize": "1L",
        "packagePrice": "$0.70 per 100mL"
      }
    }
  },
  {
    "id": "thankyou-mint-spring-flowers-body-wash",
    "brand": "Thankyou",
    "name": "Mint & Spring Flowers Body Wash",
    "imageUrl": "https://shop.coles.com.au/wcsstore/Coles-CAS/images/1/8/0/1801479-th.jpg",
    "categories": ["health-beauty"],
    "tags": ["shower-bath-care", "body-wash"],
    "locations": {
      "vic": {
        "price": 8,
        "promoText": " ",
        "packageSize": "500mL",
        "packagePrice": "$1.60 per 100mL"
      }
    }
  },
  {
    "id": "aveeno-skin-relief-body-wash",
    "brand": "Aveeno",
    "name": "Active Naturals Skin Relief Body Wash",
    "imageUrl": "https://shop.coles.com.au/wcsstore/Coles-CAS/images/3/5/1/3514445-th.jpg",
    "categories": ["health-beauty"],
    "tags": ["shower-bath-care", "body-wash"],
    "locations": {
      "vic": {
        "price": 15,
        "promoText": "Was $19.00 on Sep 2019 ",
        "packageSize": "532mL",
        "packagePrice": "$2.82 per 100mL"
      }
    }
  },
  {
    "id": "dove-nourishing-bodywash-fresh-touch",
    "brand": "Dove",
    "name": "Nourishing Body Wash Fresh Touch",
    "imageUrl": "https://shop.coles.com.au/wcsstore/Coles-CAS/images/9/2/1/9218252-th.jpg",
    "categories": ["health-beauty"],
    "tags": ["shower-bath-care", "body-wash"],
    "locations": {
      "vic": {
        "price": 13.7,
        "promoText": " ",
        "packageSize": "1L",
        "packagePrice": "$1.37 per 100mL"
      }
    }
  },
  {
    "id": "dove-nourishing-secrets-body-wash-restoring",
    "brand": "Dove",
    "name": "Nourishing Secrets Restoring Coconut Body Wash",
    "imageUrl": "https://shop.coles.com.au/wcsstore/Coles-CAS/images/3/4/6/3466058-th.jpg",
    "categories": ["health-beauty"],
    "tags": ["shower-bath-care", "body-wash"],
    "locations": {
      "vic": {
        "price": 13.7,
        "promoText": " ",
        "packageSize": "1L",
        "packagePrice": "$13.70 per 1L"
      }
    }
  },
  {
    "id": "health-basics-body-wash-dermaplus",
    "brand": "Health Basics",
    "name": "Dermaplus Body Wash",
    "imageUrl": "https://shop.coles.com.au/wcsstore/Coles-CAS/images/5/1/0/5103306-th.jpg",
    "categories": ["health-beauty"],
    "tags": ["shower-bath-care", "body-wash"],
    "locations": {
      "vic": {
        "price": 8,
        "promoText": " ",
        "packageSize": "1L",
        "packagePrice": "$0.80 per 100mL"
      }
    }
  },
  {
    "id": "palmolive-naturals-shower-gel-chery-blossom",
    "brand": "Palmolive",
    "name": "Chery Blossom Shower Gel",
    "imageUrl": "https://shop.coles.com.au/wcsstore/Coles-CAS/images/8/1/8/8180223-th.jpg",
    "categories": ["health-beauty"],
    "tags": ["shower-bath-care", "body-wash"],
    "locations": {
      "vic": {
        "price": 8.5,
        "promoText": "Was $9.49 on Jun 2011 ",
        "packageSize": "1L",
        "packagePrice": "$0.85 per 100mL"
      }
    }
  },
  {
    "id": "palmolive-naturals-shower-gel-antistress",
    "brand": "Palmolive",
    "name": "Anti-Stress Shower Gel",
    "imageUrl": "https://shop.coles.com.au/wcsstore/Coles-CAS/images/7/5/5/7556695-th.jpg",
    "categories": ["health-beauty"],
    "tags": ["shower-bath-care", "body-wash"],
    "locations": {
      "vic": {
        "price": 8.5,
        "promoText": "Was $9.49 on Jun 2011 ",
        "packageSize": "1L",
        "packagePrice": "$0.85 per 100mL"
      }
    }
  },
  {
    "id": "sukin-botanical-body-wash-bergamot-patchouli",
    "brand": "Sukin",
    "name": "Botanical Body Wash Bergamot & Patchouli",
    "imageUrl": "https://shop.coles.com.au/wcsstore/Coles-CAS/images/3/7/1/3714353-th.jpg",
    "categories": ["health-beauty"],
    "tags": ["shower-bath-care", "body-wash"],
    "locations": {
      "vic": {
        "price": 9.95,
        "promoText": " ",
        "packageSize": "500mL",
        "packagePrice": "$1.99 per 100mL"
      }
    }
  },
  {
    "id": "dove-body-wash-triple-moisturising",
    "brand": "Dove",
    "name": "Deeply Nourishing Body Wash Triple Moisturising",
    "imageUrl": "https://shop.coles.com.au/wcsstore/Coles-CAS/images/4/2/6/4262188-th.jpg",
    "categories": ["health-beauty"],
    "tags": ["shower-bath-care", "body-wash"],
    "locations": {
      "vic": {
        "price": 5.75,
        "promoText": "Was $7.50 on Sep 2017 ",
        "packageSize": "375mL",
        "packagePrice": "$1.53 per 100mL"
      }
    }
  },
  {
    "id": "lynx-shower-gel-africa",
    "brand": "Lynx",
    "name": "Men Body Wash Africa",
    "imageUrl": "https://shop.coles.com.au/wcsstore/Coles-CAS/images/5/1/0/5103995-th.jpg",
    "categories": ["health-beauty"],
    "tags": ["shower-bath-care", "body-wash"],
    "locations": {
      "vic": {
        "price": 4,
        "promoText": "$2.00 ",
        "packageSize": "400mL",
        "packagePrice": "$1.00 per 100mL"
      }
    }
  },
  {
    "id": "original-source-shower-gel-lime",
    "brand": "Original Source",
    "name": "Lime Shower Gel",
    "imageUrl": "https://shop.coles.com.au/wcsstore/Coles-CAS/images/7/6/7/7678761-th.jpg",
    "categories": ["health-beauty"],
    "tags": ["shower-bath-care", "body-wash"],
    "locations": {
      "vic": {
        "price": 4,
        "promoText": " ",
        "packageSize": "250mL",
        "packagePrice": "$1.60 per 100mL"
      }
    }
  },
  {
    "id": "thankyou-rosewood-geranium-body-wash",
    "brand": "Thankyou",
    "name": "Rosewood & Geranium Body Wash",
    "imageUrl": "https://shop.coles.com.au/wcsstore/Coles-CAS/images/2/2/9/2292290-th.jpg",
    "categories": ["health-beauty"],
    "tags": ["shower-bath-care", "body-wash"],
    "locations": {
      "vic": {
        "price": 8,
        "promoText": " ",
        "packageSize": "500mL",
        "packagePrice": "$1.60 per 100mL"
      }
    }
  },
  {
    "id": "dove-body-wash-go-fresh-pear-aloe-vera",
    "brand": "Dove",
    "name": "Pear & Aloe Vera Body Wash",
    "imageUrl": "https://shop.coles.com.au/wcsstore/Coles-CAS/images/3/0/0/3001043-th.jpg",
    "categories": ["health-beauty"],
    "tags": ["shower-bath-care", "body-wash"],
    "locations": {
      "vic": {
        "price": 5.75,
        "promoText": "Was $7.50 on Jan 2019 ",
        "packageSize": "375mL",
        "packagePrice": "$1.53 per 100mL"
      }
    }
  },
  {
    "id": "johnsons-moisturising-cream-body-wash",
    "brand": "Johnson's",
    "name": "Moisturising Cream Body Wash",
    "imageUrl": "https://shop.coles.com.au/wcsstore/Coles-CAS/images/9/2/1/9216869-th.jpg",
    "categories": ["health-beauty"],
    "tags": ["shower-bath-care", "body-wash"],
    "locations": {
      "vic": {
        "price": 8.5,
        "promoText": "Was $10.00 on Sep 2018 ",
        "packageSize": "1L",
        "packagePrice": "$0.85 per 100mL"
      }
    }
  },
  {
    "id": "natures-commonscents-goats-milk-body-wash",
    "brand": "Natures Commonscents",
    "name": "Goats Milk Body Wash",
    "imageUrl": "https://shop.coles.com.au/wcsstore/Coles-CAS/images/2/2/7/2274470-th.jpg",
    "categories": ["health-beauty"],
    "tags": ["shower-bath-care", "body-wash"],
    "locations": {
      "vic": {
        "price": 7.5,
        "promoText": " ",
        "packageSize": "600mL",
        "packagePrice": "$1.25 per 100mL"
      }
    }
  },
  {
    "id": "nivea-shower-indulgent-moisture-soft",
    "brand": "Nivea",
    "name": "Rich Moisture Soft Shower Gel & Body Wash",
    "imageUrl": "https://shop.coles.com.au/wcsstore/Coles-CAS/images/3/2/2/3227217-th.jpg",
    "categories": ["health-beauty"],
    "tags": ["shower-bath-care", "body-wash"],
    "locations": {
      "vic": {
        "price": 6.85,
        "promoText": "$6.85 ",
        "packageSize": "1L",
        "packagePrice": "$0.69 per 100mL"
      }
    }
  },
  {
    "id": "palmers-body-wash-coconut-indulging",
    "brand": "Palmer's",
    "name": "Coconut Indulging Body Wash",
    "imageUrl": "https://shop.coles.com.au/wcsstore/Coles-CAS/images/1/3/0/1302162-th.jpg",
    "categories": ["health-beauty"],
    "tags": ["shower-bath-care", "body-wash"],
    "locations": {
      "vic": {
        "price": 6,
        "promoText": " ",
        "packageSize": "400mL",
        "packagePrice": "$1.50 per 100mL"
      }
    }
  },
  {
    "id": "palmolive-naturals-shower-gel-milk-shea-butter",
    "brand": "Palmolive",
    "name": "Shea Butter Shower Gel",
    "imageUrl": "https://shop.coles.com.au/wcsstore/Coles-CAS/images/5/1/1/5113809-th.jpg",
    "categories": ["health-beauty"],
    "tags": ["shower-bath-care", "body-wash"],
    "locations": {
      "vic": {
        "price": 4,
        "promoText": "$1.40 ",
        "packageSize": "500mL",
        "packagePrice": "$0.80 per 100mL"
      }
    }
  },
  {
    "id": "palmolive-naturals-shower-gel-milk-honey-9071960p",
    "brand": "Palmolive",
    "name": "Milk & Honey Shower Gel",
    "imageUrl": "https://shop.coles.com.au/wcsstore/Coles-CAS/images/9/0/7/9071960-th.jpg",
    "categories": ["health-beauty"],
    "tags": ["shower-bath-care", "body-wash"],
    "locations": {
      "vic": {
        "price": 4,
        "promoText": "$1.40 ",
        "packageSize": "500mL",
        "packagePrice": "$0.80 per 100mL"
      }
    }
  },
  {
    "id": "palmolive-naturals-black-orchid-shower-gel-1879239p",
    "brand": "Palmolive",
    "name": "Naturals Black Orchid Shower Gel",
    "imageUrl": "https://shop.coles.com.au/wcsstore/Coles-CAS/images/1/8/7/1879239-th.jpg",
    "categories": ["health-beauty"],
    "tags": ["shower-bath-care", "body-wash"],
    "locations": {
      "vic": {
        "price": 4,
        "promoText": "$1.40 ",
        "packageSize": "500mL",
        "packagePrice": "$0.80 per 100mL"
      }
    }
  },
  {
    "id": "palmolive-naturals-mens-active-shower-gel",
    "brand": "Palmolive",
    "name": "Men Active Shower Gel",
    "imageUrl": "https://shop.coles.com.au/wcsstore/Coles-CAS/images/8/6/9/8692371-th.jpg",
    "categories": ["health-beauty"],
    "tags": ["shower-bath-care", "body-wash"],
    "locations": {
      "vic": {
        "price": 8.5,
        "promoText": "Was $9.49 on Jun 2011 ",
        "packageSize": "1L",
        "packagePrice": "$0.85 per 100mL"
      }
    }
  },
  {
    "id": "palmolive-naturals-shower-gel-argan-oil",
    "brand": "Palmolive",
    "name": "Naturals Moroccan Argan Oil Conditioning Body Wash",
    "imageUrl": "https://shop.coles.com.au/wcsstore/Coles-CAS/images/3/5/0/3509693-th.jpg",
    "categories": ["health-beauty"],
    "tags": ["shower-bath-care", "body-wash"],
    "locations": {
      "vic": {
        "price": 4,
        "promoText": "$1.40 ",
        "packageSize": "500mL",
        "packagePrice": "$0.80 per 100mL"
      }
    }
  },
  {
    "id": "velvet-sorbolene-soap",
    "brand": "Velvet",
    "name": "Sorbolene Soap",
    "imageUrl": "https://shop.coles.com.au/wcsstore/Coles-CAS/images/1/8/7/1878156-th.jpg",
    "categories": ["health-beauty"],
    "tags": ["shower-bath-care", "body-wash"],
    "locations": {
      "vic": {
        "price": 3.7,
        "promoText": " ",
        "packageSize": "2 pack",
        "packagePrice": "$1.85 per 1Ea"
      }
    }
  },
  {
    "id": "coles-revitalising-oxygen-burst-body-wash",
    "brand": "Coles",
    "name": "Revitalising Oxygen Burst Body Wash",
    "imageUrl": "https://shop.coles.com.au/wcsstore/Coles-CAS/images/2/2/9/2292869-th.jpg",
    "categories": ["health-beauty"],
    "tags": ["shower-bath-care", "body-wash"],
    "locations": {
      "vic": {
        "price": 4,
        "promoText": " ",
        "packageSize": "1L",
        "packagePrice": "$0.40 per 100mL"
      }
    }
  },
  {
    "id": "koi-body-wash-jasmine-sandalwood",
    "brand": "KOi",
    "name": "Jasmine & Sandalwood Body Wash",
    "imageUrl": "https://shop.coles.com.au/wcsstore/Coles-CAS/images/3/5/1/3519664-th.jpg",
    "categories": ["health-beauty"],
    "tags": ["shower-bath-care", "body-wash"],
    "locations": {
      "vic": {
        "price": 8,
        "promoText": " ",
        "packageSize": "500mL",
        "packagePrice": "$1.60 per 100mL"
      }
    }
  },
  {
    "id": "koi-body-scrub-coffee",
    "brand": "KOi",
    "name": "Arabica Coffee & Shea Butter Body Scrub",
    "imageUrl": "https://shop.coles.com.au/wcsstore/Coles-CAS/images/3/5/1/3519711-th.jpg",
    "categories": ["health-beauty"],
    "tags": ["shower-bath-care", "body-wash"],
    "locations": {
      "vic": {
        "price": 8,
        "promoText": " ",
        "packageSize": "200mL",
        "packagePrice": "$4.00 per 100mL"
      }
    }
  },
  {
    "id": "love-beauty-planet-sg-murmuru-butter-rose-oil",
    "brand": "Love Beauty And Planet",
    "name": "Murmuru Butter & Rose Aroma Body Wash",
    "imageUrl": "https://shop.coles.com.au/wcsstore/Coles-CAS/images/3/4/6/3462385-th.jpg",
    "categories": ["health-beauty"],
    "tags": ["shower-bath-care", "body-wash"],
    "locations": {
      "vic": {
        "price": 6.3,
        "promoText": "$2.70 ",
        "packageSize": "400mL",
        "packagePrice": "$1.58 per 100mL"
      }
    }
  },
  {
    "id": "lynx-body-wash-xbox",
    "brand": "Lynx",
    "name": "Xbox 3 In 1 Body Wash",
    "imageUrl": "https://shop.coles.com.au/wcsstore/Coles-CAS/images/3/5/8/3582842-th.jpg",
    "categories": ["health-beauty"],
    "tags": ["shower-bath-care", "body-wash"],
    "locations": {
      "vic": {
        "price": 4,
        "promoText": "$2.00 ",
        "packageSize": "400mL",
        "packagePrice": "$1.00 per 100mL"
      }
    }
  },
  {
    "id": "nivea-shower-creme-oils-cherry-blossom",
    "brand": "Nivea",
    "name": "Crème & Oil Pearls Cherry Blossom Shower Gel & Body Wash",
    "imageUrl": "https://shop.coles.com.au/wcsstore/Coles-CAS/images/3/2/2/3222520-th.jpg",
    "categories": ["health-beauty"],
    "tags": ["shower-bath-care", "body-wash"],
    "locations": {
      "vic": {
        "price": 2.8,
        "promoText": "$2.80 ",
        "packageSize": "250mL",
        "packagePrice": "$1.12 per 100mL"
      }
    }
  },
  {
    "id": "nivea-men-shower-gel-deep",
    "brand": "Nivea",
    "name": "Men Deep Clean Shower Gel & Body Wash",
    "imageUrl": "https://shop.coles.com.au/wcsstore/Coles-CAS/images/3/2/3/3234370-th.jpg",
    "categories": ["health-beauty"],
    "tags": ["shower-bath-care", "body-wash"],
    "locations": {
      "vic": {
        "price": 6,
        "promoText": "Was $7.50 on Sep 2018 ",
        "packageSize": "500mL",
        "packagePrice": "$1.20 per 100mL"
      }
    }
  },
  {
    "id": "nivea-shower-clay-fresh-blue-agave-lavendar",
    "brand": "Nivea",
    "name": "Clay Fresh Blue Agave & Lavender Shower Gel & Body Wash",
    "imageUrl": "https://shop.coles.com.au/wcsstore/Coles-CAS/images/3/5/1/3515380-th.jpg",
    "categories": ["health-beauty"],
    "tags": ["shower-bath-care", "body-wash"],
    "locations": {
      "vic": {
        "price": 2.8,
        "promoText": "$2.80 ",
        "packageSize": "250mL",
        "packagePrice": "$1.12 per 100mL"
      }
    }
  },
  {
    "id": "nivea-shower-hawaii-flower-oil-500ml",
    "brand": "Nivea",
    "name": "Hawaiian Flower & Oil Shower Gel & Body Wash",
    "imageUrl": "https://shop.coles.com.au/wcsstore/Coles-CAS/images/3/5/1/3515620-th.jpg",
    "categories": ["health-beauty"],
    "tags": ["shower-bath-care", "body-wash"],
    "locations": {
      "vic": {
        "price": 4,
        "promoText": "$4.00 ",
        "packageSize": "500mL",
        "packagePrice": "$0.80 per 100mL"
      }
    }
  },
  {
    "id": "organic-care-vanilla-ylang-ylang-moisturising-body-wash",
    "brand": "Organic Care",
    "name": "Vanilla Ylang Ylang Moisturising Body Wash",
    "imageUrl": "https://shop.coles.com.au/wcsstore/Coles-CAS/images/3/0/1/3013020-th.jpg",
    "categories": ["health-beauty"],
    "tags": ["shower-bath-care", "body-wash"],
    "locations": {
      "vic": {
        "price": 7,
        "promoText": " ",
        "packageSize": "725mL",
        "packagePrice": "$0.97 per 100mL"
      }
    }
  },
  {
    "id": "palmolive-naturals-shower-gel-milk-honey",
    "brand": "Palmolive",
    "name": "Naturals Milk & Honey Shower Gel",
    "imageUrl": "https://shop.coles.com.au/wcsstore/Coles-CAS/images/6/3/4/6346325-th.jpg",
    "categories": ["health-beauty"],
    "tags": ["shower-bath-care", "body-wash"],
    "locations": {
      "vic": {
        "price": 2,
        "promoText": " ",
        "packageSize": "100mL",
        "packagePrice": "$2.00 per 100mL"
      }
    }
  },
  {
    "id": "palmolive-naturals-shower-gel",
    "brand": "Palmolive",
    "name": "Naturals Hypoallergenic Mild & Sensitive Body Wash",
    "imageUrl": "https://shop.coles.com.au/wcsstore/Coles-CAS/images/3/5/1/3510230-th.jpg",
    "categories": ["health-beauty"],
    "tags": ["shower-bath-care", "body-wash"],
    "locations": {
      "vic": {
        "price": 8.5,
        "promoText": "Was $9.49 on Jun 2011 ",
        "packageSize": "1L",
        "packagePrice": "$0.85 per 100mL"
      }
    }
  },
  {
    "id": "palmolive-luminous-oils-sg-cocnut-oil-w-frangpani",
    "brand": "Palmolive",
    "name": "Luminous Oils Coconut Oil With Frangipani Body Wash",
    "imageUrl": "https://shop.coles.com.au/wcsstore/Coles-CAS/images/3/5/0/3509365-th.jpg",
    "categories": ["health-beauty"],
    "tags": ["shower-bath-care", "body-wash"],
    "locations": {
      "vic": {
        "price": 4.5,
        "promoText": "$1.50 ",
        "packageSize": "400mL",
        "packagePrice": "$1.13 per 100mL"
      }
    }
  },
  {
    "id": "sukin-botanical-body-wash-pineapple-coconut",
    "brand": "Sukin",
    "name": "Botanical Body Wash Pineapple & Coconut",
    "imageUrl": "https://shop.coles.com.au/wcsstore/Coles-CAS/images/3/7/1/3714331-th.jpg",
    "categories": ["health-beauty"],
    "tags": ["shower-bath-care", "body-wash"],
    "locations": {
      "vic": {
        "price": 9.95,
        "promoText": " ",
        "packageSize": "500mL",
        "packagePrice": "$1.99 per 100mL"
      }
    }
  },
  {
    "id": "thankyou-bath-body-oil-geranm-rose",
    "brand": "Thankyou",
    "name": "Botanical Geranium & Rosewood Bath & Body Oil",
    "imageUrl": "https://shop.coles.com.au/wcsstore/Coles-CAS/images/3/5/1/3512370-th.jpg",
    "categories": ["health-beauty"],
    "tags": ["shower-bath-care", "body-wash"],
    "locations": {
      "vic": {
        "price": 15,
        "promoText": " ",
        "packageSize": "100mL",
        "packagePrice": "$15.00 per 100mL"
      }
    }
  },
  {
    "id": "aveeno-naturals-bodywash-daily-moisturising",
    "brand": "Aveeno",
    "name": "Active Naturals Daily Moisturising Body Wash",
    "imageUrl": "https://shop.coles.com.au/wcsstore/Coles-CAS/images/7/5/0/7502801-th.jpg",
    "categories": ["health-beauty"],
    "tags": ["shower-bath-care", "body-wash"],
    "locations": {
      "vic": {
        "price": 10,
        "promoText": " ",
        "packageSize": "354mL",
        "packagePrice": "$2.82 per 100mL"
      }
    }
  },
  {
    "id": "badu-instant-hand-sanitiser-amber",
    "brand": "Badu",
    "name": "Instant Hand Sanitiser Amber",
    "imageUrl": "https://shop.coles.com.au/wcsstore/ColesResponsiveStorefrontAssetStore/dist/ccfc54aed6e361b650bcf0582f7b576b/img/img_product-placeholder.png",
    "categories": ["health-beauty"],
    "tags": ["shower-bath-care", "body-wash"],
    "locations": {
      "vic": {
        "price": 3.5,
        "promoText": " ",
        "packageSize": "60mL",
        "packagePrice": "$5.83 per 100mL"
      }
    }
  },
  {
    "id": "badu-instant-hand-sanitiser-clear",
    "brand": "Badu",
    "name": "Instant Hand Sanitiser Clear",
    "imageUrl": "https://shop.coles.com.au/wcsstore/ColesResponsiveStorefrontAssetStore/dist/ccfc54aed6e361b650bcf0582f7b576b/img/img_product-placeholder.png",
    "categories": ["health-beauty"],
    "tags": ["shower-bath-care", "body-wash"],
    "locations": {
      "vic": {
        "price": 3.5,
        "promoText": " ",
        "packageSize": "60mL",
        "packagePrice": "$5.83 per 100mL"
      }
    }
  },
  {
    "id": "badu-hand-sanitiser-gel-white-boston",
    "brand": "Badu",
    "name": "Hand Sanitiser Gel White Boston",
    "imageUrl": "https://shop.coles.com.au/wcsstore/ColesResponsiveStorefrontAssetStore/dist/ccfc54aed6e361b650bcf0582f7b576b/img/img_product-placeholder.png",
    "categories": ["health-beauty"],
    "tags": ["shower-bath-care", "body-wash"],
    "locations": {
      "vic": {
        "price": 3.5,
        "promoText": " ",
        "packageSize": "60mL",
        "packagePrice": "$5.83 per 100mL"
      }
    }
  },
  {
    "id": "bosistos-kakadu-plum-lemn-myrtle",
    "brand": "Bosisto's",
    "name": "Kakadu Plum & Lemon Myrtle Nourishing Body Wash",
    "imageUrl": "https://shop.coles.com.au/wcsstore/Coles-CAS/images/3/5/1/3519460-th.jpg",
    "categories": ["health-beauty"],
    "tags": ["shower-bath-care", "body-wash"],
    "locations": {
      "vic": {
        "price": 8,
        "promoText": " ",
        "packageSize": "500mL",
        "packagePrice": "$1.60 per 100mL"
      }
    }
  },
  {
    "id": "bosistos-warath-flwr-mnt-mndarn",
    "brand": "Bosisto's",
    "name": "Waratah Flower Mint & Mandarin Body Wash",
    "imageUrl": "https://shop.coles.com.au/wcsstore/Coles-CAS/images/3/5/1/3519450-th.jpg",
    "categories": ["health-beauty"],
    "tags": ["shower-bath-care", "body-wash"],
    "locations": {
      "vic": {
        "price": 8,
        "promoText": " ",
        "packageSize": "500mL",
        "packagePrice": "$1.60 per 100mL"
      }
    }
  },
  {
    "id": "brut-original-fresh-shower-gel",
    "brand": "Brut",
    "name": "Original Fresh Shower Gel",
    "imageUrl": "https://shop.coles.com.au/wcsstore/Coles-CAS/images/2/2/7/2277130-th.jpg",
    "categories": ["health-beauty"],
    "tags": ["shower-bath-care", "body-wash"],
    "locations": {
      "vic": {
        "price": 6.3,
        "promoText": " ",
        "packageSize": "400mL",
        "packagePrice": "$1.58 per 100mL"
      }
    }
  },
  {
    "id": "coles-body-wash-nourishing-milk-honey",
    "brand": "Coles",
    "name": "Nourishing Milk & Honey Body Wash",
    "imageUrl": "https://shop.coles.com.au/wcsstore/Coles-CAS/images/3/2/3/3234438-th.jpg",
    "categories": ["health-beauty"],
    "tags": ["shower-bath-care", "body-wash"],
    "locations": {
      "vic": {
        "price": 4,
        "promoText": " ",
        "packageSize": "1L",
        "packagePrice": "$0.40 per 100mL"
      }
    }
  },
  {
    "id": "dettol-parents-approved-shower-gel-sweet-citrus",
    "brand": "Dettol",
    "name": "Parents Approved Citrus Body Wash Shower Gel",
    "imageUrl": "https://shop.coles.com.au/wcsstore/Coles-CAS/images/3/5/1/3514220-th.jpg",
    "categories": ["health-beauty"],
    "tags": ["shower-bath-care", "body-wash"],
    "locations": {
      "vic": {
        "price": 9.5,
        "promoText": " ",
        "packageSize": "950mL",
        "packagePrice": "$1.00 per 100mL"
      }
    }
  },
  {
    "id": "dove-men-body-wash-clean-comfort",
    "brand": "Dove",
    "name": "Men+Care Clean Comfort Body And Face Wash",
    "imageUrl": "https://shop.coles.com.au/wcsstore/Coles-CAS/images/3/4/6/3466422-th.jpg",
    "categories": ["health-beauty"],
    "tags": ["shower-bath-care", "body-wash"],
    "locations": {
      "vic": {
        "price": 13.7,
        "promoText": " ",
        "packageSize": "1L",
        "packagePrice": "$13.70 per 1L"
      }
    }
  },
  {
    "id": "dove-men-body-wash-sport-fresh",
    "brand": "Dove",
    "name": "Men Care Sport Fresh Body and Face Wash",
    "imageUrl": "https://shop.coles.com.au/wcsstore/Coles-CAS/images/3/4/6/3466386-th.jpg",
    "categories": ["health-beauty"],
    "tags": ["shower-bath-care", "body-wash"],
    "locations": {
      "vic": {
        "price": 13.7,
        "promoText": " ",
        "packageSize": "1L",
        "packagePrice": "$1.37 per 100mL"
      }
    }
  },
  {
    "id": "dove-nourishing-secrets-body-wash-relaxing",
    "brand": "Dove",
    "name": "Nourishing Secrets Relaxing Lavender Body Wash",
    "imageUrl": "https://shop.coles.com.au/wcsstore/Coles-CAS/images/3/4/6/3462476-th.jpg",
    "categories": ["health-beauty"],
    "tags": ["shower-bath-care", "body-wash"],
    "locations": {
      "vic": {
        "price": 5.75,
        "promoText": "Was $7.50 on Jan 2019 ",
        "packageSize": "375mL",
        "packagePrice": "$1.53 per 100mL"
      }
    }
  },
  {
    "id": "dove-nourishing-secrets-body-wash-glowing",
    "brand": "Dove",
    "name": "Nourishing Secrets Glowing Lotus Body Wash",
    "imageUrl": "https://shop.coles.com.au/wcsstore/Coles-CAS/images/3/4/6/3462465-th.jpg",
    "categories": ["health-beauty"],
    "tags": ["shower-bath-care", "body-wash"],
    "locations": {
      "vic": {
        "price": 5.75,
        "promoText": "Was $7.50 on Jan 2019 ",
        "packageSize": "375mL",
        "packagePrice": "$1.53 per 100mL"
      }
    }
  },
  {
    "id": "ecostore-body-wash-rose-geranium",
    "brand": "Ecostore",
    "name": "Rose & Geranium Body Wash",
    "imageUrl": "https://shop.coles.com.au/wcsstore/Coles-CAS/images/3/5/1/3516940-th.jpg",
    "categories": ["health-beauty"],
    "tags": ["shower-bath-care", "body-wash"],
    "locations": {
      "vic": {
        "price": 9,
        "promoText": " ",
        "packageSize": "400mL",
        "packagePrice": "$2.25 per 100mL"
      }
    }
  },
  {
    "id": "ecostore-body-wash-vanilla-coconut",
    "brand": "Ecostore",
    "name": "Vanilla & Coconut Body Wash",
    "imageUrl": "https://shop.coles.com.au/wcsstore/Coles-CAS/images/3/5/1/3516950-th.jpg",
    "categories": ["health-beauty"],
    "tags": ["shower-bath-care", "body-wash"],
    "locations": {
      "vic": {
        "price": 9,
        "promoText": " ",
        "packageSize": "400mL",
        "packagePrice": "$2.25 per 100mL"
      }
    }
  },
  {
    "id": "ecostore-body-wash-honey-manuka",
    "brand": "Ecostore",
    "name": "Jasmine & Manuka Honey Body Wash",
    "imageUrl": "https://shop.coles.com.au/wcsstore/Coles-CAS/images/3/5/1/3516939-th.jpg",
    "categories": ["health-beauty"],
    "tags": ["shower-bath-care", "body-wash"],
    "locations": {
      "vic": {
        "price": 9,
        "promoText": " ",
        "packageSize": "400mL",
        "packagePrice": "$2.25 per 100mL"
      }
    }
  },
  {
    "id": "health-basics-skin-iq-body-wash-skin-relief",
    "brand": "Health Basics",
    "name": "Skin IQ Body Wash Skin Relief",
    "imageUrl": "https://shop.coles.com.au/wcsstore/Coles-CAS/images/3/5/1/3516768-th.jpg",
    "categories": ["health-beauty"],
    "tags": ["shower-bath-care", "body-wash"],
    "locations": {
      "vic": {
        "price": 12,
        "promoText": "$3.00 ",
        "packageSize": "1L",
        "packagePrice": "$12.00 per 1L"
      }
    }
  },
  {
    "id": "health-basics-body-wash-freaky-friends",
    "brand": "Health Basics",
    "name": "Freaky Friends Body Wash",
    "imageUrl": "https://shop.coles.com.au/wcsstore/Coles-CAS/images/3/5/1/3516757-th.jpg",
    "categories": ["health-beauty"],
    "tags": ["shower-bath-care", "body-wash"],
    "locations": {
      "vic": {
        "price": 8,
        "promoText": "$2.00 ",
        "packageSize": "1L",
        "packagePrice": "$8.00 per 1L"
      }
    }
  },
  {
    "id": "johnsons-cream-body-wash-dreamy-skin",
    "brand": "Johnson's",
    "name": "Dreamy Skin Cream Body Wash",
    "imageUrl": "https://shop.coles.com.au/wcsstore/Coles-CAS/images/9/2/1/9216847-th.jpg",
    "categories": ["health-beauty"],
    "tags": ["shower-bath-care", "body-wash"],
    "locations": {
      "vic": {
        "price": 8.5,
        "promoText": "Was $10.00 on Sep 2018 ",
        "packageSize": "1L",
        "packagePrice": "$0.85 per 100mL"
      }
    }
  },
  {
    "id": "johnsons-extra-rich-moisturising-cream-body-wash",
    "brand": "Johnson's",
    "name": "Extra Rich Moisturising Cream Body Wash",
    "imageUrl": "https://shop.coles.com.au/wcsstore/Coles-CAS/images/9/2/1/9216825-th.jpg",
    "categories": ["health-beauty"],
    "tags": ["shower-bath-care", "body-wash"],
    "locations": {
      "vic": {
        "price": 8.5,
        "promoText": "Was $10.00 on Sep 2018 ",
        "packageSize": "1L",
        "packagePrice": "$0.85 per 100mL"
      }
    }
  },
  {
    "id": "koi-body-wash-bergamot-magnolia",
    "brand": "KOi",
    "name": "Bergamot & Magnolia Body Wash",
    "imageUrl": "https://shop.coles.com.au/wcsstore/Coles-CAS/images/3/5/1/3519642-th.jpg",
    "categories": ["health-beauty"],
    "tags": ["shower-bath-care", "body-wash"],
    "locations": {
      "vic": {
        "price": 8,
        "promoText": " ",
        "packageSize": "500mL",
        "packagePrice": "$1.60 per 100mL"
      }
    }
  },
  {
    "id": "koi-body-wash-orange-ginger",
    "brand": "KOi",
    "name": "Blood Orange & Ginger Body Wash",
    "imageUrl": "https://shop.coles.com.au/wcsstore/Coles-CAS/images/3/5/1/3519653-th.jpg",
    "categories": ["health-beauty"],
    "tags": ["shower-bath-care", "body-wash"],
    "locations": {
      "vic": {
        "price": 8,
        "promoText": " ",
        "packageSize": "500mL",
        "packagePrice": "$1.60 per 100mL"
      }
    }
  },
  {
    "id": "love-beauty-planet-sg-tea-tree-vetiver",
    "brand": "Love Beauty And Planet",
    "name": "Tea Tree Oil & Vetiver Aroma Shower Gel",
    "imageUrl": "https://shop.coles.com.au/wcsstore/Coles-CAS/images/3/4/6/3462421-th.jpg",
    "categories": ["health-beauty"],
    "tags": ["shower-bath-care", "body-wash"],
    "locations": {
      "vic": {
        "price": 6.3,
        "promoText": "$2.70 ",
        "packageSize": "400mL",
        "packagePrice": "$1.58 per 100mL"
      }
    }
  },
  {
    "id": "love-beauty-planet-sg-coconut-water-mimosa-flwr",
    "brand": "Love Beauty And Planet",
    "name": "Coconut Water & Mimosa Flower Aroma Body Wash",
    "imageUrl": "https://shop.coles.com.au/wcsstore/Coles-CAS/images/3/4/6/3462400-th.jpg",
    "categories": ["health-beauty"],
    "tags": ["shower-bath-care", "body-wash"],
    "locations": {
      "vic": {
        "price": 6.3,
        "promoText": "$2.70 ",
        "packageSize": "400mL",
        "packagePrice": "$1.58 per 100mL"
      }
    }
  },
  {
    "id": "love-beauty-planet-sg-coconut-oil-ylang-ylang",
    "brand": "Love Beauty And Planet",
    "name": "Coconut Oil & Ylang Ylang Aroma Body Wash",
    "imageUrl": "https://shop.coles.com.au/wcsstore/Coles-CAS/images/3/4/6/3462443-th.jpg",
    "categories": ["health-beauty"],
    "tags": ["shower-bath-care", "body-wash"],
    "locations": {
      "vic": {
        "price": 6.3,
        "promoText": "$2.70 ",
        "packageSize": "400mL",
        "packagePrice": "$1.58 per 100mL"
      }
    }
  },
  {
    "id": "lynx-shower-gel-australia",
    "brand": "Lynx",
    "name": "Australia Shower Gel Body Wash Laidback Vibe",
    "imageUrl": "https://shop.coles.com.au/wcsstore/Coles-CAS/images/3/2/3/3234267-th.jpg",
    "categories": ["health-beauty"],
    "tags": ["shower-bath-care", "body-wash"],
    "locations": {
      "vic": {
        "price": 4,
        "promoText": "$2.00 ",
        "packageSize": "400mL",
        "packagePrice": "$1.00 per 100mL"
      }
    }
  },
  {
    "id": "natures-commonscents-paw-paw-body-wash-2274492p",
    "brand": "Natures Commonscents",
    "name": "Natural Goats Milk & Paw Paw Body Wash",
    "imageUrl": "https://shop.coles.com.au/wcsstore/Coles-CAS/images/2/2/7/2274492-th.jpg",
    "categories": ["health-beauty"],
    "tags": ["shower-bath-care", "body-wash"],
    "locations": {
      "vic": {
        "price": 7.5,
        "promoText": " ",
        "packageSize": "600mL",
        "packagePrice": "$1.25 per 100mL"
      }
    }
  },
  {
    "id": "nivea-shower-creme-oils-ylang-ylang",
    "brand": "Nivea",
    "name": "Shower Gel & Body Wash Creme & Oil Pearls Ylang Ylang",
    "imageUrl": "https://shop.coles.com.au/wcsstore/Coles-CAS/images/3/2/2/3227170-th.jpg",
    "categories": ["health-beauty"],
    "tags": ["shower-bath-care", "body-wash"],
    "locations": {
      "vic": {
        "price": 3,
        "promoText": "$3.00 ",
        "packageSize": "250mL",
        "packagePrice": "$1.20 per 100mL"
      }
    }
  },
  {
    "id": "nivea-shower-clay-fresh-ginger-basil-250ml",
    "brand": "Nivea",
    "name": "Clay Fresh Ginger & Basil Shower Gel & Body Wash",
    "imageUrl": "https://shop.coles.com.au/wcsstore/Coles-CAS/images/3/5/1/3515368-th.jpg",
    "categories": ["health-beauty"],
    "tags": ["shower-bath-care", "body-wash"],
    "locations": {
      "vic": {
        "price": 2.8,
        "promoText": "$2.80 ",
        "packageSize": "250mL",
        "packagePrice": "$1.12 per 100mL"
      }
    }
  },
  {
    "id": "nivea-shower-clay-fresh-hibiscus-white-sage",
    "brand": "Nivea",
    "name": "Clay Fresh Hibiscus & White Sage Shower Gel & Body Wash",
    "imageUrl": "https://shop.coles.com.au/wcsstore/Coles-CAS/images/3/5/1/3515390-th.jpg",
    "categories": ["health-beauty"],
    "tags": ["shower-bath-care", "body-wash"],
    "locations": {
      "vic": {
        "price": 2.8,
        "promoText": "$2.80 ",
        "packageSize": "250mL",
        "packagePrice": "$1.12 per 100mL"
      }
    }
  },
  {
    "id": "nivea-lemongrass-shower-oil",
    "brand": "Nivea",
    "name": "Lemongrass & Oil Shower Gel & Body Wash",
    "imageUrl": "https://shop.coles.com.au/wcsstore/Coles-CAS/images/3/5/1/3515619-th.jpg",
    "categories": ["health-beauty"],
    "tags": ["shower-bath-care", "body-wash"],
    "locations": {
      "vic": {
        "price": 4,
        "promoText": "$4.00 ",
        "packageSize": "500mL",
        "packagePrice": "$0.80 per 100mL"
      }
    }
  },
  {
    "id": "nivea-rich-moisture-shower-gel",
    "brand": "Nivea",
    "name": "Aloe Vera Moisture Fresh Shower Gel & Body Wash",
    "imageUrl": "https://shop.coles.com.au/wcsstore/Coles-CAS/images/3/5/1/3517374-th.jpg",
    "categories": ["health-beauty"],
    "tags": ["shower-bath-care", "body-wash"],
    "locations": {
      "vic": {
        "price": 6.85,
        "promoText": "$6.85 ",
        "packageSize": "1L",
        "packagePrice": "$0.69 per 100mL"
      }
    }
  },
  {
    "id": "only-good-body-wash-awaken",
    "brand": "Only Good",
    "name": "Awaken Natural Body Wash",
    "imageUrl": "https://shop.coles.com.au/wcsstore/Coles-CAS/images/3/0/0/3003322-th.jpg",
    "categories": ["health-beauty"],
    "tags": ["shower-bath-care", "body-wash"],
    "locations": {
      "vic": {
        "price": 9,
        "promoText": " ",
        "packageSize": "445mL",
        "packagePrice": "$2.02 per 100mL"
      }
    }
  },
  {
    "id": "only--good-body-wash-balance",
    "brand": "Only Good",
    "name": "Balance Body Wash",
    "imageUrl": "https://shop.coles.com.au/wcsstore/Coles-CAS/images/2/2/7/2277210-th.jpg",
    "categories": ["health-beauty"],
    "tags": ["shower-bath-care", "body-wash"],
    "locations": {
      "vic": {
        "price": 9,
        "promoText": " ",
        "packageSize": "445mL",
        "packagePrice": "$2.02 per 100mL"
      }
    }
  },
  {
    "id": "palmers-bodywash-cocoa-butter-moisturising",
    "brand": "Palmer's",
    "name": "Cocoa Butter Moisturising Body Wash",
    "imageUrl": "https://shop.coles.com.au/wcsstore/Coles-CAS/images/7/1/8/7181810-th.jpg",
    "categories": ["health-beauty"],
    "tags": ["shower-bath-care", "body-wash"],
    "locations": {
      "vic": {
        "price": 6,
        "promoText": " ",
        "packageSize": "400mL",
        "packagePrice": "$1.50 per 100mL"
      }
    }
  },
  {
    "id": "palmolive-shower-scrub-coconut-body-butter",
    "brand": "Palmolive",
    "name": "Coconut Body Butter Shower Scrub",
    "imageUrl": "https://shop.coles.com.au/wcsstore/Coles-CAS/images/6/9/5/6957362-th.jpg",
    "categories": ["health-beauty"],
    "tags": ["shower-bath-care", "body-wash"],
    "locations": {
      "vic": {
        "price": 4.5,
        "promoText": "Was $6.49 on Sep 2017 ",
        "packageSize": "400mL",
        "packagePrice": "$1.13 per 100mL"
      }
    }
  },
  {
    "id": "palmolive-naturals-refreshing-shower-gel",
    "brand": "Palmolive",
    "name": "Naturals Refreshing Shower Gel",
    "imageUrl": "https://shop.coles.com.au/wcsstore/Coles-CAS/images/2/2/7/2274845-th.jpg",
    "categories": ["health-beauty"],
    "tags": ["shower-bath-care", "body-wash"],
    "locations": {
      "vic": {
        "price": 4,
        "promoText": "$1.40 ",
        "packageSize": "500mL",
        "packagePrice": "$0.80 per 100mL"
      }
    }
  },
  {
    "id": "palmolive-shower-gel-butter-shea-almond-oil",
    "brand": "Palmolive",
    "name": "Body Butter Shea & Almond Oil Moisturising Body Wash",
    "imageUrl": "https://shop.coles.com.au/wcsstore/Coles-CAS/images/3/5/0/3509886-th.jpg",
    "categories": ["health-beauty"],
    "tags": ["shower-bath-care", "body-wash"],
    "locations": {
      "vic": {
        "price": 4.5,
        "promoText": "Was $6.49 on Sep 2017 ",
        "packageSize": "400mL",
        "packagePrice": "$1.13 per 100mL"
      }
    }
  },
  {
    "id": "palmolive-luminous-oils-s-g-macadamia-oil-w-peony",
    "brand": "Palmolive",
    "name": "Luminous Oils Shower Gel",
    "imageUrl": "https://shop.coles.com.au/wcsstore/Coles-CAS/images/3/5/0/3509376-th.jpg",
    "categories": ["health-beauty"],
    "tags": ["shower-bath-care", "body-wash"],
    "locations": {
      "vic": {
        "price": 4.5,
        "promoText": "$1.50 ",
        "packageSize": "400mL",
        "packagePrice": "$1.13 per 100mL"
      }
    }
  },
  {
    "id": "palmolive-body-wash-micellar-aloe",
    "brand": "Palmolive",
    "name": "Micellar Aloe Body Wash",
    "imageUrl": "https://shop.coles.com.au/wcsstore/Coles-CAS/images/3/7/1/3714171-th.jpg",
    "categories": ["health-beauty"],
    "tags": ["shower-bath-care", "body-wash"],
    "locations": {
      "vic": {
        "price": 4.5,
        "promoText": "$2.50 ",
        "packageSize": "400mL",
        "packagePrice": "$1.13 per 100mL"
      }
    }
  },
  {
    "id": "radox-body-wash-oxygen",
    "brand": "Radox",
    "name": "Oxygen Body Wash",
    "imageUrl": "https://shop.coles.com.au/wcsstore/Coles-CAS/images/6/4/4/6446261-th.jpg",
    "categories": ["health-beauty"],
    "tags": ["shower-bath-care", "body-wash"],
    "locations": {
      "vic": {
        "price": 2,
        "promoText": " ",
        "packageSize": "50mL",
        "packagePrice": "$4.00 per 100mL"
      }
    }
  },
  {
    "id": "radox-shower-gel-for-men-4569715p",
    "brand": "Radox",
    "name": "Feel Extreme Men Body Wash",
    "imageUrl": "https://shop.coles.com.au/wcsstore/Coles-CAS/images/4/5/6/4569715-th.jpg",
    "categories": ["health-beauty"],
    "tags": ["shower-bath-care", "body-wash"],
    "locations": {
      "vic": {
        "price": 7,
        "promoText": "Was $9.20 on Dec 2019 ",
        "packageSize": "1L",
        "packagePrice": "$0.70 per 100mL"
      }
    }
  },
  {
    "id": "radox-moisturising-bath-oil-eucalyptus",
    "brand": "Radox",
    "name": "Revitalizing Eucalyptus Moisturising Bath Oil",
    "imageUrl": "https://shop.coles.com.au/wcsstore/Coles-CAS/images/3/5/1/3516860-th.jpg",
    "categories": ["health-beauty"],
    "tags": ["shower-bath-care", "body-wash"],
    "locations": {
      "vic": {
        "price": 6.5,
        "promoText": " ",
        "packageSize": "200mL",
        "packagePrice": "$3.25 per 100mL"
      }
    }
  },
  {
    "id": "radox-moisturising-bath-oil-coconut",
    "brand": "Radox",
    "name": "Caring Coconut Moisturising Bath Oil",
    "imageUrl": "https://shop.coles.com.au/wcsstore/Coles-CAS/images/3/5/1/3516859-th.jpg",
    "categories": ["health-beauty"],
    "tags": ["shower-bath-care", "body-wash"],
    "locations": {
      "vic": {
        "price": 6.5,
        "promoText": " ",
        "packageSize": "200mL",
        "packagePrice": "$3.25 per 100mL"
      }
    }
  },
  {
    "id": "thankyou-coffee-scrub-geranium-rosewood",
    "brand": "Thankyou",
    "name": "Botanical Geranium & Rosewood Coffee Scrub",
    "imageUrl": "https://shop.coles.com.au/wcsstore/Coles-CAS/images/2/8/1/2814432-th.jpg",
    "categories": ["health-beauty"],
    "tags": ["shower-bath-care", "body-wash"],
    "locations": {
      "vic": {
        "price": 15,
        "promoText": " ",
        "packageSize": "300g",
        "packagePrice": "$5.00 per 100G"
      }
    }
  },
  {
    "id": "thankyou-lemon-myrtle-goats-milk-milk-body-wash",
    "brand": "Thankyou",
    "name": "Lemon Myrtle & Goats Milk Body Wash",
    "imageUrl": "https://shop.coles.com.au/wcsstore/Coles-CAS/images/3/0/1/3012254-th.jpg",
    "categories": ["health-beauty"],
    "tags": ["shower-bath-care", "body-wash"],
    "locations": {
      "vic": {
        "price": 8,
        "promoText": " ",
        "packageSize": "500mL",
        "packagePrice": "$1.60 per 100mL"
      }
    }
  },
  {
    "id": "thankyou-mint-spring-flowers-bodywash",
    "brand": "Thankyou",
    "name": "Mint & Spring Flowers Body Wash",
    "imageUrl": "https://shop.coles.com.au/wcsstore/Coles-CAS/images/3/0/1/3019694-th.jpg",
    "categories": ["health-beauty"],
    "tags": ["shower-bath-care", "body-wash"],
    "locations": {
      "vic": {
        "price": 13,
        "promoText": " ",
        "packageSize": "1L",
        "packagePrice": "$1.30 per 100mL"
      }
    }
  },
  {
    "id": "thankyou-geranium-rosewood-bodywash",
    "brand": "Thankyou",
    "name": "Geranium & Rosewood Body Wash",
    "imageUrl": "https://shop.coles.com.au/wcsstore/Coles-CAS/images/3/0/1/3019661-th.jpg",
    "categories": ["health-beauty"],
    "tags": ["shower-bath-care", "body-wash"],
    "locations": {
      "vic": {
        "price": 13,
        "promoText": " ",
        "packageSize": "1L",
        "packagePrice": "$1.30 per 100mL"
      }
    }
  },
  {
    "id": "thankyou-body-wash-botanical-cedarwood",
    "brand": "Thankyou",
    "name": "Botanical Cedarwood Body Wash",
    "imageUrl": "https://shop.coles.com.au/wcsstore/Coles-CAS/images/3/5/2/3520878-th.jpg",
    "categories": ["health-beauty"],
    "tags": ["shower-bath-care", "body-wash"],
    "locations": {
      "vic": {
        "price": 13,
        "promoText": " ",
        "packageSize": "1L",
        "packagePrice": "$13.00 per 1L"
      }
    }
  },
  {
    "id": "thankyou-milk-body-wash-botanical-lemon-goats-mlk",
    "brand": "Thankyou",
    "name": "Botanical Lemon Myrtle & Goat's Milk Body Wash",
    "imageUrl": "https://shop.coles.com.au/wcsstore/Coles-CAS/images/3/5/0/3509795-th.jpg",
    "categories": ["health-beauty"],
    "tags": ["shower-bath-care", "body-wash"],
    "locations": {
      "vic": {
        "price": 13,
        "promoText": " ",
        "packageSize": "1L",
        "packagePrice": "$13.00 per 1L"
      }
    }
  },
  {
    "id": "velvet-pure-soap",
    "brand": "Velvet",
    "name": "Pure Soap",
    "imageUrl": "https://shop.coles.com.au/wcsstore/Coles-CAS/images/1/8/7/1878145-th.jpg",
    "categories": ["health-beauty"],
    "tags": ["shower-bath-care", "body-wash"],
    "locations": {
      "vic": {
        "price": 4,
        "promoText": " ",
        "packageSize": "4 pack",
        "packagePrice": "$1.00 per 1Ea"
      }
    }
  },
  {
    "id": "coles-brand-bubble-bath",
    "brand": "Coles",
    "name": "Bubble Bath",
    "imageUrl": "https://shop.coles.com.au/wcsstore/Coles-CAS/images/8/4/3/8432858-th.jpg",
    "categories": ["health-beauty"],
    "tags": ["shower-bath-care", "bubble-bath-salts"],
    "locations": {
      "vic": {
        "price": 1.8,
        "promoText": " ",
        "packageSize": "1L",
        "packagePrice": "$0.18 per 100mL"
      }
    }
  },
  {
    "id": "radox-mineral-herbal-bath-salts-muscle-soak",
    "brand": "Radox",
    "name": "Muscle Soak Bath Salts",
    "imageUrl": "https://shop.coles.com.au/wcsstore/Coles-CAS/images/8/9/4/8947213-th.jpg",
    "categories": ["health-beauty"],
    "tags": ["shower-bath-care", "bubble-bath-salts"],
    "locations": {
      "vic": {
        "price": 6.5,
        "promoText": " ",
        "packageSize": "500g",
        "packagePrice": "$1.30 per 100G"
      }
    }
  },
  {
    "id": "koi-bath-salts-",
    "brand": "KOi",
    "name": "Mandarin Lemon & Grapefruit Bath Salts",
    "imageUrl": "https://shop.coles.com.au/wcsstore/Coles-CAS/images/3/5/1/3519722-th.jpg",
    "categories": ["health-beauty"],
    "tags": ["shower-bath-care", "bubble-bath-salts"],
    "locations": {
      "vic": {
        "price": 10,
        "promoText": " ",
        "packageSize": "500g",
        "packagePrice": "$2.00 per 100G"
      }
    }
  },
  {
    "id": "radox-bath-foam-muscle-soak",
    "brand": "Radox",
    "name": "Muscle Soak Bath Foam",
    "imageUrl": "https://shop.coles.com.au/wcsstore/Coles-CAS/images/9/3/3/9336237-th.jpg",
    "categories": ["health-beauty"],
    "tags": ["shower-bath-care", "bubble-bath-salts"],
    "locations": {
      "vic": {
        "price": 6.3,
        "promoText": " ",
        "packageSize": "500mL",
        "packagePrice": "$1.26 per 100mL"
      }
    }
  },
  {
    "id": "radox-muscle-relax-bath-salts",
    "brand": "Radox",
    "name": "Muscle Relax Bath Salts",
    "imageUrl": "https://shop.coles.com.au/wcsstore/Coles-CAS/images/3/5/1/3516917-th.jpg",
    "categories": ["health-beauty"],
    "tags": ["shower-bath-care", "bubble-bath-salts"],
    "locations": {
      "vic": {
        "price": 8.5,
        "promoText": " ",
        "packageSize": "900g",
        "packagePrice": "$0.94 per 100G"
      }
    }
  },
  {
    "id": "radox-detoxed-bath-salts",
    "brand": "Radox",
    "name": "Detoxed Bath Salts",
    "imageUrl": "https://shop.coles.com.au/wcsstore/Coles-CAS/images/3/5/1/3516928-th.jpg",
    "categories": ["health-beauty"],
    "tags": ["shower-bath-care", "bubble-bath-salts"],
    "locations": {
      "vic": {
        "price": 8.5,
        "promoText": " ",
        "packageSize": "900g",
        "packagePrice": "$0.94 per 100G"
      }
    }
  },
  {
    "id": "dove-beauty-bar-soap-regular",
    "brand": "Dove",
    "name": "Beauty Soap Bar Regular 6 Pack",
    "imageUrl": "https://shop.coles.com.au/wcsstore/Coles-CAS/images/9/4/2/9428426-th.jpg",
    "categories": ["health-beauty"],
    "tags": ["shower-bath-care", "soap-hand-wash"],
    "locations": {
      "vic": {
        "price": 8,
        "promoText": " ",
        "packageSize": "600g",
        "packagePrice": "$1.33 per 100G"
      }
    }
  },
  {
    "id": "dettol-touch-of-foam-pump-handwash-rose-and-cherry",
    "brand": "Dettol",
    "name": "Antibacterial Foam Hand Wash Pump Rose and Cherry",
    "imageUrl": "https://shop.coles.com.au/wcsstore/Coles-CAS/images/9/2/1/9212450-th.jpg",
    "categories": ["health-beauty"],
    "tags": ["shower-bath-care", "soap-hand-wash"],
    "locations": {
      "vic": {
        "price": 2.5,
        "promoText": " ",
        "packageSize": "250mL",
        "packagePrice": "$1.00 per 100mL"
      }
    }
  },
  {
    "id": "dettol-liquid-hand-wash-refresh-pump",
    "brand": "Dettol",
    "name": "Antibacterial Liquid Hand Wash Pump Refresh",
    "imageUrl": "https://shop.coles.com.au/wcsstore/Coles-CAS/images/6/0/6/6061981-th.jpg",
    "categories": ["health-beauty"],
    "tags": ["shower-bath-care", "soap-hand-wash"],
    "locations": {
      "vic": {
        "price": 2,
        "promoText": " ",
        "packageSize": "250mL",
        "packagePrice": "$0.80 per 100mL"
      }
    }
  },
  {
    "id": "palmolive-hand-wash-naturals-milk-honey-refill",
    "brand": "Palmolive",
    "name": "Naturals Milk & Honey Hand Wash Refill",
    "imageUrl": "https://shop.coles.com.au/wcsstore/Coles-CAS/images/8/1/6/8167735-th.jpg",
    "categories": ["health-beauty"],
    "tags": ["shower-bath-care", "soap-hand-wash"],
    "locations": {
      "vic": {
        "price": 6.5,
        "promoText": "Was $6.99 on Aug 2017 ",
        "packageSize": "1L",
        "packagePrice": "$0.65 per 100mL"
      }
    }
  },
  {
    "id": "palmolive-hand-wash-naturals-aloe-chamomile-refill",
    "brand": "Palmolive",
    "name": "Naturals Aloe & Chamomile Hand Wash Refill",
    "imageUrl": "https://shop.coles.com.au/wcsstore/Coles-CAS/images/8/1/6/8167804-th.jpg",
    "categories": ["health-beauty"],
    "tags": ["shower-bath-care", "soap-hand-wash"],
    "locations": {
      "vic": {
        "price": 6.5,
        "promoText": "Was $6.99 on Aug 2017 ",
        "packageSize": "1L",
        "packagePrice": "$0.65 per 100mL"
      }
    }
  },
  {
    "id": "palmolive-hand-wash-antibacterial-lime-refill",
    "brand": "Palmolive",
    "name": "Anti-Bacterial Lime Hand Wash Refill",
    "imageUrl": "https://shop.coles.com.au/wcsstore/Coles-CAS/images/8/1/6/8167757-th.jpg",
    "categories": ["health-beauty"],
    "tags": ["shower-bath-care", "soap-hand-wash"],
    "locations": {
      "vic": {
        "price": 6.5,
        "promoText": "Was $6.99 on Aug 2017 ",
        "packageSize": "1L",
        "packagePrice": "$0.65 per 100mL"
      }
    }
  },
  {
    "id": "sukin-hand-wash-lime-coconut",
    "brand": "Sukin",
    "name": "Lime & Coconut Cleansing Hand Wash",
    "imageUrl": "https://shop.coles.com.au/wcsstore/Coles-CAS/images/3/5/5/3552149-th.jpg",
    "categories": ["health-beauty"],
    "tags": ["shower-bath-care", "soap-hand-wash"],
    "locations": {
      "vic": {
        "price": 9.95,
        "promoText": "Was $13.00 on Jan 2020 ",
        "packageSize": "500mL",
        "packagePrice": "$1.99 per 100mL"
      }
    }
  },
  {
    "id": "coles-antibacterial-hand-wash-sensitive",
    "brand": "Coles",
    "name": "Antibacterial Hand Wash Sensitive",
    "imageUrl": "https://shop.coles.com.au/wcsstore/Coles-CAS/images/3/2/3/3234562-th.jpg",
    "categories": ["health-beauty"],
    "tags": ["shower-bath-care", "soap-hand-wash"],
    "locations": {
      "vic": {
        "price": 3,
        "promoText": " ",
        "packageSize": "1L",
        "packagePrice": "$0.30 per 100mL"
      }
    }
  },
  {
    "id": "dettol-liquid-hand-wash-moisture-pump",
    "brand": "Dettol",
    "name": "Antibacterial Liquid Hand Wash Pump Aloe Vera and Vitamin E",
    "imageUrl": "https://shop.coles.com.au/wcsstore/Coles-CAS/images/4/5/8/4580911-th.jpg",
    "categories": ["health-beauty"],
    "tags": ["shower-bath-care", "soap-hand-wash"],
    "locations": {
      "vic": {
        "price": 2,
        "promoText": " ",
        "packageSize": "250mL",
        "packagePrice": "$0.80 per 100mL"
      }
    }
  },
  {
    "id": "dettol-2in1-hand-surfaces-antibacterial-wipes-15s",
    "brand": "Dettol",
    "name": "2 in 1 Hands and Surfaces Antibacterial 15 Wipes",
    "imageUrl": "https://shop.coles.com.au/wcsstore/Coles-CAS/images/3/0/1/3013632-th.jpg",
    "categories": ["health-beauty"],
    "tags": ["shower-bath-care", "soap-hand-wash"],
    "locations": {
      "vic": {
        "price": 3,
        "promoText": " ",
        "packageSize": "1 pack",
        "packagePrice": "$3.00 per 1Ea"
      }
    }
  },
  {
    "id": "thankyou-lemon-lime-sanitizer",
    "brand": "Thankyou",
    "name": "Lemon & Lime Sanitizer",
    "imageUrl": "https://shop.coles.com.au/wcsstore/Coles-CAS/images/1/8/7/1878280-th.jpg",
    "categories": ["health-beauty"],
    "tags": ["shower-bath-care", "soap-hand-wash"],
    "locations": {
      "vic": {
        "price": 3.5,
        "promoText": " ",
        "packageSize": "50mL",
        "packagePrice": "$7.00 per 100mL"
      }
    }
  },
  {
    "id": "sukin-signature-cleansing-hand-wash-pump",
    "brand": "Sukin",
    "name": "Signature Cleansing Hand Wash",
    "imageUrl": "https://shop.coles.com.au/wcsstore/Coles-CAS/images/3/5/1/3516724-th.jpg",
    "categories": ["health-beauty"],
    "tags": ["shower-bath-care", "soap-hand-wash"],
    "locations": {
      "vic": {
        "price": 9.95,
        "promoText": "Was $13.00 on Jan 2020 ",
        "packageSize": "500mL",
        "packagePrice": "$1.99 per 100mL"
      }
    }
  },
  {
    "id": "thankyou-lime-coriander-hand-wash",
    "brand": "Thankyou",
    "name": "Lime & Coriander Hand Wash",
    "imageUrl": "https://shop.coles.com.au/wcsstore/Coles-CAS/images/2/2/9/2292304-th.jpg",
    "categories": ["health-beauty"],
    "tags": ["shower-bath-care", "soap-hand-wash"],
    "locations": {
      "vic": {
        "price": 7.5,
        "promoText": " ",
        "packageSize": "500mL",
        "packagePrice": "$1.50 per 100mL"
      }
    }
  },
  {
    "id": "palmolive-antibacterial-foaming-lime-mint",
    "brand": "Palmolive",
    "name": "Anti-Bacterial Foaming Lime & Mint Hand Wash",
    "imageUrl": "https://shop.coles.com.au/wcsstore/Coles-CAS/images/9/2/1/9216359-th.jpg",
    "categories": ["health-beauty"],
    "tags": ["shower-bath-care", "soap-hand-wash"],
    "locations": {
      "vic": {
        "price": 3.5,
        "promoText": " ",
        "packageSize": "250mL",
        "packagePrice": "$1.40 per 100mL"
      }
    }
  },
  {
    "id": "thankyou-liquid-handwash-orange-almond",
    "brand": "Thankyou",
    "name": "Orange & Almond Liquid Hand Wash",
    "imageUrl": "https://shop.coles.com.au/wcsstore/Coles-CAS/images/1/6/1/1610448-th.jpg",
    "categories": ["health-beauty"],
    "tags": ["shower-bath-care", "soap-hand-wash"],
    "locations": {
      "vic": {
        "price": 7.5,
        "promoText": " ",
        "packageSize": "500mL",
        "packagePrice": "$1.50 per 100mL"
      }
    }
  },
  {
    "id": "palmoive-raspberry-hand-sanitiser",
    "brand": "Palmolive",
    "name": "Cherry Blossom Hand Sanitiser",
    "imageUrl": "https://shop.coles.com.au/wcsstore/Coles-CAS/images/1/8/8/1888852-th.jpg",
    "categories": ["health-beauty"],
    "tags": ["shower-bath-care", "soap-hand-wash"],
    "locations": {
      "vic": {
        "price": 3,
        "promoText": "Was $3.80 on Oct 2017 ",
        "packageSize": "48mL",
        "packagePrice": "$6.25 per 100mL"
      }
    }
  },
  {
    "id": "australian-botanical-soap-lemongrass",
    "brand": "Australian Botanical Soap",
    "name": "Lemongrass & Lemon Myrtle",
    "imageUrl": "https://shop.coles.com.au/wcsstore/Coles-CAS/images/3/2/3/3233989-th.jpg",
    "categories": ["health-beauty"],
    "tags": ["shower-bath-care", "soap-hand-wash"],
    "locations": {
      "vic": {
        "price": 4,
        "promoText": " ",
        "packageSize": "200g",
        "packagePrice": "$2.00 per 100G"
      }
    }
  },
  {
    "id": "dettol-foam-hand-wash-refill-rose-cherry",
    "brand": "Dettol",
    "name": "Rose & Cherry In Bloom Foam Hand Wash Refill",
    "imageUrl": "https://shop.coles.com.au/wcsstore/Coles-CAS/images/2/8/1/2814625-th.jpg",
    "categories": ["health-beauty"],
    "tags": ["shower-bath-care", "soap-hand-wash"],
    "locations": {
      "vic": {
        "price": 7,
        "promoText": "Was $8.50 on Sep 2017 ",
        "packageSize": "900mL",
        "packagePrice": "$0.78 per 100mL"
      }
    }
  },
  {
    "id": "dove-soap-beauty-bar-extra-sensitive-9268330p",
    "brand": "Dove",
    "name": "Sensitive Skin 4 Bars",
    "imageUrl": "https://shop.coles.com.au/wcsstore/Coles-CAS/images/9/2/6/9268330-th.jpg",
    "categories": ["health-beauty"],
    "tags": ["shower-bath-care", "soap-hand-wash"],
    "locations": {
      "vic": {
        "price": 6.8,
        "promoText": "Was $8.20 on Jun 2017 ",
        "packageSize": "400g",
        "packagePrice": "$1.70 per 100G"
      }
    }
  },
  {
    "id": "coles-antibacterial-handwash-pump",
    "brand": "Coles",
    "name": "Anti-Bacterial Hand Wash",
    "imageUrl": "https://shop.coles.com.au/wcsstore/Coles-CAS/images/2/2/9/2292927-th.jpg",
    "categories": ["health-beauty"],
    "tags": ["shower-bath-care", "soap-hand-wash"],
    "locations": {
      "vic": {
        "price": 1.5,
        "promoText": " ",
        "packageSize": "250mL",
        "packagePrice": "$0.60 per 100mL"
      }
    }
  },
  {
    "id": "coles-antibacterial-hand-wash-lime-fresh",
    "brand": "Coles",
    "name": "Lime Fresh Antibacterial Hand Wash Refill",
    "imageUrl": "https://shop.coles.com.au/wcsstore/Coles-CAS/images/3/2/3/3234529-th.jpg",
    "categories": ["health-beauty"],
    "tags": ["shower-bath-care", "soap-hand-wash"],
    "locations": {
      "vic": {
        "price": 3,
        "promoText": " ",
        "packageSize": "1L",
        "packagePrice": "$3.00 per 1L"
      }
    }
  },
  {
    "id": "ecostore-bar-soap-coconut",
    "brand": "Ecostore",
    "name": "Coconut Soap Bar",
    "imageUrl": "https://shop.coles.com.au/wcsstore/Coles-CAS/images/3/5/1/3517024-th.jpg",
    "categories": ["health-beauty"],
    "tags": ["shower-bath-care", "soap-hand-wash"],
    "locations": {
      "vic": {
        "price": 2.6,
        "promoText": " ",
        "packageSize": "80g",
        "packagePrice": "$3.25 per 100G"
      }
    }
  },
  {
    "id": "coles-citrus-lime-handwash-pump",
    "brand": "Coles",
    "name": "Antibacterial Lime Fresh Hand Wash",
    "imageUrl": "https://shop.coles.com.au/wcsstore/Coles-CAS/images/2/2/9/2292858-th.jpg",
    "categories": ["health-beauty"],
    "tags": ["shower-bath-care", "soap-hand-wash"],
    "locations": {
      "vic": {
        "price": 1.5,
        "promoText": " ",
        "packageSize": "250mL",
        "packagePrice": "$0.60 per 100mL"
      }
    }
  },
  {
    "id": "dettol-hand-sanitizer-refresh",
    "brand": "Dettol",
    "name": "Refresh Hand Sanitizer",
    "imageUrl": "https://shop.coles.com.au/wcsstore/Coles-CAS/images/6/4/4/6445098-th.jpg",
    "categories": ["health-beauty"],
    "tags": ["shower-bath-care", "soap-hand-wash"],
    "locations": {
      "vic": {
        "price": 7.5,
        "promoText": " ",
        "packageSize": "200mL",
        "packagePrice": "$3.75 per 100mL"
      }
    }
  },
  {
    "id": "dettol-hand-wash-liquid-raspberry",
    "brand": "Dettol",
    "name": "Antibacterial Liquid Hand Wash Pump Raspberry",
    "imageUrl": "https://shop.coles.com.au/wcsstore/Coles-CAS/images/1/3/0/1301578-th.jpg",
    "categories": ["health-beauty"],
    "tags": ["shower-bath-care", "soap-hand-wash"],
    "locations": {
      "vic": {
        "price": 2,
        "promoText": " ",
        "packageSize": "250mL",
        "packagePrice": "$0.80 per 100mL"
      }
    }
  },
  {
    "id": "palmolive-hand-wash-antibacterial-2-hour-defence",
    "brand": "Palmolive",
    "name": "Anti-Bacterial 2 Hour Defence Hand Wash",
    "imageUrl": "https://shop.coles.com.au/wcsstore/Coles-CAS/images/8/3/8/8382523-th.jpg",
    "categories": ["health-beauty"],
    "tags": ["shower-bath-care", "soap-hand-wash"],
    "locations": {
      "vic": {
        "price": 2.8,
        "promoText": " ",
        "packageSize": "250mL",
        "packagePrice": "$1.12 per 100mL"
      }
    }
  },
  {
    "id": "palmolive-hand-wash-antibacterial-original-refill",
    "brand": "Palmolive",
    "name": "Anti-Bacterial Original Hand Wash Refill",
    "imageUrl": "https://shop.coles.com.au/wcsstore/Coles-CAS/images/8/1/6/8167848-th.jpg",
    "categories": ["health-beauty"],
    "tags": ["shower-bath-care", "soap-hand-wash"],
    "locations": {
      "vic": {
        "price": 6.5,
        "promoText": "Was $6.99 on Aug 2017 ",
        "packageSize": "1L",
        "packagePrice": "$0.65 per 100mL"
      }
    }
  },
  {
    "id": "palmolive-hand-wash-liquid-softwash-pump-antibacterial-lime",
    "brand": "Palmolive",
    "name": "Anti-Bacterial Lime Liquid Hand Wash",
    "imageUrl": "https://shop.coles.com.au/wcsstore/Coles-CAS/images/6/9/1/6914723-th.jpg",
    "categories": ["health-beauty"],
    "tags": ["shower-bath-care", "soap-hand-wash"],
    "locations": {
      "vic": {
        "price": 2.8,
        "promoText": " ",
        "packageSize": "250mL",
        "packagePrice": "$1.12 per 100mL"
      }
    }
  },
  {
    "id": "thankyou-lime-coriander-hand-wash-refill",
    "brand": "Thankyou",
    "name": "Botanical Lime & Coriander Hand Wash Refill",
    "imageUrl": "https://shop.coles.com.au/wcsstore/Coles-CAS/images/3/2/2/3227432-th.jpg",
    "categories": ["health-beauty"],
    "tags": ["shower-bath-care", "soap-hand-wash"],
    "locations": {
      "vic": {
        "price": 12.5,
        "promoText": " ",
        "packageSize": "1L",
        "packagePrice": "$1.25 per 100mL"
      }
    }
  },
  {
    "id": "australian-botanical-soap-manuka-honey-with-jojoba-oil",
    "brand": "Australian Botanical Soap",
    "name": "Manuka Honey With Jojoba Oil",
    "imageUrl": "https://shop.coles.com.au/wcsstore/Coles-CAS/images/3/2/4/3244475-th.jpg",
    "categories": ["health-beauty"],
    "tags": ["shower-bath-care", "soap-hand-wash"],
    "locations": {
      "vic": {
        "price": 4,
        "promoText": " ",
        "packageSize": "200g",
        "packagePrice": "$2.00 per 100G"
      }
    }
  },
  {
    "id": "palmolive-soap-naturals-aloe-olive",
    "brand": "Palmolive",
    "name": "Naturals Aloe & Olive Soap",
    "imageUrl": "https://shop.coles.com.au/wcsstore/Coles-CAS/images/5/9/2/5928777-th.jpg",
    "categories": ["health-beauty"],
    "tags": ["shower-bath-care", "soap-hand-wash"],
    "locations": {
      "vic": {
        "price": 2.85,
        "promoText": " ",
        "packageSize": "4 pack",
        "packagePrice": "$0.79 per 100G"
      }
    }
  },
  {
    "id": "thankyou-goats-milk-lemon-myrtle-soap-bar",
    "brand": "Thankyou",
    "name": "Botanical Lemon Myrtle & Goat' s Milk Soap Bar",
    "imageUrl": "https://shop.coles.com.au/wcsstore/Coles-CAS/images/1/8/7/1878611-th.jpg",
    "categories": ["health-beauty"],
    "tags": ["shower-bath-care", "soap-hand-wash"],
    "locations": {
      "vic": {
        "price": 5,
        "promoText": " ",
        "packageSize": "220g",
        "packagePrice": "$2.27 per 100G"
      }
    }
  },
  {
    "id": "dove-soap-beauty-creme-bar-regular",
    "brand": "Dove",
    "name": "Beauty Soap Bar Regular 4 pack",
    "imageUrl": "https://shop.coles.com.au/wcsstore/Coles-CAS/images/8/9/4/8941884-th.jpg",
    "categories": ["health-beauty"],
    "tags": ["shower-bath-care", "soap-hand-wash"],
    "locations": {
      "vic": {
        "price": 6.8,
        "promoText": "Was $8.20 on Jun 2017 ",
        "packageSize": "400g",
        "packagePrice": "$1.70 per 100G"
      }
    }
  },
  {
    "id": "palmolive-hand-wash-liquid-softwash-aloe-vera-pump",
    "brand": "Palmolive",
    "name": "Aloe Vera Liquid Hand Wash",
    "imageUrl": "https://shop.coles.com.au/wcsstore/Coles-CAS/images/3/9/4/394880-th.jpg",
    "categories": ["health-beauty"],
    "tags": ["shower-bath-care", "soap-hand-wash"],
    "locations": {
      "vic": {
        "price": 2.8,
        "promoText": " ",
        "packageSize": "250mL",
        "packagePrice": "$1.12 per 100mL"
      }
    }
  },
  {
    "id": "palmolive-foam-hand-wash-cherry-blossom-pump",
    "brand": "Palmolive",
    "name": "Cherry Blossom Foaming Hand Wash",
    "imageUrl": "https://shop.coles.com.au/wcsstore/Coles-CAS/images/2/8/1/2814603-th.jpg",
    "categories": ["health-beauty"],
    "tags": ["shower-bath-care", "soap-hand-wash"],
    "locations": {
      "vic": {
        "price": 3.5,
        "promoText": " ",
        "packageSize": "250mL",
        "packagePrice": "$1.40 per 100mL"
      }
    }
  },
  {
    "id": "palmolive-hand-sanitiser-japanese-cherry-blossom",
    "brand": "Palmolive",
    "name": "Japanese Cherry Blossom Hand Sanitiser",
    "imageUrl": "https://shop.coles.com.au/wcsstore/Coles-CAS/images/3/2/3/3232261-th.jpg",
    "categories": ["health-beauty"],
    "tags": ["shower-bath-care", "soap-hand-wash"],
    "locations": {
      "vic": {
        "price": 7.5,
        "promoText": " ",
        "packageSize": "200mL",
        "packagePrice": "$3.75 per 100mL"
      }
    }
  },
  {
    "id": "palmolive-liquid-refill-hand-wash-cherry-blossom",
    "brand": "Palmolive",
    "name": "Japanese Cherry Blossom Foaming Hand Wash Sanitiser Liquid Refill",
    "imageUrl": "https://shop.coles.com.au/wcsstore/Coles-CAS/images/3/5/1/3510003-th.jpg",
    "categories": ["health-beauty"],
    "tags": ["shower-bath-care", "soap-hand-wash"],
    "locations": {
      "vic": {
        "price": 8.5,
        "promoText": " ",
        "packageSize": "1L",
        "packagePrice": "$0.85 per 100mL"
      }
    }
  },
  {
    "id": "australian-botanical-soap-charcoal",
    "brand": "Australian Botanical Soap",
    "name": "Activated Charcoal",
    "imageUrl": "https://shop.coles.com.au/wcsstore/Coles-CAS/images/3/5/1/3516804-th.jpg",
    "categories": ["health-beauty"],
    "tags": ["shower-bath-care", "soap-hand-wash"],
    "locations": {
      "vic": {
        "price": 4,
        "promoText": " ",
        "packageSize": "200g",
        "packagePrice": "$2.00 per 100G"
      }
    }
  },
  {
    "id": "coles-raspberry-foaming-handwash",
    "brand": "Coles",
    "name": "Raspberry Foaming Hand Wash",
    "imageUrl": "https://shop.coles.com.au/wcsstore/Coles-CAS/images/2/2/9/2292982-th.jpg",
    "categories": ["health-beauty"],
    "tags": ["shower-bath-care", "soap-hand-wash"],
    "locations": {
      "vic": {
        "price": 2,
        "promoText": " ",
        "packageSize": "250mL",
        "packagePrice": "$0.80 per 100mL"
      }
    }
  },
  {
    "id": "koi-hand-wash-orange-ginger",
    "brand": "KOi",
    "name": "Blood Orange & Ginger Hand Wash",
    "imageUrl": "https://shop.coles.com.au/wcsstore/Coles-CAS/images/3/5/1/3519609-th.jpg",
    "categories": ["health-beauty"],
    "tags": ["shower-bath-care", "soap-hand-wash"],
    "locations": {
      "vic": {
        "price": 7,
        "promoText": " ",
        "packageSize": "500mL",
        "packagePrice": "$1.40 per 100mL"
      }
    }
  },
  {
    "id": "only-good-hand-wash-soothe",
    "brand": "Only Good",
    "name": "Natural Hand Wash Soothe",
    "imageUrl": "https://shop.coles.com.au/wcsstore/Coles-CAS/images/3/0/1/3012050-th.jpg",
    "categories": ["health-beauty"],
    "tags": ["shower-bath-care", "soap-hand-wash"],
    "locations": {
      "vic": {
        "price": 6,
        "promoText": " ",
        "packageSize": "300mL",
        "packagePrice": "$2.00 per 100mL"
      }
    }
  },
  {
    "id": "palmolive-soap-naturals-milk-honey",
    "brand": "Palmolive",
    "name": "Naturals Replenishing Milk & Honey Soap",
    "imageUrl": "https://shop.coles.com.au/wcsstore/Coles-CAS/images/5/9/2/5928744-th.jpg",
    "categories": ["health-beauty"],
    "tags": ["shower-bath-care", "soap-hand-wash"],
    "locations": {
      "vic": {
        "price": 2.85,
        "promoText": " ",
        "packageSize": "4 pack",
        "packagePrice": "$0.79 per 100G"
      }
    }
  },
  {
    "id": "sukin-botanical-body-wash-pump",
    "brand": "Sukin",
    "name": "Signature Botanical Body Wash",
    "imageUrl": "https://shop.coles.com.au/wcsstore/Coles-CAS/images/2/9/9/2994050-th.jpg",
    "categories": ["health-beauty"],
    "tags": ["shower-bath-care", "soap-hand-wash"],
    "locations": {
      "vic": {
        "price": 17.95,
        "promoText": "Was $21.00 on Jan 2020 ",
        "packageSize": "1L",
        "packagePrice": "$17.95 per 1L"
      }
    }
  },
  {
    "id": "thankyou-hand-wash-aloe-vera-lemon",
    "brand": "Thankyou",
    "name": "Botanical Aloe Vera & Lemon Oil Hand Wash",
    "imageUrl": "https://shop.coles.com.au/wcsstore/Coles-CAS/images/3/5/0/3509740-th.jpg",
    "categories": ["health-beauty"],
    "tags": ["shower-bath-care", "soap-hand-wash"],
    "locations": {
      "vic": {
        "price": 8.5,
        "promoText": " ",
        "packageSize": "500mL",
        "packagePrice": "$1.70 per 100mL"
      }
    }
  },
  {
    "id": "australian-botanical-soap-frangipani",
    "brand": "Australian Botanical Soap",
    "name": "Frangipani & Evening Primrose Oil",
    "imageUrl": "https://shop.coles.com.au/wcsstore/Coles-CAS/images/3/2/4/3247043-th.jpg",
    "categories": ["health-beauty"],
    "tags": ["shower-bath-care", "soap-hand-wash"],
    "locations": {
      "vic": {
        "price": 4,
        "promoText": " ",
        "packageSize": "200g",
        "packagePrice": "$2.00 per 100G"
      }
    }
  },
  {
    "id": "dove-soap-beauty-bar-scented",
    "brand": "Dove",
    "name": "Beauty Soap Bar Regular 2 pack",
    "imageUrl": "https://shop.coles.com.au/wcsstore/Coles-CAS/images/5/0/0/5004133-th.jpg",
    "categories": ["health-beauty"],
    "tags": ["shower-bath-care", "soap-hand-wash"],
    "locations": {
      "vic": {
        "price": 3.8,
        "promoText": "Was $4.30 on May 2017 ",
        "packageSize": "200g",
        "packagePrice": "$1.90 per 100G"
      }
    }
  },
  {
    "id": "dove-beauty-bar--shea-butter-warm-vanilla",
    "brand": "Dove",
    "name": "Warm Vanilla Shea Butter Beauty Bar",
    "imageUrl": "https://shop.coles.com.au/wcsstore/Coles-CAS/images/9/2/2/9222318-th.jpg",
    "categories": ["health-beauty"],
    "tags": ["shower-bath-care", "soap-hand-wash"],
    "locations": {
      "vic": {
        "price": 3.8,
        "promoText": "Was $4.30 on May 2017 ",
        "packageSize": "2 pack",
        "packagePrice": "$1.90 per 100G"
      }
    }
  },
  {
    "id": "ecostore-hand-wash-vanilla-coconut",
    "brand": "Ecostore",
    "name": "Vanilla & Coconut Hand Wash",
    "imageUrl": "https://shop.coles.com.au/wcsstore/Coles-CAS/images/3/5/1/3516994-th.jpg",
    "categories": ["health-beauty"],
    "tags": ["shower-bath-care", "soap-hand-wash"],
    "locations": {
      "vic": {
        "price": 5.5,
        "promoText": " ",
        "packageSize": "250mL",
        "packagePrice": "$2.20 per 100mL"
      }
    }
  },
  {
    "id": "palmolive-soap-naturals-chamomile",
    "brand": "Palmolive",
    "name": "Naturals Balanced & Mild With Chamomile Extracts",
    "imageUrl": "https://shop.coles.com.au/wcsstore/Coles-CAS/images/5/9/2/5928766-th.jpg",
    "categories": ["health-beauty"],
    "tags": ["shower-bath-care", "soap-hand-wash"],
    "locations": {
      "vic": {
        "price": 2.85,
        "promoText": " ",
        "packageSize": "4 pack",
        "packagePrice": "$0.79 per 100G"
      }
    }
  },
  {
    "id": "palmolive-liquid-hand-wash-foam-3014566p",
    "brand": "Palmolive",
    "name": "Lime & Mint Foaming Liquid Hand Wash Refill",
    "imageUrl": "https://shop.coles.com.au/wcsstore/Coles-CAS/images/3/0/1/3014566-th.jpg",
    "categories": ["health-beauty"],
    "tags": ["shower-bath-care", "soap-hand-wash"],
    "locations": {
      "vic": {
        "price": 8.5,
        "promoText": " ",
        "packageSize": "1L",
        "packagePrice": "$0.85 per 100mL"
      }
    }
  },
  {
    "id": "palmolive-nat-sanitiser-lemon-white-citrus",
    "brand": "Palmolive",
    "name": "Lemon & White Citrus Hand Sanitiser",
    "imageUrl": "https://shop.coles.com.au/wcsstore/Coles-CAS/images/3/4/5/3450546-th.jpg",
    "categories": ["health-beauty"],
    "tags": ["shower-bath-care", "soap-hand-wash"],
    "locations": {
      "vic": {
        "price": 3,
        "promoText": " ",
        "packageSize": "48mL",
        "packagePrice": "$6.25 per 100mL"
      }
    }
  },
  {
    "id": "thankyou-milk-hand-wash-lemon-myrtle-goats-milk",
    "brand": "Thankyou",
    "name": "Milk Hand Wash Lemon Myrtle & Goats Milk",
    "imageUrl": "https://shop.coles.com.au/wcsstore/Coles-CAS/images/3/0/1/3012200-th.jpg",
    "categories": ["health-beauty"],
    "tags": ["shower-bath-care", "soap-hand-wash"],
    "locations": {
      "vic": {
        "price": 7.5,
        "promoText": " ",
        "packageSize": "500mL",
        "packagePrice": "$1.50 per 100mL"
      }
    }
  },
  {
    "id": "coles-lime-mint-foaming-handwash",
    "brand": "Coles",
    "name": "Lime & Mint Foaming Hand Wash",
    "imageUrl": "https://shop.coles.com.au/wcsstore/Coles-CAS/images/2/2/9/2292971-th.jpg",
    "categories": ["health-beauty"],
    "tags": ["shower-bath-care", "soap-hand-wash"],
    "locations": {
      "vic": {
        "price": 2,
        "promoText": " ",
        "packageSize": "250mL",
        "packagePrice": "$0.80 per 100mL"
      }
    }
  },
  {
    "id": "coles-antibacterial-hand-wash-sweet-orange",
    "brand": "Coles",
    "name": "Antibacterial Hand Wash Sweet Orange",
    "imageUrl": "https://shop.coles.com.au/wcsstore/Coles-CAS/images/3/2/3/3234551-th.jpg",
    "categories": ["health-beauty"],
    "tags": ["shower-bath-care", "soap-hand-wash"],
    "locations": {
      "vic": {
        "price": 3,
        "promoText": " ",
        "packageSize": "1L",
        "packagePrice": "$0.30 per 100mL"
      }
    }
  },
  {
    "id": "koi-hand-sanitiser-no-alcohol",
    "brand": "KOi",
    "name": "Antibacterial Hand Sanitiser Spray",
    "imageUrl": "https://shop.coles.com.au/wcsstore/Coles-CAS/images/3/5/1/3519733-th.jpg",
    "categories": ["health-beauty"],
    "tags": ["shower-bath-care", "soap-hand-wash"],
    "locations": {
      "vic": {
        "price": 5,
        "promoText": " ",
        "packageSize": "50mL",
        "packagePrice": "$10.00 per 100mL"
      }
    }
  },
  {
    "id": "natures-commonscents-soap-goat-milk",
    "brand": "Natures Commonscents",
    "name": "Goats Milk Soap",
    "imageUrl": "https://shop.coles.com.au/wcsstore/Coles-CAS/images/7/1/0/7108810-th.jpg",
    "categories": ["health-beauty"],
    "tags": ["shower-bath-care", "soap-hand-wash"],
    "locations": {
      "vic": {
        "price": 2,
        "promoText": " ",
        "packageSize": "100g",
        "packagePrice": "$2.00 per 100G"
      }
    }
  },
  {
    "id": "nivea-creme-bar-soap",
    "brand": "Nivea",
    "name": "Crème Soft Moisturising Family Soap Bar Twin Pack 2x100g",
    "imageUrl": "https://shop.coles.com.au/wcsstore/Coles-CAS/images/7/6/0/7601610-th.jpg",
    "categories": ["health-beauty"],
    "tags": ["shower-bath-care", "soap-hand-wash"],
    "locations": {
      "vic": {
        "price": 2.52,
        "promoText": "$1.08 ",
        "packageSize": "200g",
        "packagePrice": "$1.26 per 100G"
      }
    }
  },
  {
    "id": "only-good-hand-wash-nourish",
    "brand": "Only Good",
    "name": "Hand Wash Nourish",
    "imageUrl": "https://shop.coles.com.au/wcsstore/Coles-CAS/images/3/0/1/3011943-th.jpg",
    "categories": ["health-beauty"],
    "tags": ["shower-bath-care", "soap-hand-wash"],
    "locations": {
      "vic": {
        "price": 6,
        "promoText": " ",
        "packageSize": "300mL",
        "packagePrice": "$2.00 per 100mL"
      }
    }
  },
  {
    "id": "organic-lemongrass-ginger-antibact-hand-wash",
    "brand": "Organic Care",
    "name": "Lemongrass & Ginger Anti-Bacterial Hand Wash",
    "imageUrl": "https://shop.coles.com.au/wcsstore/Coles-CAS/images/3/0/1/3012800-th.jpg",
    "categories": ["health-beauty"],
    "tags": ["shower-bath-care", "soap-hand-wash"],
    "locations": {
      "vic": {
        "price": 3.5,
        "promoText": " ",
        "packageSize": "250mL",
        "packagePrice": "$1.40 per 100mL"
      }
    }
  },
  {
    "id": "palmolive-hand-wash-liquid-softwash-milk-honey-pump",
    "brand": "Palmolive",
    "name": "Milk & Honey Liquid Hand Wash",
    "imageUrl": "https://shop.coles.com.au/wcsstore/Coles-CAS/images/9/0/7/9072408-th.jpg",
    "categories": ["health-beauty"],
    "tags": ["shower-bath-care", "soap-hand-wash"],
    "locations": {
      "vic": {
        "price": 2.8,
        "promoText": " ",
        "packageSize": "250mL",
        "packagePrice": "$1.12 per 100mL"
      }
    }
  },
  {
    "id": "palmolive-hand-wash-antibacterial-2-hours-defence-refill",
    "brand": "Palmolive",
    "name": "Anti-Bacterial 2 Hours Defence Orange Liquid Hand Wash Refill",
    "imageUrl": "https://shop.coles.com.au/wcsstore/Coles-CAS/images/8/1/6/8167655-th.jpg",
    "categories": ["health-beauty"],
    "tags": ["shower-bath-care", "soap-hand-wash"],
    "locations": {
      "vic": {
        "price": 6.5,
        "promoText": "Was $6.99 on Aug 2017 ",
        "packageSize": "1L",
        "packagePrice": "$0.65 per 100mL"
      }
    }
  },
  {
    "id": "palmolive-handwash-liquid-refill-raspberry",
    "brand": "Palmolive",
    "name": "Foaming Hand Wash Refill Raspberry",
    "imageUrl": "https://shop.coles.com.au/wcsstore/Coles-CAS/images/1/3/0/1303234-th.jpg",
    "categories": ["health-beauty"],
    "tags": ["shower-bath-care", "soap-hand-wash"],
    "locations": {
      "vic": {
        "price": 5.5,
        "promoText": " ",
        "packageSize": "500mL",
        "packagePrice": "$1.10 per 100mL"
      }
    }
  },
  {
    "id": "palmolive-handwash-liquid-refill-lime",
    "brand": "Palmolive",
    "name": "Lime & Mint Foaming Liquid Hand Wash Refill",
    "imageUrl": "https://shop.coles.com.au/wcsstore/Coles-CAS/images/1/3/0/1303256-th.jpg",
    "categories": ["health-beauty"],
    "tags": ["shower-bath-care", "soap-hand-wash"],
    "locations": {
      "vic": {
        "price": 5.5,
        "promoText": " ",
        "packageSize": "500mL",
        "packagePrice": "$1.10 per 100mL"
      }
    }
  },
  {
    "id": "prize-medal-soap-toilet-oatmeal",
    "brand": "Prize Medal",
    "name": "Oatmeal Toilet Soap",
    "imageUrl": "https://shop.coles.com.au/wcsstore/Coles-CAS/images/5/9/0/5907653-th.jpg",
    "categories": ["health-beauty"],
    "tags": ["shower-bath-care", "soap-hand-wash"],
    "locations": {
      "vic": {
        "price": 3.4,
        "promoText": " ",
        "packageSize": "5 pack",
        "packagePrice": "$0.76 per 100G"
      }
    }
  },
  {
    "id": "sukin-botanical-body-wash-2994618p",
    "brand": "Sukin",
    "name": "Signature Botanical Body Wash",
    "imageUrl": "https://shop.coles.com.au/wcsstore/Coles-CAS/images/2/9/9/2994618-th.jpg",
    "categories": ["health-beauty"],
    "tags": ["shower-bath-care", "soap-hand-wash"],
    "locations": {
      "vic": {
        "price": 9.95,
        "promoText": "Was $13.00 on Jan 2020 ",
        "packageSize": "500mL",
        "packagePrice": "$1.99 per 100mL"
      }
    }
  },
  {
    "id": "thankyou-sweet-org-almd-hand-wash-refill",
    "brand": "Thankyou",
    "name": "Botanical Sweet Orange & Almond Hand Wash Refill",
    "imageUrl": "https://shop.coles.com.au/wcsstore/Coles-CAS/images/3/2/2/3227443-th.jpg",
    "categories": ["health-beauty"],
    "tags": ["shower-bath-care", "soap-hand-wash"],
    "locations": {
      "vic": {
        "price": 12.5,
        "promoText": " ",
        "packageSize": "1L",
        "packagePrice": "$1.25 per 100mL"
      }
    }
  },
  {
    "id": "bosistos-desert-lime-eucalyptus-3519438p",
    "brand": "Bosisto's",
    "name": "Desert Lime & Eucalyptus Revitalising Hand Wash",
    "imageUrl": "https://shop.coles.com.au/wcsstore/Coles-CAS/images/3/5/1/3519438-th.jpg",
    "categories": ["health-beauty"],
    "tags": ["shower-bath-care", "soap-hand-wash"],
    "locations": {
      "vic": {
        "price": 6,
        "promoText": " ",
        "packageSize": "300mL",
        "packagePrice": "$2.00 per 100mL"
      }
    }
  },
  {
    "id": "imperial-leather-soap-toilet-original",
    "brand": "Imperial Leather",
    "name": "Original Toilet Soap",
    "imageUrl": "https://shop.coles.com.au/wcsstore/Coles-CAS/images/5/8/9/5891564-th.jpg",
    "categories": ["health-beauty"],
    "tags": ["shower-bath-care", "soap-hand-wash"],
    "locations": {
      "vic": {
        "price": 4.2,
        "promoText": " ",
        "packageSize": "6 pack",
        "packagePrice": "$0.70 per 100G"
      }
    }
  },
  {
    "id": "only-good-body-bar-revitalising",
    "brand": "Only Good",
    "name": "Revitalising Hair & Body Bar",
    "imageUrl": "https://shop.coles.com.au/wcsstore/Coles-CAS/images/3/5/1/3514423-th.jpg",
    "categories": ["health-beauty"],
    "tags": ["shower-bath-care", "soap-hand-wash"],
    "locations": {
      "vic": {
        "price": 3.5,
        "promoText": " ",
        "packageSize": "80g",
        "packagePrice": "$4.38 per 100G"
      }
    }
  },
  {
    "id": "only-good-body-bar-replenishing",
    "brand": "Only Good",
    "name": "Replenishing Body Bar",
    "imageUrl": "https://shop.coles.com.au/wcsstore/Coles-CAS/images/3/5/1/3514412-th.jpg",
    "categories": ["health-beauty"],
    "tags": ["shower-bath-care", "soap-hand-wash"],
    "locations": {
      "vic": {
        "price": 3.5,
        "promoText": " ",
        "packageSize": "80g",
        "packagePrice": "$4.38 per 100G"
      }
    }
  },
  {
    "id": "only-good-body-bar-repairing",
    "brand": "Only Good",
    "name": "Manuka Honey & Pear Natural Body Bar",
    "imageUrl": "https://shop.coles.com.au/wcsstore/Coles-CAS/images/3/5/1/3514398-th.jpg",
    "categories": ["health-beauty"],
    "tags": ["shower-bath-care", "soap-hand-wash"],
    "locations": {
      "vic": {
        "price": 3.5,
        "promoText": " ",
        "packageSize": "80g",
        "packagePrice": "$4.38 per 100G"
      }
    }
  },
  {
    "id": "palmolive-soap-gold",
    "brand": "Palmolive",
    "name": "Gold Soap",
    "imageUrl": "https://shop.coles.com.au/wcsstore/Coles-CAS/images/5/9/2/5928755-th.jpg",
    "categories": ["health-beauty"],
    "tags": ["shower-bath-care", "soap-hand-wash"],
    "locations": {
      "vic": {
        "price": 2.85,
        "promoText": " ",
        "packageSize": "4 pack",
        "packagePrice": "$0.79 per 100G"
      }
    }
  },
  {
    "id": "sukin-signature-cleansing-hand-wash-refill",
    "brand": "Sukin",
    "name": "Signature Cleansing Hand Wash",
    "imageUrl": "https://shop.coles.com.au/wcsstore/Coles-CAS/images/3/5/1/3516848-th.jpg",
    "categories": ["health-beauty"],
    "tags": ["shower-bath-care", "soap-hand-wash"],
    "locations": {
      "vic": {
        "price": 17.95,
        "promoText": "Was $21.00 on Jan 2020 ",
        "packageSize": "1L",
        "packagePrice": "$17.95 per 1L"
      }
    }
  },
  {
    "id": "australian-botanical-soap-coconut-w-lime-oil",
    "brand": "Australian Botanical Soap",
    "name": "Coconut With Lime Oil",
    "imageUrl": "https://shop.coles.com.au/wcsstore/Coles-CAS/images/3/5/1/3516826-th.jpg",
    "categories": ["health-beauty"],
    "tags": ["shower-bath-care", "soap-hand-wash"],
    "locations": {
      "vic": {
        "price": 4,
        "promoText": " ",
        "packageSize": "200g",
        "packagePrice": "$2.00 per 100G"
      }
    }
  },
  {
    "id": "country-life-soap-fresh-linen",
    "brand": "Country Life",
    "name": "White Fresh Linen Soap",
    "imageUrl": "https://shop.coles.com.au/wcsstore/Coles-CAS/images/5/1/7/5175715-th.jpg",
    "categories": ["health-beauty"],
    "tags": ["shower-bath-care", "soap-hand-wash"],
    "locations": {
      "vic": {
        "price": 2.6,
        "promoText": " ",
        "packageSize": "5 pack",
        "packagePrice": "$0.58 per 100G"
      }
    }
  },
  {
    "id": "dettol-foam-lime-orange-pump",
    "brand": "Dettol",
    "name": "Lime & Orange Foam Hand wash Pump",
    "imageUrl": "https://shop.coles.com.au/wcsstore/Coles-CAS/images/3/5/2/3525500-th.jpg",
    "categories": ["health-beauty"],
    "tags": ["shower-bath-care", "soap-hand-wash"],
    "locations": {
      "vic": {
        "price": 2.5,
        "promoText": " ",
        "packageSize": "250mL",
        "packagePrice": "$1.00 per 100mL"
      }
    }
  },
  {
    "id": "lux-soap-white",
    "brand": "Lux",
    "name": "White Soft Caress Soap",
    "imageUrl": "https://shop.coles.com.au/wcsstore/Coles-CAS/images/4/8/0/4806606-th.jpg",
    "categories": ["health-beauty"],
    "tags": ["shower-bath-care", "soap-hand-wash"],
    "locations": {
      "vic": {
        "price": 3.6,
        "promoText": " ",
        "packageSize": "6 pack",
        "packagePrice": "$0.71 per 100G"
      }
    }
  },
  {
    "id": "natures-commonscents-soap-bar-paw-paw",
    "brand": "Natures Commonscents",
    "name": "Goats Milk & Paw Paw Soap Bar",
    "imageUrl": "https://shop.coles.com.au/wcsstore/Coles-CAS/images/1/3/2/1328905-th.jpg",
    "categories": ["health-beauty"],
    "tags": ["shower-bath-care", "soap-hand-wash"],
    "locations": {
      "vic": {
        "price": 2,
        "promoText": " ",
        "packageSize": "100g",
        "packagePrice": "$2.00 per 100G"
      }
    }
  },
  {
    "id": "organic-soft-vanilla-shea-replen-hand-wash",
    "brand": "Organic Care",
    "name": "Soft Vanilla Shea Replen Hand Wash",
    "imageUrl": "https://shop.coles.com.au/wcsstore/Coles-CAS/images/3/0/1/3012844-th.jpg",
    "categories": ["health-beauty"],
    "tags": ["shower-bath-care", "soap-hand-wash"],
    "locations": {
      "vic": {
        "price": 3.5,
        "promoText": " ",
        "packageSize": "250mL",
        "packagePrice": "$1.40 per 100mL"
      }
    }
  },
  {
    "id": "palmolive-heavenly-hands-foaming-raspberry",
    "brand": "Palmolive",
    "name": "Raspberry Heavenly Hands Foaming Hand Wash",
    "imageUrl": "https://shop.coles.com.au/wcsstore/Coles-CAS/images/9/2/1/9216348-th.jpg",
    "categories": ["health-beauty"],
    "tags": ["shower-bath-care", "soap-hand-wash"],
    "locations": {
      "vic": {
        "price": 3.5,
        "promoText": " ",
        "packageSize": "250mL",
        "packagePrice": "$1.40 per 100mL"
      }
    }
  },
  {
    "id": "palmolive-foam-hand-wash-refill-cherry-blossom",
    "brand": "Palmolive",
    "name": "Cherry Blossom Foaming Hand Wash Refill",
    "imageUrl": "https://shop.coles.com.au/wcsstore/Coles-CAS/images/2/8/1/2814636-th.jpg",
    "categories": ["health-beauty"],
    "tags": ["shower-bath-care", "soap-hand-wash"],
    "locations": {
      "vic": {
        "price": 5.5,
        "promoText": " ",
        "packageSize": "500mL",
        "packagePrice": "$1.10 per 100mL"
      }
    }
  },
  {
    "id": "pears-soap-transparent",
    "brand": "Pears",
    "name": "Transparent Soap",
    "imageUrl": "https://shop.coles.com.au/wcsstore/Coles-CAS/images/4/5/7/4571692-th.jpg",
    "categories": ["health-beauty"],
    "tags": ["shower-bath-care", "soap-hand-wash"],
    "locations": {
      "vic": {
        "price": 6,
        "promoText": " ",
        "packageSize": "3 pack",
        "packagePrice": "$2.00 per 1Ea"
      }
    }
  },
  {
    "id": "bosistos-desert-lime-eucalyptus",
    "brand": "Bosisto's",
    "name": "Desert Lime & Eucalyptus Revitalising Hand Wash Refill",
    "imageUrl": "https://shop.coles.com.au/wcsstore/Coles-CAS/images/3/5/1/3519493-th.jpg",
    "categories": ["health-beauty"],
    "tags": ["shower-bath-care", "soap-hand-wash"],
    "locations": {
      "vic": {
        "price": 12,
        "promoText": " ",
        "packageSize": "1L",
        "packagePrice": "$12.00 per 1L"
      }
    }
  },
  {
    "id": "bosistos-banksia-flower-lavender",
    "brand": "Bosisto's",
    "name": "Banksia Flower & Lavender Moisturising Hand Wash",
    "imageUrl": "https://shop.coles.com.au/wcsstore/Coles-CAS/images/3/5/1/3519449-th.jpg",
    "categories": ["health-beauty"],
    "tags": ["shower-bath-care", "soap-hand-wash"],
    "locations": {
      "vic": {
        "price": 6,
        "promoText": " ",
        "packageSize": "300mL",
        "packagePrice": "$2.00 per 100mL"
      }
    }
  },
  {
    "id": "bosistos-banksia-flower-lavender-3519471p",
    "brand": "Bosisto's",
    "name": "Banksia Flower & Lavender Moisturising Hand Wash Refill",
    "imageUrl": "https://shop.coles.com.au/wcsstore/Coles-CAS/images/3/5/1/3519471-th.jpg",
    "categories": ["health-beauty"],
    "tags": ["shower-bath-care", "soap-hand-wash"],
    "locations": {
      "vic": {
        "price": 12,
        "promoText": " ",
        "packageSize": "1L",
        "packagePrice": "$12.00 per 1L"
      }
    }
  },
  {
    "id": "coles-bath-soap-with-aloe-vera",
    "brand": "Coles",
    "name": "Aloe Vera Bath Soap 8 Pack",
    "imageUrl": "https://shop.coles.com.au/wcsstore/Coles-CAS/images/3/2/3/3234416-th.jpg",
    "categories": ["health-beauty"],
    "tags": ["shower-bath-care", "soap-hand-wash"],
    "locations": {
      "vic": {
        "price": 2.3,
        "promoText": " ",
        "packageSize": "800g",
        "packagePrice": "$0.29 per 100G"
      }
    }
  },
  {
    "id": "dettol-healthy-touch-instant-hand-sanitizer-refresh",
    "brand": "Dettol",
    "name": "Healthy Touch Liquid Antibacterial Instant Hand Sanitiser",
    "imageUrl": "https://shop.coles.com.au/wcsstore/Coles-CAS/images/6/4/4/6445236-th.jpg",
    "categories": ["health-beauty"],
    "tags": ["shower-bath-care", "soap-hand-wash"],
    "locations": {
      "vic": {
        "price": 3.5,
        "promoText": " ",
        "packageSize": "50mL",
        "packagePrice": "$0.70 per 10mL"
      }
    }
  },
  {
    "id": "dettol-anti-bacterial-moisture-hand-wash-refill",
    "brand": "Dettol",
    "name": "Antibacterial Liquid Hand Wash Aloe Vera and Vitamin E Refill",
    "imageUrl": "https://shop.coles.com.au/wcsstore/Coles-CAS/images/1/8/7/1878848-th.jpg",
    "categories": ["health-beauty"],
    "tags": ["shower-bath-care", "soap-hand-wash"],
    "locations": {
      "vic": {
        "price": 6.5,
        "promoText": " ",
        "packageSize": "950mL",
        "packagePrice": "$0.68 per 100mL"
      }
    }
  },
  {
    "id": "dettol-anti-bacterial-hand-wash-refresh-refill",
    "brand": "Dettol",
    "name": "Antibacterial Liquid Hand Wash Refresh Refill",
    "imageUrl": "https://shop.coles.com.au/wcsstore/Coles-CAS/images/1/8/7/1878859-th.jpg",
    "categories": ["health-beauty"],
    "tags": ["shower-bath-care", "soap-hand-wash"],
    "locations": {
      "vic": {
        "price": 6.5,
        "promoText": "Was $8.00 on Sep 2017 ",
        "packageSize": "950mL",
        "packagePrice": "$0.68 per 100mL"
      }
    }
  },
  {
    "id": "dettol-parents-approved-liquid-hand-soap",
    "brand": "Dettol",
    "name": "Parents Approved Jasmine Hand Wash Soap",
    "imageUrl": "https://shop.coles.com.au/wcsstore/Coles-CAS/images/3/5/1/3514128-th.jpg",
    "categories": ["health-beauty"],
    "tags": ["shower-bath-care", "soap-hand-wash"],
    "locations": {
      "vic": {
        "price": 3,
        "promoText": " ",
        "packageSize": "250mL",
        "packagePrice": "$1.20 per 100mL"
      }
    }
  },
  {
    "id": "dettol-instant-clip-hand-sanitiser",
    "brand": "Dettol",
    "name": "Instant Hand Sanitiser Clip",
    "imageUrl": "https://shop.coles.com.au/wcsstore/Coles-CAS/images/3/5/1/3517319-th.jpg",
    "categories": ["health-beauty"],
    "tags": ["shower-bath-care", "soap-hand-wash"],
    "locations": {
      "vic": {
        "price": 4,
        "promoText": " ",
        "packageSize": "50mL",
        "packagePrice": "$8.00 per 100mL"
      }
    }
  },
  {
    "id": "dettol-parents-approved-hand-soap-sweet-citrus",
    "brand": "Dettol",
    "name": "Parents Approved Citrus Hand Wash Soap",
    "imageUrl": "https://shop.coles.com.au/wcsstore/Coles-CAS/images/3/5/1/3514117-th.jpg",
    "categories": ["health-beauty"],
    "tags": ["shower-bath-care", "soap-hand-wash"],
    "locations": {
      "vic": {
        "price": 3,
        "promoText": " ",
        "packageSize": "250mL",
        "packagePrice": "$1.20 per 100mL"
      }
    }
  },
  {
    "id": "dettol-parents-approved-soap-bar-sweet-citrus",
    "brand": "Dettol",
    "name": "Parents Approved Citrus Scented Bar Soap 120g",
    "imageUrl": "https://shop.coles.com.au/wcsstore/Coles-CAS/images/3/5/1/3514570-th.jpg",
    "categories": ["health-beauty"],
    "tags": ["shower-bath-care", "soap-hand-wash"],
    "locations": {
      "vic": {
        "price": 4.6,
        "promoText": " ",
        "packageSize": "3 pack",
        "packagePrice": "$1.28 per 100G"
      }
    }
  },
  {
    "id": "ecostore-hand-wash-rose-geranium",
    "brand": "Ecostore",
    "name": "Rose & Geranium Hand Wash",
    "imageUrl": "https://shop.coles.com.au/wcsstore/Coles-CAS/images/3/5/1/3516983-th.jpg",
    "categories": ["health-beauty"],
    "tags": ["shower-bath-care", "soap-hand-wash"],
    "locations": {
      "vic": {
        "price": 5.5,
        "promoText": " ",
        "packageSize": "250mL",
        "packagePrice": "$2.20 per 100mL"
      }
    }
  },
  {
    "id": "koi-bar-soap-green-tea-shea-butter",
    "brand": "KOi",
    "name": "Green Tea & Shea Butter Bar Soap",
    "imageUrl": "https://shop.coles.com.au/wcsstore/Coles-CAS/images/3/5/1/3519700-th.jpg",
    "categories": ["health-beauty"],
    "tags": ["shower-bath-care", "soap-hand-wash"],
    "locations": {
      "vic": {
        "price": 3,
        "promoText": " ",
        "packageSize": "100g",
        "packagePrice": "$3.00 per 100G"
      }
    }
  },
  {
    "id": "koi-bar-soap-lem-myrtle-mango-butter",
    "brand": "KOi",
    "name": "Lemon Myrtle & Mango Butter Bar Soap",
    "imageUrl": "https://shop.coles.com.au/wcsstore/Coles-CAS/images/3/5/1/3519697-th.jpg",
    "categories": ["health-beauty"],
    "tags": ["shower-bath-care", "soap-hand-wash"],
    "locations": {
      "vic": {
        "price": 3,
        "promoText": " ",
        "packageSize": "100g",
        "packagePrice": "$3.00 per 100G"
      }
    }
  },
  {
    "id": "koi-hand-wash-jasmine-sandalwood",
    "brand": "KOi",
    "name": "Jasmine & Sandalwood Hand Wash",
    "imageUrl": "https://shop.coles.com.au/wcsstore/Coles-CAS/images/3/5/1/3519610-th.jpg",
    "categories": ["health-beauty"],
    "tags": ["shower-bath-care", "soap-hand-wash"],
    "locations": {
      "vic": {
        "price": 7,
        "promoText": " ",
        "packageSize": "500mL",
        "packagePrice": "$1.40 per 100mL"
      }
    }
  },
  {
    "id": "koi-hand-wash-bergamot-magnolia",
    "brand": "KOi",
    "name": "Bergamot & Magnolia Hand Wash",
    "imageUrl": "https://shop.coles.com.au/wcsstore/Coles-CAS/images/3/5/1/3519584-th.jpg",
    "categories": ["health-beauty"],
    "tags": ["shower-bath-care", "soap-hand-wash"],
    "locations": {
      "vic": {
        "price": 7,
        "promoText": " ",
        "packageSize": "500mL",
        "packagePrice": "$1.40 per 100mL"
      }
    }
  },
  {
    "id": "koi-bar-soap-koi-lavender-argan-oil",
    "brand": "KOi",
    "name": "Lavender & Argan Oil Bar Soap",
    "imageUrl": "https://shop.coles.com.au/wcsstore/Coles-CAS/images/3/5/1/3519675-th.jpg",
    "categories": ["health-beauty"],
    "tags": ["shower-bath-care", "soap-hand-wash"],
    "locations": {
      "vic": {
        "price": 3,
        "promoText": " ",
        "packageSize": "100g",
        "packagePrice": "$3.00 per 100G"
      }
    }
  },
  {
    "id": "lifebuoy-hs-total",
    "brand": "Lifebuoy",
    "name": "Hs Total",
    "imageUrl": "https://shop.coles.com.au/wcsstore/ColesResponsiveStorefrontAssetStore/dist/ccfc54aed6e361b650bcf0582f7b576b/img/img_product-placeholder.png",
    "categories": ["health-beauty"],
    "tags": ["shower-bath-care", "soap-hand-wash"],
    "locations": {
      "vic": {
        "price": 3.7,
        "promoText": " ",
        "packageSize": "50mL",
        "packagePrice": "$7.40 per 100mL"
      }
    }
  },
  {
    "id": "oc-anti-bacterial-orange-ginger-handwash",
    "brand": "OC",
    "name": "Anti Bacterial Orange & Ginger Handwash",
    "imageUrl": "https://shop.coles.com.au/wcsstore/Coles-CAS/images/3/7/9/3798502-th.jpg",
    "categories": ["health-beauty"],
    "tags": ["shower-bath-care", "soap-hand-wash"],
    "locations": {
      "vic": {
        "price": 0,
        "promoText": " ",
        "packageSize": "400mL",
        "packagePrice": ""
      }
    }
  },
  {
    "id": "oc-antibacterial-handwash-refill",
    "brand": "OC",
    "name": "Antibacterial Hand Wash Refill",
    "imageUrl": "https://shop.coles.com.au/wcsstore/Coles-CAS/images/3/8/0/3807625-th.jpg",
    "categories": ["health-beauty"],
    "tags": ["shower-bath-care", "soap-hand-wash"],
    "locations": {
      "vic": {
        "price": 5.7,
        "promoText": " ",
        "packageSize": "750g",
        "packagePrice": "$0.76 per 100mL"
      }
    }
  },
  {
    "id": "only-good-hand-wash-refresh",
    "brand": "Only Good",
    "name": "Hand Wash Refresh",
    "imageUrl": "https://shop.coles.com.au/wcsstore/Coles-CAS/images/3/0/1/3011987-th.jpg",
    "categories": ["health-beauty"],
    "tags": ["shower-bath-care", "soap-hand-wash"],
    "locations": {
      "vic": {
        "price": 6,
        "promoText": " ",
        "packageSize": "300mL",
        "packagePrice": "$2.00 per 100mL"
      }
    }
  },
  {
    "id": "only-good-body-bar-rejuvenating",
    "brand": "Only Good",
    "name": "Rejuvenating Body Bar",
    "imageUrl": "https://shop.coles.com.au/wcsstore/Coles-CAS/images/3/5/1/3514401-th.jpg",
    "categories": ["health-beauty"],
    "tags": ["shower-bath-care", "soap-hand-wash"],
    "locations": {
      "vic": {
        "price": 3.5,
        "promoText": " ",
        "packageSize": "80g",
        "packagePrice": "$4.38 per 100G"
      }
    }
  },
  {
    "id": "our-oure-planet-hand-sanitiser",
    "brand": "Our Pure Planet",
    "name": "Hand Sanitiser",
    "imageUrl": "https://shop.coles.com.au/wcsstore/Coles-CAS/images/3/8/0/3803170-th.jpg",
    "categories": ["health-beauty"],
    "tags": ["shower-bath-care", "soap-hand-wash"],
    "locations": {
      "vic": {
        "price": 3.5,
        "promoText": " ",
        "packageSize": "50mL",
        "packagePrice": "$7.00 per 100mL"
      }
    }
  },
  {
    "id": "palmolive-decor-van-swt-almond-foaming-hand-wash",
    "brand": "Palmolive",
    "name": "Vanilla & Sweet Almond Foaming Hand Wash",
    "imageUrl": "https://shop.coles.com.au/wcsstore/Coles-CAS/images/3/2/2/3227115-th.jpg",
    "categories": ["health-beauty"],
    "tags": ["shower-bath-care", "soap-hand-wash"],
    "locations": {
      "vic": {
        "price": 7,
        "promoText": " ",
        "packageSize": "400mL",
        "packagePrice": "$1.75 per 100mL"
      }
    }
  },
  {
    "id": "palmolive-foaming-pump-hand-wash-magnla-argan",
    "brand": "Palmolive",
    "name": "Magnolia + Argan Oil Foaming Hand Wash",
    "imageUrl": "https://shop.coles.com.au/wcsstore/Coles-CAS/images/3/5/1/3510091-th.jpg",
    "categories": ["health-beauty"],
    "tags": ["shower-bath-care", "soap-hand-wash"],
    "locations": {
      "vic": {
        "price": 7,
        "promoText": " ",
        "packageSize": "400mL",
        "packagePrice": "$1.75 per 100mL"
      }
    }
  },
  {
    "id": "palmolive-soap-charcoal",
    "brand": "Palmolive",
    "name": "Natural Charcoal Bar Soap For Men",
    "imageUrl": "https://shop.coles.com.au/wcsstore/Coles-CAS/images/3/5/0/3509332-th.jpg",
    "categories": ["health-beauty"],
    "tags": ["shower-bath-care", "soap-hand-wash"],
    "locations": {
      "vic": {
        "price": 2,
        "promoText": " ",
        "packageSize": "1 pack",
        "packagePrice": "$2.00 per 1Ea"
      }
    }
  },
  {
    "id": "palmolive-luminous-oils-invigorating-hand-wash",
    "brand": "Palmolive",
    "name": "Luminous Oils Macadamia Oil With Peony Invigorating Hand Wash",
    "imageUrl": "https://shop.coles.com.au/wcsstore/Coles-CAS/images/3/5/1/3515266-th.jpg",
    "categories": ["health-beauty"],
    "tags": ["shower-bath-care", "soap-hand-wash"],
    "locations": {
      "vic": {
        "price": 7,
        "promoText": " ",
        "packageSize": "500mL",
        "packagePrice": "$1.40 per 100mL"
      }
    }
  },
  {
    "id": "palmolive-elements-micellar-hand-wash",
    "brand": "Palmolive",
    "name": "Elements Micellar Hand Wash",
    "imageUrl": "https://shop.coles.com.au/wcsstore/Coles-CAS/images/3/7/2/3726104-th.jpg",
    "categories": ["health-beauty"],
    "tags": ["shower-bath-care", "soap-hand-wash"],
    "locations": {
      "vic": {
        "price": 7.5,
        "promoText": " ",
        "packageSize": "500mL",
        "packagePrice": "$1.50 per 100mL"
      }
    }
  },
  {
    "id": "palmolive-elements-charcoal-hand-wash",
    "brand": "Palmolive",
    "name": "Elements Charcoal Hand Wash",
    "imageUrl": "https://shop.coles.com.au/wcsstore/Coles-CAS/images/3/7/2/3726068-th.jpg",
    "categories": ["health-beauty"],
    "tags": ["shower-bath-care", "soap-hand-wash"],
    "locations": {
      "vic": {
        "price": 7.5,
        "promoText": " ",
        "packageSize": "500mL",
        "packagePrice": "$1.50 per 100mL"
      }
    }
  },
  {
    "id": "pears-hand-wash-pump",
    "brand": "Pears",
    "name": "Hand Wash Pump",
    "imageUrl": "https://shop.coles.com.au/wcsstore/Coles-CAS/images/3/2/4/3247553-th.jpg",
    "categories": ["health-beauty"],
    "tags": ["shower-bath-care", "soap-hand-wash"],
    "locations": {
      "vic": {
        "price": 3.5,
        "promoText": " ",
        "packageSize": "250mL",
        "packagePrice": "$1.40 per 100mL"
      }
    }
  },
  {
    "id": "solvol-liquid-soap",
    "brand": "Solvol",
    "name": "Liquid Scrub",
    "imageUrl": "https://shop.coles.com.au/wcsstore/Coles-CAS/images/3/5/1/3517341-th.jpg",
    "categories": ["health-beauty"],
    "tags": ["shower-bath-care", "soap-hand-wash"],
    "locations": {
      "vic": {
        "price": 5,
        "promoText": " ",
        "packageSize": "250mL",
        "packagePrice": "$2.00 per 100mL"
      }
    }
  },
  {
    "id": "the-goat-skincare-soap-bar-original",
    "brand": "The Goat Skincare",
    "name": "Original Soap Bar",
    "imageUrl": "https://shop.coles.com.au/wcsstore/Coles-CAS/images/3/2/3/3231462-th.jpg",
    "categories": ["health-beauty"],
    "tags": ["shower-bath-care", "soap-hand-wash"],
    "locations": {
      "vic": {
        "price": 3,
        "promoText": "2 for $4",
        "packageSize": "100g",
        "packagePrice": "$3.00 per 100G"
      }
    }
  },
  {
    "id": "cetaphil-gentle-skin-cleanser",
    "brand": "Cetaphil",
    "name": "Gentle Skin Cleanser",
    "imageUrl": "https://shop.coles.com.au/wcsstore/Coles-CAS/images/1/4/8/1481174-th.jpg",
    "categories": ["health-beauty"],
    "tags": ["skin-care", "body-moisturiser"],
    "locations": {
      "vic": {
        "price": 17,
        "promoText": " ",
        "packageSize": "500mL",
        "packagePrice": "$3.40 per 100mL"
      }
    }
  },
  {
    "id": "cetaphil-moisturising-lotion",
    "brand": "Cetaphil",
    "name": "Moisturising Lotion for All Skin Types",
    "imageUrl": "https://shop.coles.com.au/wcsstore/Coles-CAS/images/1/4/8/1481742-th.jpg",
    "categories": ["health-beauty"],
    "tags": ["skin-care", "body-moisturiser"],
    "locations": {
      "vic": {
        "price": 16.5,
        "promoText": " ",
        "packageSize": "500mL",
        "packagePrice": "$3.30 per 100mL"
      }
    }
  },
  {
    "id": "simple-moisturiser-light",
    "brand": "Simple",
    "name": "Light Moisturiser",
    "imageUrl": "https://shop.coles.com.au/wcsstore/Coles-CAS/images/4/9/2/4920882-th.jpg",
    "categories": ["health-beauty"],
    "tags": ["skin-care", "face-moisturiser"],
    "locations": {
      "vic": {
        "price": 10.5,
        "promoText": " ",
        "packageSize": "125mL",
        "packagePrice": "$8.40 per 100mL"
      }
    }
  },
  {
    "id": "olay-regenerist-face-cream-micro-sculptng",
    "brand": "Olay",
    "name": "Regenerist Advanced Anti-Ageing Micro-Sculpting Face Cream",
    "imageUrl": "https://shop.coles.com.au/wcsstore/Coles-CAS/images/6/9/1/6913742-th.jpg",
    "categories": ["health-beauty"],
    "tags": ["skin-care", "face-moisturiser"],
    "locations": {
      "vic": {
        "price": 49,
        "promoText": " ",
        "packageSize": "50g",
        "packagePrice": "$98.00 per 100G"
      }
    }
  },
  {
    "id": "olay-regenerist-micro-sculpting-night-cream",
    "brand": "Olay",
    "name": "Regenerist Micro-Sculpting Night Face Cream Moisturiser",
    "imageUrl": "https://shop.coles.com.au/wcsstore/Coles-CAS/images/1/6/5/1651354-th.jpg",
    "categories": ["health-beauty"],
    "tags": ["skin-care", "face-moisturiser"],
    "locations": {
      "vic": {
        "price": 49,
        "promoText": " ",
        "packageSize": "50g",
        "packagePrice": "$98.00 per 100G"
      }
    }
  },
  {
    "id": "olay-total-effects-normal-spf-15",
    "brand": "Olay",
    "name": "Total Effects 7 In One Normal Day Face Cream SPF 15",
    "imageUrl": "https://shop.coles.com.au/wcsstore/Coles-CAS/images/5/9/9/5998138-th.jpg",
    "categories": ["health-beauty"],
    "tags": ["skin-care", "face-moisturiser"],
    "locations": {
      "vic": {
        "price": 33.5,
        "promoText": " ",
        "packageSize": "50g",
        "packagePrice": "$67.00 per 100G"
      }
    }
  },
  {
    "id": "garnier-hydrabomb-tissue-mask-pomegranate",
    "brand": "Garnier",
    "name": "Hydra Bomb Pomegranate Tissue Mask",
    "imageUrl": "https://shop.coles.com.au/wcsstore/Coles-CAS/images/3/5/5/3557834-th.jpg",
    "categories": ["health-beauty"],
    "tags": ["skin-care", "face-moisturiser"],
    "locations": {
      "vic": {
        "price": 3,
        "promoText": "$3.00 ",
        "packageSize": "32g",
        "packagePrice": "$0.94 per 10G"
      }
    }
  },
  {
    "id": "olay-complete-moisturising-lotion-uv-protection-spf15-sensitive",
    "brand": "Olay",
    "name": "Complete UV Protection Sensitive Moisturiser Lotion SPF 15+",
    "imageUrl": "https://shop.coles.com.au/wcsstore/Coles-CAS/images/5/2/9/5293529-th.jpg",
    "categories": ["health-beauty"],
    "tags": ["skin-care", "face-moisturiser"],
    "locations": {
      "vic": {
        "price": 15.4,
        "promoText": " ",
        "packageSize": "150mL",
        "packagePrice": "$10.27 per 100mL"
      }
    }
  },
  {
    "id": "olay-regenerist-moisturiser-micro-sculpting-uv-spf-30",
    "brand": "Olay",
    "name": "Regenerist Advanced Anti-Ageing Micro-Sculpting UV Day Face Cream SPF 30",
    "imageUrl": "https://shop.coles.com.au/wcsstore/Coles-CAS/images/1/1/6/1168762-th.jpg",
    "categories": ["health-beauty"],
    "tags": ["skin-care", "face-moisturiser"],
    "locations": {
      "vic": {
        "price": 49,
        "promoText": " ",
        "packageSize": "50mL",
        "packagePrice": "$98.00 per 100mL"
      }
    }
  },
  {
    "id": "garnier-hydrabomb-eye-mask-orange",
    "brand": "Garnier",
    "name": "Orange Juice & Hyaluronic Acid Hydra Bomb Eye Tissue Mask",
    "imageUrl": "https://shop.coles.com.au/wcsstore/Coles-CAS/images/3/2/3/3239544-th.jpg",
    "categories": ["health-beauty"],
    "tags": ["skin-care", "face-moisturiser"],
    "locations": {
      "vic": {
        "price": 2,
        "promoText": "$2.00 ",
        "packageSize": "6g",
        "packagePrice": "$33.34 per 100G"
      }
    }
  },
  {
    "id": "nivea-lip-care-hydro-care",
    "brand": "Nivea",
    "name": "Hydrocare Moisturising Lip Balm + Shea Butter & SPF15",
    "imageUrl": "https://shop.coles.com.au/wcsstore/Coles-CAS/images/6/6/9/6693996-th.jpg",
    "categories": ["health-beauty"],
    "tags": ["skin-care", "face-moisturiser"],
    "locations": {
      "vic": {
        "price": 4,
        "promoText": " ",
        "packageSize": "4.8g",
        "packagePrice": "$83.33 per 100G"
      }
    }
  },
  {
    "id": "nivea-soft-intensive-moisturising-creme",
    "brand": "Nivea",
    "name": "Soft Cream Lotion Moisturiser  + Jojoba Oil & Vitamin E",
    "imageUrl": "https://shop.coles.com.au/wcsstore/Coles-CAS/images/6/0/8/6086596-th.jpg",
    "categories": ["health-beauty"],
    "tags": ["skin-care", "face-moisturiser"],
    "locations": {
      "vic": {
        "price": 5,
        "promoText": "$5.00 ",
        "packageSize": "200mL",
        "packagePrice": "$2.50 per 100mL"
      }
    }
  },
  {
    "id": "nivea-visage-fluid-moisturiser-spf15",
    "brand": "Nivea",
    "name": "Moisturising Day Face Cream Fluid Spf15",
    "imageUrl": "https://shop.coles.com.au/wcsstore/Coles-CAS/images/5/1/4/5143435-th.jpg",
    "categories": ["health-beauty"],
    "tags": ["skin-care", "face-moisturiser"],
    "locations": {
      "vic": {
        "price": 5.35,
        "promoText": "$2.30 ",
        "packageSize": "50mL",
        "packagePrice": "$10.70 per 100mL"
      }
    }
  },
  {
    "id": "sukin-facial-moisturiser-pump",
    "brand": "Sukin",
    "name": "Facial Moisturiser Pump",
    "imageUrl": "https://shop.coles.com.au/wcsstore/Coles-CAS/images/2/9/9/2994458-th.jpg",
    "categories": ["health-beauty"],
    "tags": ["skin-care", "face-moisturiser"],
    "locations": {
      "vic": {
        "price": 13,
        "promoText": " ",
        "packageSize": "125mL",
        "packagePrice": "$10.40 per 100mL"
      }
    }
  },
  {
    "id": "sukin-purely-ageless-restorative-night-cream",
    "brand": "Sukin",
    "name": "Purely Ageless Restorative Night Cream",
    "imageUrl": "https://shop.coles.com.au/wcsstore/Coles-CAS/images/3/4/7/3477000-th.jpg",
    "categories": ["health-beauty"],
    "tags": ["skin-care", "face-moisturiser"],
    "locations": {
      "vic": {
        "price": 26,
        "promoText": " ",
        "packageSize": "120mL",
        "packagePrice": "$21.67 per 100mL"
      }
    }
  },
  {
    "id": "rosehip-by-essano-rosehip-oil",
    "brand": "Essano",
    "name": "Rosehip Oil",
    "imageUrl": "https://shop.coles.com.au/wcsstore/Coles-CAS/images/1/9/5/1955360-th.jpg",
    "categories": ["health-beauty"],
    "tags": ["skin-care", "face-moisturiser"],
    "locations": {
      "vic": {
        "price": 14,
        "promoText": "$6.00 ",
        "packageSize": "20mL",
        "packagePrice": "$70.00 per 100mL"
      }
    }
  },
  {
    "id": "nivea-lip-care-essential",
    "brand": "Nivea",
    "name": "Original Care Moisturising Lip Balm + Shea Butter",
    "imageUrl": "https://shop.coles.com.au/wcsstore/Coles-CAS/images/9/4/7/9479890-th.jpg",
    "categories": ["health-beauty"],
    "tags": ["skin-care", "face-moisturiser"],
    "locations": {
      "vic": {
        "price": 4,
        "promoText": " ",
        "packageSize": "4.8g",
        "packagePrice": "$83.33 per 100G"
      }
    }
  },
  {
    "id": "olay-skinfusion-sake-yest-anti-wrinkle-s-mask",
    "brand": "Olay",
    "name": "Skinfusion Sake Yeast Wrinkle Relaxing Sheet Mask",
    "imageUrl": "https://shop.coles.com.au/wcsstore/Coles-CAS/images/3/5/3/3535638-th.jpg",
    "categories": ["health-beauty"],
    "tags": ["skin-care", "face-moisturiser"],
    "locations": {
      "vic": {
        "price": 10,
        "promoText": " ",
        "packageSize": "",
        "packagePrice": "$10.00 per 1Ea"
      }
    }
  },
  {
    "id": "garnier-micellar-solution",
    "brand": "Garnier",
    "name": "Micellar Cleansing Water",
    "imageUrl": "https://shop.coles.com.au/wcsstore/Coles-CAS/images/1/6/8/1683893-th.jpg",
    "categories": ["health-beauty"],
    "tags": ["skin-care", "face-moisturiser"],
    "locations": {
      "vic": {
        "price": 6.75,
        "promoText": "$6.75 ",
        "packageSize": "400mL",
        "packagePrice": "$1.69 per 100mL"
      }
    }
  },
  {
    "id": "garnier-proactive-charcoal-scrub-gel",
    "brand": "Garnier",
    "name": "Anti-Blackhead Charcoal Scrub Gel",
    "imageUrl": "https://shop.coles.com.au/wcsstore/Coles-CAS/images/1/6/8/1683984-th.jpg",
    "categories": ["health-beauty"],
    "tags": ["skin-care", "face-moisturiser"],
    "locations": {
      "vic": {
        "price": 6.25,
        "promoText": "$6.25 ",
        "packageSize": "150mL",
        "packagePrice": "$4.17 per 100mL"
      }
    }
  },
  {
    "id": "garnier-bb-cream-sheer",
    "brand": "Garnier",
    "name": "BB Cream Nude Effect Universal Shade",
    "imageUrl": "https://shop.coles.com.au/wcsstore/Coles-CAS/images/2/8/5/2859510-th.jpg",
    "categories": ["health-beauty"],
    "tags": ["skin-care", "face-moisturiser"],
    "locations": {
      "vic": {
        "price": 7.45,
        "promoText": "$7.45 ",
        "packageSize": "50mL",
        "packagePrice": "$14.90 per 100mL"
      }
    }
  },
  {
    "id": "garnier-hydrabomb-tissue-mask-lavender",
    "brand": "Garnier",
    "name": "Hydra Bomb Lavender Tissue Mask",
    "imageUrl": "https://shop.coles.com.au/wcsstore/Coles-CAS/images/3/5/5/3557823-th.jpg",
    "categories": ["health-beauty"],
    "tags": ["skin-care", "face-moisturiser"],
    "locations": {
      "vic": {
        "price": 3,
        "promoText": "$3.00 ",
        "packageSize": "32g",
        "packagePrice": "$0.94 per 10G"
      }
    }
  },
  {
    "id": "loreal-age-perfect-cream-nutrition-night",
    "brand": "L'Oreal",
    "name": "Age Perfect Intense Nutrition Night Cream",
    "imageUrl": "https://shop.coles.com.au/wcsstore/Coles-CAS/images/8/5/7/8571898-th.jpg",
    "categories": ["health-beauty"],
    "tags": ["skin-care", "face-moisturiser"],
    "locations": {
      "vic": {
        "price": 24.5,
        "promoText": "$10.50 ",
        "packageSize": "50mL",
        "packagePrice": "$49.00 per 100mL"
      }
    }
  },
  {
    "id": "loreal-revitalift-eye-cream",
    "brand": "L'Oreal",
    "name": "Revitalift Eye Plenitude Cream",
    "imageUrl": "https://shop.coles.com.au/wcsstore/Coles-CAS/images/6/8/4/6843590-th.jpg",
    "categories": ["health-beauty"],
    "tags": ["skin-care", "face-moisturiser"],
    "locations": {
      "vic": {
        "price": 23,
        "promoText": "$9.90 ",
        "packageSize": "15mL",
        "packagePrice": "$153.34 per 100mL"
      }
    }
  },
  {
    "id": "lucas-papaw-ointment-tube",
    "brand": "Lucas",
    "name": "Papaw Ointment Lip Tube",
    "imageUrl": "https://shop.coles.com.au/wcsstore/Coles-CAS/images/7/2/4/7241537-th.jpg",
    "categories": ["health-beauty"],
    "tags": ["skin-care", "face-moisturiser"],
    "locations": {
      "vic": {
        "price": 5.9,
        "promoText": " ",
        "packageSize": "25g",
        "packagePrice": "$23.60 per 100G"
      }
    }
  },
  {
    "id": "olay-face-cream-base-normal",
    "brand": "Olay",
    "name": "Moisturising Cream",
    "imageUrl": "https://shop.coles.com.au/wcsstore/Coles-CAS/images/6/9/6/69696-th.jpg",
    "categories": ["health-beauty"],
    "tags": ["skin-care", "face-moisturiser"],
    "locations": {
      "vic": {
        "price": 13,
        "promoText": " ",
        "packageSize": "100g",
        "packagePrice": "$13.00 per 100G"
      }
    }
  },
  {
    "id": "olay-face-lotion-moisturising-hydrating-normal",
    "brand": "Olay",
    "name": "Moisturising Lotion",
    "imageUrl": "https://shop.coles.com.au/wcsstore/Coles-CAS/images/1/4/8/148850-th.jpg",
    "categories": ["health-beauty"],
    "tags": ["skin-care", "face-moisturiser"],
    "locations": {
      "vic": {
        "price": 13,
        "promoText": " ",
        "packageSize": "150mL",
        "packagePrice": "$8.67 per 100mL"
      }
    }
  },
  {
    "id": "olay-eyes-pro-retinol-eye-treatment",
    "brand": "Olay",
    "name": "Eyes Pro-Retinol Anti-Ageing Eye Cream Treatment",
    "imageUrl": "https://shop.coles.com.au/wcsstore/Coles-CAS/images/2/8/5/2859044-th.jpg",
    "categories": ["health-beauty"],
    "tags": ["skin-care", "face-moisturiser"],
    "locations": {
      "vic": {
        "price": 49,
        "promoText": " ",
        "packageSize": "15mL",
        "packagePrice": "$326.69 per 100mL"
      }
    }
  },
  {
    "id": "olay-face-rg-slp-mask",
    "brand": "Olay",
    "name": "Magnemasks Advanced Anti Wrinkle Sheet Mask",
    "imageUrl": "https://shop.coles.com.au/wcsstore/Coles-CAS/images/3/5/3/3537473-th.jpg",
    "categories": ["health-beauty"],
    "tags": ["skin-care", "face-moisturiser"],
    "locations": {
      "vic": {
        "price": 11,
        "promoText": " ",
        "packageSize": "",
        "packagePrice": "$45.84 per 100G"
      }
    }
  },
  {
    "id": "olay-regenerist-retinol24-night-serum",
    "brand": "Olay",
    "name": "Regenerist Retinol 24 Night Serum",
    "imageUrl": "https://shop.coles.com.au/wcsstore/Coles-CAS/images/3/7/3/3730440-th.jpg",
    "categories": ["health-beauty"],
    "tags": ["skin-care", "face-moisturiser"],
    "locations": {
      "vic": {
        "price": 60,
        "promoText": " ",
        "packageSize": "30mL",
        "packagePrice": "$20.00 per 10G"
      }
    }
  },
  {
    "id": "skin-republic-collagen-hydrogel-under-eye-patches",
    "brand": "Skin Republic",
    "name": "Collagen Hydrogel Under Eye Patches",
    "imageUrl": "https://shop.coles.com.au/wcsstore/Coles-CAS/images/2/5/9/2590798-th.jpg",
    "categories": ["health-beauty"],
    "tags": ["skin-care", "face-moisturiser"],
    "locations": {
      "vic": {
        "price": 10,
        "promoText": " ",
        "packageSize": "6 pack",
        "packagePrice": "$3.33 per 1Ea"
      }
    }
  },
  {
    "id": "skin-republic-face-mask-hyaluronic-a-collagen",
    "brand": "Skin Republic",
    "name": "Hyaluronic Acid + Collagen Face Mask Sheet",
    "imageUrl": "https://shop.coles.com.au/wcsstore/Coles-CAS/images/2/8/5/2858198-th.jpg",
    "categories": ["health-beauty"],
    "tags": ["skin-care", "face-moisturiser"],
    "locations": {
      "vic": {
        "price": 8,
        "promoText": " ",
        "packageSize": "1 pack",
        "packagePrice": "$8.00 per 1Ea"
      }
    }
  },
  {
    "id": "sukin-purely-ageless-rejuvenating-day-cream",
    "brand": "Sukin",
    "name": "Purely Ageless Rejuvenating Day Cream",
    "imageUrl": "https://shop.coles.com.au/wcsstore/Coles-CAS/images/3/4/7/3476947-th.jpg",
    "categories": ["health-beauty"],
    "tags": ["skin-care", "face-moisturiser"],
    "locations": {
      "vic": {
        "price": 26,
        "promoText": " ",
        "packageSize": "120mL",
        "packagePrice": "$21.67 per 100mL"
      }
    }
  },
  {
    "id": "rosehip-by-essano-rejuvenating-facial-moisturiser",
    "brand": "Essano",
    "name": "Rosehip Facial Moisturiser",
    "imageUrl": "https://shop.coles.com.au/wcsstore/Coles-CAS/images/1/9/5/1955359-th.jpg",
    "categories": ["health-beauty"],
    "tags": ["skin-care", "face-moisturiser"],
    "locations": {
      "vic": {
        "price": 14,
        "promoText": "$6.00 ",
        "packageSize": "140mL",
        "packagePrice": "$10.00 per 100mL"
      }
    }
  },
  {
    "id": "garnier-miracle-skin-perfector-cream-medium",
    "brand": "Garnier",
    "name": "BB Cream Medium For Normal Skin",
    "imageUrl": "https://shop.coles.com.au/wcsstore/Coles-CAS/images/8/5/7/8573066-th.jpg",
    "categories": ["health-beauty"],
    "tags": ["skin-care", "face-moisturiser"],
    "locations": {
      "vic": {
        "price": 7.85,
        "promoText": "$7.85 ",
        "packageSize": "50mL",
        "packagePrice": "$15.70 per 100mL"
      }
    }
  },
  {
    "id": "garnier-pure-charcoal-mask-black-algae",
    "brand": "Garnier",
    "name": "Pure Charcoal Tissue Mask",
    "imageUrl": "https://shop.coles.com.au/wcsstore/Coles-CAS/images/3/5/5/3557845-th.jpg",
    "categories": ["health-beauty"],
    "tags": ["skin-care", "face-moisturiser"],
    "locations": {
      "vic": {
        "price": 3,
        "promoText": "$3.00 ",
        "packageSize": "28g",
        "packagePrice": "$1.07 per 10G"
      }
    }
  },
  {
    "id": "garnier-hydrabomb-eye-msk-antiage",
    "brand": "Garnier",
    "name": "Hydra Bomb Eye Tissue Mask",
    "imageUrl": "https://shop.coles.com.au/wcsstore/Coles-CAS/images/3/5/5/3559625-th.jpg",
    "categories": ["health-beauty"],
    "tags": ["skin-care", "face-moisturiser"],
    "locations": {
      "vic": {
        "price": 2,
        "promoText": "$2.00 ",
        "packageSize": "",
        "packagePrice": "$2.00 per 1Ea"
      }
    }
  },
  {
    "id": "loreal-age-perfect-night-cream-mature-skin",
    "brand": "L'Oreal",
    "name": "Age Perfect Night Cream",
    "imageUrl": "https://shop.coles.com.au/wcsstore/Coles-CAS/images/8/8/9/8896655-th.jpg",
    "categories": ["health-beauty"],
    "tags": ["skin-care", "face-moisturiser"],
    "locations": {
      "vic": {
        "price": 23,
        "promoText": "$9.90 ",
        "packageSize": "50mL",
        "packagePrice": "$46.00 per 100mL"
      }
    }
  },
  {
    "id": "loreal-age-perfect-day-cream-mature-skin",
    "brand": "L'Oreal",
    "name": "Age Perfect Day Cream",
    "imageUrl": "https://shop.coles.com.au/wcsstore/Coles-CAS/images/8/8/9/8896644-th.jpg",
    "categories": ["health-beauty"],
    "tags": ["skin-care", "face-moisturiser"],
    "locations": {
      "vic": {
        "price": 23,
        "promoText": "$9.90 ",
        "packageSize": "50mL",
        "packagePrice": "$46.00 per 100mL"
      }
    }
  },
  {
    "id": "lpo-rewind-age-defence-day-cream-spf15",
    "brand": "LPO",
    "name": "Rewind Age Defence Day Cream SPF 15",
    "imageUrl": "https://shop.coles.com.au/wcsstore/Coles-CAS/images/3/7/2/3722715-th.jpg",
    "categories": ["health-beauty"],
    "tags": ["skin-care", "face-moisturiser"],
    "locations": {
      "vic": {
        "price": 32,
        "promoText": " ",
        "packageSize": "50mL",
        "packagePrice": "$64.00 per 100mL"
      }
    }
  },
  {
    "id": "nivea-visage-daily-night-cream-dry-sensitive-skin",
    "brand": "Nivea",
    "name": "Daily Essentials Rich Regenerating Night Cream Face Moisturiser + Shea Butter for Dry Skin",
    "imageUrl": "https://shop.coles.com.au/wcsstore/Coles-CAS/images/8/5/8/8581982-th.jpg",
    "categories": ["health-beauty"],
    "tags": ["skin-care", "face-moisturiser"],
    "locations": {
      "vic": {
        "price": 9.35,
        "promoText": "$4.05 ",
        "packageSize": "50mL",
        "packagePrice": "$18.70 per 100mL"
      }
    }
  },
  {
    "id": "nivea-soft-intensive-moisturising-creme-114451p",
    "brand": "Nivea",
    "name": "Soft Cream Lotion Moisturiser + Jojoba Oil & Vitamin E",
    "imageUrl": "https://shop.coles.com.au/wcsstore/Coles-CAS/images/1/1/4/114451-th.jpg",
    "categories": ["health-beauty"],
    "tags": ["skin-care", "face-moisturiser"],
    "locations": {
      "vic": {
        "price": 3.75,
        "promoText": "$1.65 ",
        "packageSize": "75mL",
        "packagePrice": "$5.00 per 100mL"
      }
    }
  },
  {
    "id": "nivea-cellular-antiage-night-cream",
    "brand": "Nivea",
    "name": "Cellular Anti-Wrinkle Night Cream Face Moisturiser + Hyaluronic Acid & Collagen",
    "imageUrl": "https://shop.coles.com.au/wcsstore/Coles-CAS/images/2/2/0/2207280-th.jpg",
    "categories": ["health-beauty"],
    "tags": ["skin-care", "face-moisturiser"],
    "locations": {
      "vic": {
        "price": 14,
        "promoText": "$14.00 ",
        "packageSize": "50mL",
        "packagePrice": "$28.00 per 100mL"
      }
    }
  },
  {
    "id": "olay-complete-face-lotion-uv-dry-skin",
    "brand": "Olay",
    "name": "Complete UV Protection Normal To Dry Skin Moisturiser Lotion SPF 15+",
    "imageUrl": "https://shop.coles.com.au/wcsstore/Coles-CAS/images/5/2/9/5293540-th.jpg",
    "categories": ["health-beauty"],
    "tags": ["skin-care", "face-moisturiser"],
    "locations": {
      "vic": {
        "price": 15.4,
        "promoText": " ",
        "packageSize": "150mL",
        "packagePrice": "$10.27 per 100mL"
      }
    }
  },
  {
    "id": "olay-regenerist-night-cream",
    "brand": "Olay",
    "name": "Regenerist Advanced Anti-Ageing Revitalising Night Face Cream",
    "imageUrl": "https://shop.coles.com.au/wcsstore/Coles-CAS/images/4/9/1/4919930-th.jpg",
    "categories": ["health-beauty"],
    "tags": ["skin-care", "face-moisturiser"],
    "locations": {
      "vic": {
        "price": 33.5,
        "promoText": " ",
        "packageSize": "50g",
        "packagePrice": "$67.00 per 100G"
      }
    }
  },
  {
    "id": "olay-luminious-serum",
    "brand": "Olay",
    "name": "Regenerist Luminous Serum",
    "imageUrl": "https://shop.coles.com.au/wcsstore/Coles-CAS/images/3/5/6/3569742-th.jpg",
    "categories": ["health-beauty"],
    "tags": ["skin-care", "face-moisturiser"],
    "locations": {
      "vic": {
        "price": 53,
        "promoText": " ",
        "packageSize": "30mL",
        "packagePrice": "$176.67 per 100mL"
      }
    }
  },
  {
    "id": "skin-republic-skin-republic-charc-mask",
    "brand": "Skin Republic",
    "name": "Charcoal Peel-Off Face Mask",
    "imageUrl": "https://shop.coles.com.au/wcsstore/Coles-CAS/images/3/1/4/3148405-th.jpg",
    "categories": ["health-beauty"],
    "tags": ["skin-care", "face-moisturiser"],
    "locations": {
      "vic": {
        "price": 10,
        "promoText": " ",
        "packageSize": "",
        "packagePrice": "$3.33 per 1Ea"
      }
    }
  },
  {
    "id": "sukin-antioxidant-eye-serum",
    "brand": "Sukin",
    "name": "Antioxidant Eye Serum",
    "imageUrl": "https://shop.coles.com.au/wcsstore/Coles-CAS/images/2/9/9/2994549-th.jpg",
    "categories": ["health-beauty"],
    "tags": ["skin-care", "face-moisturiser"],
    "locations": {
      "vic": {
        "price": 20,
        "promoText": " ",
        "packageSize": "30mL",
        "packagePrice": "$66.67 per 100mL"
      }
    }
  },
  {
    "id": "sukin-hydration-hyd-night-cream-60ml",
    "brand": "Sukin",
    "name": "Hydration Hydrafusion Night Cream 60ml",
    "imageUrl": "https://shop.coles.com.au/wcsstore/Coles-CAS/images/3/7/2/3728766-th.jpg",
    "categories": ["health-beauty"],
    "tags": ["skin-care", "face-moisturiser"],
    "locations": {
      "vic": {
        "price": 23,
        "promoText": " ",
        "packageSize": "",
        "packagePrice": "$38.33 per 100mL"
      }
    }
  },
  {
    "id": "olay-total-effects-moisturiser-normal-8944259p",
    "brand": "Olay",
    "name": "Total Effects 7 in One Normal Day Face Cream",
    "imageUrl": "https://shop.coles.com.au/wcsstore/Coles-CAS/images/8/9/4/8944259-th.jpg",
    "categories": ["health-beauty"],
    "tags": ["skin-care", "face-moisturiser"],
    "locations": {
      "vic": {
        "price": 33.5,
        "promoText": " ",
        "packageSize": "50g",
        "packagePrice": "$67.00 per 100G"
      }
    }
  },
  {
    "id": "olay-total-effects-moisturiser-cream-uv-protection-9245969p",
    "brand": "Olay",
    "name": "Total Effects 7 in One UV Protection Gentle Day Face Cream SPF 15",
    "imageUrl": "https://shop.coles.com.au/wcsstore/Coles-CAS/images/9/2/4/9245969-th.jpg",
    "categories": ["health-beauty"],
    "tags": ["skin-care", "face-moisturiser"],
    "locations": {
      "vic": {
        "price": 33.5,
        "promoText": " ",
        "packageSize": "50g",
        "packagePrice": "$67.00 per 100G"
      }
    }
  },
  {
    "id": "olay-magnemask-infusion-starter-kit-anti-ageing",
    "brand": "Olay",
    "name": "Magnemasks Infusion Anti-Ageing Rejuvenating Starter Kit",
    "imageUrl": "https://shop.coles.com.au/wcsstore/Coles-CAS/images/3/2/4/3241502-th.jpg",
    "categories": ["health-beauty"],
    "tags": ["skin-care", "face-moisturiser"],
    "locations": {
      "vic": {
        "price": 55,
        "promoText": " ",
        "packageSize": "1 pack",
        "packagePrice": "$55.00 per 1Ea"
      }
    }
  },
  {
    "id": "olay-whips-face-cream-regenerist",
    "brand": "Olay",
    "name": "Regenerist Whip Active Moisturiser",
    "imageUrl": "https://shop.coles.com.au/wcsstore/Coles-CAS/images/3/4/4/3445590-th.jpg",
    "categories": ["health-beauty"],
    "tags": ["skin-care", "face-moisturiser"],
    "locations": {
      "vic": {
        "price": 49,
        "promoText": " ",
        "packageSize": "50g",
        "packagePrice": "$9.80 per 10G"
      }
    }
  },
  {
    "id": "olay-eye-brightening-eye-cream",
    "brand": "Olay",
    "name": "Brightening Eye Cream",
    "imageUrl": "https://shop.coles.com.au/wcsstore/Coles-CAS/images/3/4/4/3445568-th.jpg",
    "categories": ["health-beauty"],
    "tags": ["skin-care", "face-moisturiser"],
    "locations": {
      "vic": {
        "price": 49,
        "promoText": " ",
        "packageSize": "15mL",
        "packagePrice": "$326.69 per 100mL"
      }
    }
  },
  {
    "id": "olay-face-cream-rg-uv-whip-spf30",
    "brand": "Olay",
    "name": "Regenerist UV Whip Active Moisturiser SPF 30",
    "imageUrl": "https://shop.coles.com.au/wcsstore/Coles-CAS/images/3/5/3/3537462-th.jpg",
    "categories": ["health-beauty"],
    "tags": ["skin-care", "face-moisturiser"],
    "locations": {
      "vic": {
        "price": 49,
        "promoText": " ",
        "packageSize": "50g",
        "packagePrice": "$98.00 per 100G"
      }
    }
  },
  {
    "id": "olay-regenerist-retinol24-nght-moisturisr",
    "brand": "Olay",
    "name": "Regenerist Retional 24 Night Moisturiser",
    "imageUrl": "https://shop.coles.com.au/wcsstore/Coles-CAS/images/3/7/3/3730430-th.jpg",
    "categories": ["health-beauty"],
    "tags": ["skin-care", "face-moisturiser"],
    "locations": {
      "vic": {
        "price": 60,
        "promoText": " ",
        "packageSize": "30mL",
        "packagePrice": "$20.00 per 10G"
      }
    }
  },
  {
    "id": "skin-republic-pink-holographic-peel-off-mask",
    "brand": "Skin Republic",
    "name": "Pink Holographic Peel Off Mask",
    "imageUrl": "https://shop.coles.com.au/wcsstore/Coles-CAS/images/3/5/6/3562890-th.jpg",
    "categories": ["health-beauty"],
    "tags": ["skin-care", "face-moisturiser"],
    "locations": {
      "vic": {
        "price": 13,
        "promoText": " ",
        "packageSize": "25mL",
        "packagePrice": "$5.20 per 10mL"
      }
    }
  },
  {
    "id": "thursday-plantation-tea-tree-face-cream",
    "brand": "Thursday Plantation",
    "name": "Tea Tree Face Cream",
    "imageUrl": "https://shop.coles.com.au/wcsstore/Coles-CAS/images/2/8/5/2859816-th.jpg",
    "categories": ["health-beauty"],
    "tags": ["skin-care", "face-moisturiser"],
    "locations": {
      "vic": {
        "price": 12,
        "promoText": " ",
        "packageSize": "65g",
        "packagePrice": "$18.46 per 100G"
      }
    }
  },
  {
    "id": "olay-regenerist-cream-cleanser",
    "brand": "Olay",
    "name": "Regenerist Cream Cleanser",
    "imageUrl": "https://shop.coles.com.au/wcsstore/Coles-CAS/images/7/2/0/7204235-th.jpg",
    "categories": ["health-beauty"],
    "tags": ["skin-care", "cleansers-skin-care-wipes"],
    "locations": {
      "vic": {
        "price": 17.4,
        "promoText": " ",
        "packageSize": "100g",
        "packagePrice": "$17.40 per 100G"
      }
    }
  },
  {
    "id": "olay-total-effects-foaming-cleanser",
    "brand": "Olay",
    "name": "Total Effects Foaming Cleanser",
    "imageUrl": "https://shop.coles.com.au/wcsstore/Coles-CAS/images/5/9/8/5984789-th.jpg",
    "categories": ["health-beauty"],
    "tags": ["skin-care", "cleansers-skin-care-wipes"],
    "locations": {
      "vic": {
        "price": 13,
        "promoText": " ",
        "packageSize": "100g",
        "packagePrice": "$13.00 per 100G"
      }
    }
  },
  {
    "id": "wet-ones-be-gentle-wipes-moist",
    "brand": "Wet Ones",
    "name": "Be Gentle Anti-Bacterial Hand & Face Wipes",
    "imageUrl": "https://shop.coles.com.au/wcsstore/Coles-CAS/images/8/6/4/8640141-th.jpg",
    "categories": ["health-beauty"],
    "tags": ["skin-care", "cleansers-skin-care-wipes"],
    "locations": {
      "vic": {
        "price": 4,
        "promoText": " ",
        "packageSize": "40 pack",
        "packagePrice": "$0.10 per 1Ea"
      }
    }
  },
  {
    "id": "sukin-foaming-facial-cleanser-pump",
    "brand": "Sukin",
    "name": "Foaming Facial Cleanser Pump",
    "imageUrl": "https://shop.coles.com.au/wcsstore/Coles-CAS/images/2/9/9/2994287-th.jpg",
    "categories": ["health-beauty"],
    "tags": ["skin-care", "cleansers-skin-care-wipes"],
    "locations": {
      "vic": {
        "price": 13,
        "promoText": " ",
        "packageSize": "125mL",
        "packagePrice": "$10.40 per 100mL"
      }
    }
  },
  {
    "id": "kleenex-anti-bacterial-wet-wipes-facial-tissue",
    "brand": "Kleenex",
    "name": "Anti-Bacterial Wet Wipes Facial Tissue",
    "imageUrl": "https://shop.coles.com.au/wcsstore/Coles-CAS/images/7/8/0/7803149-th.jpg",
    "categories": ["health-beauty"],
    "tags": ["skin-care", "cleansers-skin-care-wipes"],
    "locations": {
      "vic": {
        "price": 1.75,
        "promoText": "$0.45 ",
        "packageSize": "15 pack",
        "packagePrice": "$0.12 per 1Ea"
      }
    }
  },
  {
    "id": "klenex-facial-tissues-anti-bacterial-wet-wipes",
    "brand": "Kleenex",
    "name": "Facial Tissues Anti Bacterial Wet Wipes",
    "imageUrl": "https://shop.coles.com.au/wcsstore/Coles-CAS/images/3/7/5/3755995-th.jpg",
    "categories": ["health-beauty"],
    "tags": ["skin-care", "cleansers-skin-care-wipes"],
    "locations": {
      "vic": {
        "price": 4.4,
        "promoText": " ",
        "packageSize": "40 pack",
        "packagePrice": "$0.11 per 1Ea"
      }
    }
  },
  {
    "id": "thursday-plantation--tea-tree-face-wash-for-acne",
    "brand": "Thursday Plantation",
    "name": "Tea Tree Face Wash For Acne",
    "imageUrl": "https://shop.coles.com.au/wcsstore/Coles-CAS/images/2/8/5/2859827-th.jpg",
    "categories": ["health-beauty"],
    "tags": ["skin-care", "cleansers-skin-care-wipes"],
    "locations": {
      "vic": {
        "price": 13,
        "promoText": " ",
        "packageSize": "150mL",
        "packagePrice": "$8.67 per 100mL"
      }
    }
  },
  {
    "id": "nivea-visage-daily-essentials-cream-cleansing-wash",
    "brand": "Nivea",
    "name": "Gentle Cream Face Wash Cleanser + Almond Oil",
    "imageUrl": "https://shop.coles.com.au/wcsstore/Coles-CAS/images/9/8/7/9874283-th.jpg",
    "categories": ["health-beauty"],
    "tags": ["skin-care", "cleansers-skin-care-wipes"],
    "locations": {
      "vic": {
        "price": 7.2,
        "promoText": "$3.10 ",
        "packageSize": "150mL",
        "packagePrice": "$4.80 per 100mL"
      }
    }
  },
  {
    "id": "sukin-hydrating-mist-toner",
    "brand": "Sukin",
    "name": "Hydrating Mist Toner",
    "imageUrl": "https://shop.coles.com.au/wcsstore/Coles-CAS/images/2/9/9/2994243-th.jpg",
    "categories": ["health-beauty"],
    "tags": ["skin-care", "cleansers-skin-care-wipes"],
    "locations": {
      "vic": {
        "price": 13,
        "promoText": " ",
        "packageSize": "125mL",
        "packagePrice": "$10.40 per 100mL"
      }
    }
  },
  {
    "id": "garnier-pure-3-in-1-wash--scrub-mask",
    "brand": "Garnier",
    "name": "Pure Active 3 in 1 Wash Scrub & Mask",
    "imageUrl": "https://shop.coles.com.au/wcsstore/Coles-CAS/images/6/5/5/6556306-th.jpg",
    "categories": ["health-beauty"],
    "tags": ["skin-care", "cleansers-skin-care-wipes"],
    "locations": {
      "vic": {
        "price": 6.25,
        "promoText": "$6.25 ",
        "packageSize": "150mL",
        "packagePrice": "$4.17 per 100mL"
      }
    }
  },
  {
    "id": "garnier-micellar-milky-water",
    "brand": "Garnier",
    "name": "Skin Active Micellar Cleansing Milky Water",
    "imageUrl": "https://shop.coles.com.au/wcsstore/Coles-CAS/images/3/5/3/3532731-th.jpg",
    "categories": ["health-beauty"],
    "tags": ["skin-care", "cleansers-skin-care-wipes"],
    "locations": {
      "vic": {
        "price": 7.5,
        "promoText": "$7.50 ",
        "packageSize": "400mL",
        "packagePrice": "$1.88 per 100mL"
      }
    }
  },
  {
    "id": "neutrogena-fresh-foaming-cleanser",
    "brand": "Neutrogena",
    "name": "Fresh Foaming Cleanser",
    "imageUrl": "https://shop.coles.com.au/wcsstore/Coles-CAS/images/4/9/2/4921761-th.jpg",
    "categories": ["health-beauty"],
    "tags": ["skin-care", "cleansers-skin-care-wipes"],
    "locations": {
      "vic": {
        "price": 13,
        "promoText": " ",
        "packageSize": "200mL",
        "packagePrice": "$6.50 per 100mL"
      }
    }
  },
  {
    "id": "nivea-visage-young-clean-deeper-wash-n-refine-cleanser",
    "brand": "Nivea",
    "name": "Clean Deeper Daily Fash Wash Scrub + Magnolia Extract",
    "imageUrl": "https://shop.coles.com.au/wcsstore/Coles-CAS/images/4/9/3/4932382-th.jpg",
    "categories": ["health-beauty"],
    "tags": ["skin-care", "cleansers-skin-care-wipes"],
    "locations": {
      "vic": {
        "price": 6.4,
        "promoText": "$2.80 ",
        "packageSize": "150mL",
        "packagePrice": "$4.27 per 100mL"
      }
    }
  },
  {
    "id": "olay-mist-hydrating-face-spray-energizing-essence",
    "brand": "Olay",
    "name": "Mist Hydrating Face Spray Energizing Essence",
    "imageUrl": "https://shop.coles.com.au/wcsstore/Coles-CAS/images/3/7/3/3730407-th.jpg",
    "categories": ["health-beauty"],
    "tags": ["skin-care", "cleansers-skin-care-wipes"],
    "locations": {
      "vic": {
        "price": 35,
        "promoText": " ",
        "packageSize": "98mL",
        "packagePrice": "$35.71 per 100mL"
      }
    }
  },
  {
    "id": "st-ives-apricot-blemish-scrub",
    "brand": "St Ives",
    "name": "Blemish Control Apricot Scrub",
    "imageUrl": "https://shop.coles.com.au/wcsstore/Coles-CAS/images/9/1/1/9114235-th.jpg",
    "categories": ["health-beauty"],
    "tags": ["skin-care", "cleansers-skin-care-wipes"],
    "locations": {
      "vic": {
        "price": 8,
        "promoText": "$2.00 ",
        "packageSize": "150mL",
        "packagePrice": "$5.33 per 100mL"
      }
    }
  },
  {
    "id": "biore-deep-charcoal-cleanser",
    "brand": "Biore",
    "name": "Deep Charcoal Cleanser",
    "imageUrl": "https://shop.coles.com.au/wcsstore/Coles-CAS/images/2/8/5/2859179-th.jpg",
    "categories": ["health-beauty"],
    "tags": ["skin-care", "cleansers-skin-care-wipes"],
    "locations": {
      "vic": {
        "price": 11,
        "promoText": " ",
        "packageSize": "200mL",
        "packagePrice": "$5.50 per 100mL"
      }
    }
  },
  {
    "id": "biore-pore-strips-combo-dep-cleaning",
    "brand": "Biore",
    "name": "Pore Strips Combo Deep Cleaning",
    "imageUrl": "https://shop.coles.com.au/wcsstore/Coles-CAS/images/3/7/3/3731829-th.jpg",
    "categories": ["health-beauty"],
    "tags": ["skin-care", "cleansers-skin-care-wipes"],
    "locations": {
      "vic": {
        "price": 11,
        "promoText": " ",
        "packageSize": "14 pack",
        "packagePrice": "$0.79 per 1Ea"
      }
    }
  },
  {
    "id": "coles-antibacterial-wipes-for-normal-skin",
    "brand": "Coles",
    "name": "Anti-Bacterial Wipes for Normal Skin",
    "imageUrl": "https://shop.coles.com.au/wcsstore/Coles-CAS/images/2/0/3/2035458-th.jpg",
    "categories": ["health-beauty"],
    "tags": ["skin-care", "cleansers-skin-care-wipes"],
    "locations": {
      "vic": {
        "price": 1.4,
        "promoText": " ",
        "packageSize": "15 pack",
        "packagePrice": "$0.09 per 1Ea"
      }
    }
  },
  {
    "id": "dermaveen-everyday-soap-free-wash-1960279p",
    "brand": "DermaVeen",
    "name": "Daily Nourish Soap-Free Wash",
    "imageUrl": "https://shop.coles.com.au/wcsstore/Coles-CAS/images/1/9/6/1960279-th.jpg",
    "categories": ["health-beauty"],
    "tags": ["skin-care", "cleansers-skin-care-wipes"],
    "locations": {
      "vic": {
        "price": 17,
        "promoText": " ",
        "packageSize": "500mL",
        "packagePrice": "$3.40 per 100mL"
      }
    }
  },
  {
    "id": "rosehip-by-essano-gentle-foaming-facial-cleanser",
    "brand": "Essano",
    "name": "Rosehip Gentle Foaming Facial Cleanser",
    "imageUrl": "https://shop.coles.com.au/wcsstore/Coles-CAS/images/1/9/5/1955348-th.jpg",
    "categories": ["health-beauty"],
    "tags": ["skin-care", "cleansers-skin-care-wipes"],
    "locations": {
      "vic": {
        "price": 9.8,
        "promoText": "$4.20 ",
        "packageSize": "140mL",
        "packagePrice": "$7.00 per 100mL"
      }
    }
  },
  {
    "id": "garnier-pure-active-3-in-1-chrcoal-wash",
    "brand": "Garnier",
    "name": "Pure Active 3 In 1 Charcoal Wash",
    "imageUrl": "https://shop.coles.com.au/wcsstore/Coles-CAS/images/2/8/5/2859532-th.jpg",
    "categories": ["health-beauty"],
    "tags": ["skin-care", "cleansers-skin-care-wipes"],
    "locations": {
      "vic": {
        "price": 5.95,
        "promoText": "$5.95 ",
        "packageSize": "150mL",
        "packagePrice": "$3.97 per 100mL"
      }
    }
  },
  {
    "id": "garnier-micellar-cleans-water",
    "brand": "Garnier",
    "name": "Micellar Cleansing Water",
    "imageUrl": "https://shop.coles.com.au/wcsstore/Coles-CAS/images/3/1/5/3152548-th.jpg",
    "categories": ["health-beauty"],
    "tags": ["skin-care", "cleansers-skin-care-wipes"],
    "locations": {
      "vic": {
        "price": 10,
        "promoText": "$10.00 ",
        "packageSize": "700mL",
        "packagePrice": "$1.43 per 100mL"
      }
    }
  },
  {
    "id": "loreal-pure-clay-detoxifying-gel-wash",
    "brand": "L'Oreal",
    "name": "Pure Clay Detoxifying Gel Wash",
    "imageUrl": "https://shop.coles.com.au/wcsstore/Coles-CAS/images/2/9/5/2959515-th.jpg",
    "categories": ["health-beauty"],
    "tags": ["skin-care", "cleansers-skin-care-wipes"],
    "locations": {
      "vic": {
        "price": 10.5,
        "promoText": "$4.50 ",
        "packageSize": "150mL",
        "packagePrice": "$7.00 per 100mL"
      }
    }
  },
  {
    "id": "neutro-ofaw-cleanser-pink-grapefruit",
    "brand": "Neutrogena",
    "name": "Oil Free Pink Grapefruit Cleanser",
    "imageUrl": "https://shop.coles.com.au/wcsstore/Coles-CAS/images/7/7/0/7703767-th.jpg",
    "categories": ["health-beauty"],
    "tags": ["skin-care", "cleansers-skin-care-wipes"],
    "locations": {
      "vic": {
        "price": 15.3,
        "promoText": " ",
        "packageSize": "175mL",
        "packagePrice": "$8.74 per 100mL"
      }
    }
  },
  {
    "id": "nivea-visage-refreshing-toner",
    "brand": "Nivea",
    "name": "Refreshing Facial Toner + Vitamin E",
    "imageUrl": "https://shop.coles.com.au/wcsstore/Coles-CAS/images/5/7/2/5722760-th.jpg",
    "categories": ["health-beauty"],
    "tags": ["skin-care", "cleansers-skin-care-wipes"],
    "locations": {
      "vic": {
        "price": 7,
        "promoText": "$3.00 ",
        "packageSize": "200mL",
        "packagePrice": "$3.50 per 100mL"
      }
    }
  },
  {
    "id": "nivea-visage-daily-essentials-cleansing-gel",
    "brand": "Nivea",
    "name": "Face Wash Gel Cleanser + Vitamin E",
    "imageUrl": "https://shop.coles.com.au/wcsstore/Coles-CAS/images/9/8/7/9874240-th.jpg",
    "categories": ["health-beauty"],
    "tags": ["skin-care", "cleansers-skin-care-wipes"],
    "locations": {
      "vic": {
        "price": 7.25,
        "promoText": "$3.15 ",
        "packageSize": "150mL",
        "packagePrice": "$4.83 per 100mL"
      }
    }
  },
  {
    "id": "nivea-visage-daily-essentials-exfoliating-scrub",
    "brand": "Nivea",
    "name": "Gentle Exfoliating Facial Scrub + Vitamin E",
    "imageUrl": "https://shop.coles.com.au/wcsstore/Coles-CAS/images/9/8/7/9873870-th.jpg",
    "categories": ["health-beauty"],
    "tags": ["skin-care", "cleansers-skin-care-wipes"],
    "locations": {
      "vic": {
        "price": 7.1,
        "promoText": "$3.10 ",
        "packageSize": "150mL",
        "packagePrice": "$4.73 per 100mL"
      }
    }
  },
  {
    "id": "nivea-daily-essentials-sensitive-micellar-water",
    "brand": "Nivea",
    "name": "MicellAIR Micellar Water for Sensitive Skin",
    "imageUrl": "https://shop.coles.com.au/wcsstore/Coles-CAS/images/3/0/0/3007662-th.jpg",
    "categories": ["health-beauty"],
    "tags": ["skin-care", "cleansers-skin-care-wipes"],
    "locations": {
      "vic": {
        "price": 8.4,
        "promoText": "$3.60 ",
        "packageSize": "400mL",
        "packagePrice": "$2.10 per 100mL"
      }
    }
  },
  {
    "id": "simple-daily-skin-detox-facial-cleanser-purifying",
    "brand": "Simple",
    "name": "Daily Skin Detox Purifying Facial Cleanser",
    "imageUrl": "https://shop.coles.com.au/wcsstore/Coles-CAS/images/3/4/4/3447406-th.jpg",
    "categories": ["health-beauty"],
    "tags": ["skin-care", "cleansers-skin-care-wipes"],
    "locations": {
      "vic": {
        "price": 11,
        "promoText": " ",
        "packageSize": "150mL",
        "packagePrice": "$7.33 per 100mL"
      }
    }
  },
  {
    "id": "vaseline-intensive-care-moisturiser-dry-skin",
    "brand": "Vaseline",
    "name": "Intensive Care Body Lotion Deep Restore",
    "imageUrl": "https://shop.coles.com.au/wcsstore/Coles-CAS/images/4/9/0/490544-th.jpg",
    "categories": ["health-beauty"],
    "tags": ["skin-care", "hand-moisturiser"],
    "locations": {
      "vic": {
        "price": 3.2,
        "promoText": "$0.80 ",
        "packageSize": "75mL",
        "packagePrice": "$4.27 per 100mL"
      }
    }
  },
  {
    "id": "vaseline-petroleum-jelly",
    "brand": "Vaseline",
    "name": "Petroleum Jelly Original",
    "imageUrl": "https://shop.coles.com.au/wcsstore/Coles-CAS/images/1/0/2/102179-th.jpg",
    "categories": ["health-beauty"],
    "tags": ["skin-care", "lip-care"],
    "locations": {
      "vic": {
        "price": 3.3,
        "promoText": " ",
        "packageSize": "50g",
        "packagePrice": "$6.60 per 100G"
      }
    }
  },
  {
    "id": "coles-smart-buy-petroleum-jelly",
    "brand": "Coles",
    "name": "Smart Buy Petroleum Jelly",
    "imageUrl": "https://shop.coles.com.au/wcsstore/Coles-CAS/images/7/8/3/7835940-th.jpg",
    "categories": ["health-beauty"],
    "tags": ["skin-care", "lip-care"],
    "locations": {
      "vic": {
        "price": 2.75,
        "promoText": " ",
        "packageSize": "200g",
        "packagePrice": "$1.38 per 100G"
      }
    }
  },
  {
    "id": "2xp-spf50-lotion-face-bronze",
    "brand": "2XP",
    "name": "SPF 50+ Protect Bronze Face Sunscreen Lotion",
    "imageUrl": "https://shop.coles.com.au/wcsstore/Coles-CAS/images/3/2/4/3249275-th.jpg",
    "categories": ["health-beauty"],
    "tags": ["skin-care", "self-tanning"],
    "locations": {
      "vic": {
        "price": 20,
        "promoText": " ",
        "packageSize": "70mL",
        "packagePrice": "$28.57 per 100mL"
      }
    }
  },
  {
    "id": "bondi-sands-tanning-foam-dark",
    "brand": "Bondi Sands",
    "name": "Tanning Foam Dark",
    "imageUrl": "https://shop.coles.com.au/wcsstore/Coles-CAS/images/2/4/6/2464727-th.jpg",
    "categories": ["health-beauty"],
    "tags": ["skin-care", "self-tanning"],
    "locations": {
      "vic": {
        "price": 20,
        "promoText": " ",
        "packageSize": "200mL",
        "packagePrice": "$10.00 per 100mL"
      }
    }
  },
  {
    "id": "bondi-sands-self-tanning-mitt",
    "brand": "Bondi Sands",
    "name": "Self Tanning Mitt",
    "imageUrl": "https://shop.coles.com.au/wcsstore/Coles-CAS/images/2/4/6/2464691-th.jpg",
    "categories": ["health-beauty"],
    "tags": ["skin-care", "self-tanning"],
    "locations": {
      "vic": {
        "price": 10,
        "promoText": " ",
        "packageSize": "",
        "packagePrice": "$10.00 per 1Ea"
      }
    }
  },
  {
    "id": "bondi-sands-ultra-dark-foam",
    "brand": "Bondi Sands",
    "name": "Ultra Dark Foam",
    "imageUrl": "https://shop.coles.com.au/wcsstore/Coles-CAS/images/2/9/9/2995009-th.jpg",
    "categories": ["health-beauty"],
    "tags": ["skin-care", "self-tanning"],
    "locations": {
      "vic": {
        "price": 25,
        "promoText": " ",
        "packageSize": "200mL",
        "packagePrice": "$12.50 per 100mL"
      }
    }
  },
  {
    "id": "bondi-sands-self-tan-eraser",
    "brand": "Bondi Sands",
    "name": "Self Tan Eraser",
    "imageUrl": "https://shop.coles.com.au/wcsstore/Coles-CAS/images/2/9/9/2994990-th.jpg",
    "categories": ["health-beauty"],
    "tags": ["skin-care", "self-tanning"],
    "locations": {
      "vic": {
        "price": 20,
        "promoText": " ",
        "packageSize": "200mL",
        "packagePrice": "$10.00 per 100mL"
      }
    }
  },
  {
    "id": "bondi-sands-1-hour-express-tan",
    "brand": "Bondi Sands",
    "name": "Aero One Hour Express",
    "imageUrl": "https://shop.coles.com.au/wcsstore/Coles-CAS/images/3/2/6/3264950-th.jpg",
    "categories": ["health-beauty"],
    "tags": ["skin-care", "self-tanning"],
    "locations": {
      "vic": {
        "price": 25,
        "promoText": " ",
        "packageSize": "225mL",
        "packagePrice": "$11.11 per 100mL"
      }
    }
  },
  {
    "id": "bondi-sands-aero",
    "brand": "Bondi Sands",
    "name": "Aero Dark",
    "imageUrl": "https://shop.coles.com.au/wcsstore/Coles-CAS/images/3/5/7/3571631-th.jpg",
    "categories": ["health-beauty"],
    "tags": ["skin-care", "self-tanning"],
    "locations": {
      "vic": {
        "price": 25,
        "promoText": " ",
        "packageSize": "225mL",
        "packagePrice": "$11.11 per 100mL"
      }
    }
  },
  {
    "id": "bondi-sands-aero-ultra-dark",
    "brand": "Bondi Sands",
    "name": "Aero Ultra Dark",
    "imageUrl": "https://shop.coles.com.au/wcsstore/Coles-CAS/images/3/7/3/3732297-th.jpg",
    "categories": ["health-beauty"],
    "tags": ["skin-care", "self-tanning"],
    "locations": {
      "vic": {
        "price": 27,
        "promoText": " ",
        "packageSize": "225mL",
        "packagePrice": "$12.00 per 100mL"
      }
    }
  },
  {
    "id": "hawaiian-tropic-tan-foam-1hr-express",
    "brand": "Hawaiian Tropic",
    "name": "Sunless Tan Self Tanning Foam",
    "imageUrl": "https://shop.coles.com.au/wcsstore/Coles-CAS/images/3/6/0/3605788-th.jpg",
    "categories": ["health-beauty"],
    "tags": ["skin-care", "self-tanning"],
    "locations": {
      "vic": {
        "price": 12,
        "promoText": "$12.00 ",
        "packageSize": "200g",
        "packagePrice": "$6.00 per 100G"
      }
    }
  },
  {
    "id": "hawaiian-tropic-sunless-tan-milk-gradual",
    "brand": "Hawaiian Tropic",
    "name": "Sunless Tanning Milk Every day Gradual",
    "imageUrl": "https://shop.coles.com.au/wcsstore/Coles-CAS/images/3/6/0/3605799-th.jpg",
    "categories": ["health-beauty"],
    "tags": ["skin-care", "self-tanning"],
    "locations": {
      "vic": {
        "price": 17,
        "promoText": " ",
        "packageSize": "375mL",
        "packagePrice": "$4.53 per 100mL"
      }
    }
  },
  {
    "id": "hawaian-tropic-sunless-tan-foam-dark",
    "brand": "Hawaiian Tropic",
    "name": "Sunless Tan Foam Dark",
    "imageUrl": "https://shop.coles.com.au/wcsstore/Coles-CAS/images/3/6/0/3605777-th.jpg",
    "categories": ["health-beauty"],
    "tags": ["skin-care", "self-tanning"],
    "locations": {
      "vic": {
        "price": 19,
        "promoText": " ",
        "packageSize": "200mL",
        "packagePrice": "$9.50 per 100mL"
      }
    }
  },
  {
    "id": "le-tan-express-tan-mousse",
    "brand": "Le Tan",
    "name": "Express Tan Mousse",
    "imageUrl": "https://shop.coles.com.au/wcsstore/Coles-CAS/images/3/0/2/3024333-th.jpg",
    "categories": ["health-beauty"],
    "tags": ["skin-care", "self-tanning"],
    "locations": {
      "vic": {
        "price": 15,
        "promoText": " ",
        "packageSize": "110mL",
        "packagePrice": "$13.64 per 100mL"
      }
    }
  },
  {
    "id": "le-tan-uber-glow-green-b-oil-self-tan-foam",
    "brand": "Le Tan",
    "name": "Uber Glow Green Base For All Skin Tones",
    "imageUrl": "https://shop.coles.com.au/wcsstore/Coles-CAS/images/3/2/9/3299182-th.jpg",
    "categories": ["health-beauty"],
    "tags": ["skin-care", "self-tanning"],
    "locations": {
      "vic": {
        "price": 25,
        "promoText": " ",
        "packageSize": "200mL",
        "packagePrice": "$12.50 per 100mL"
      }
    }
  },
  {
    "id": "le-tan-uber-glow-gradual-tan-250ml",
    "brand": "Le Tan",
    "name": "Uber Glow Gradual Tanning Lotion For All Skin Tones",
    "imageUrl": "https://shop.coles.com.au/wcsstore/Coles-CAS/images/3/2/6/3269829-th.jpg",
    "categories": ["health-beauty"],
    "tags": ["skin-care", "self-tanning"],
    "locations": {
      "vic": {
        "price": 15,
        "promoText": " ",
        "packageSize": "250mL",
        "packagePrice": "$6.00 per 100mL"
      }
    }
  },
  {
    "id": "le-tan-uber-tan-lotion-green-base",
    "brand": "Le Tan",
    "name": "Uber Dark Green Base For All Skin Tones",
    "imageUrl": "https://shop.coles.com.au/wcsstore/Coles-CAS/images/3/2/4/3249479-th.jpg",
    "categories": ["health-beauty"],
    "tags": ["skin-care", "self-tanning"],
    "locations": {
      "vic": {
        "price": 25,
        "promoText": " ",
        "packageSize": "200mL",
        "packagePrice": "$12.50 per 100mL"
      }
    }
  },
  {
    "id": "le-tan-uber-tan-lotion-ash-base",
    "brand": "Le Tan",
    "name": "Uber Dark Ash Base For Fair Skin Tones",
    "imageUrl": "https://shop.coles.com.au/wcsstore/Coles-CAS/images/3/2/4/3249457-th.jpg",
    "categories": ["health-beauty"],
    "tags": ["skin-care", "self-tanning"],
    "locations": {
      "vic": {
        "price": 25,
        "promoText": " ",
        "packageSize": "200mL",
        "packagePrice": "$12.50 per 100mL"
      }
    }
  },
  {
    "id": "le-tan-uber-glow-foamed-self-tan-foam-ash-base",
    "brand": "Le Tan",
    "name": "Uber Glow For Fair Skin Tones Ash Base",
    "imageUrl": "https://shop.coles.com.au/wcsstore/Coles-CAS/images/3/2/6/3264213-th.jpg",
    "categories": ["health-beauty"],
    "tags": ["skin-care", "self-tanning"],
    "locations": {
      "vic": {
        "price": 25,
        "promoText": " ",
        "packageSize": "200mL",
        "packagePrice": "$12.50 per 100mL"
      }
    }
  },
  {
    "id": "reef-suntan-oil-coconut",
    "brand": "Reef",
    "name": "Coconut Suntan Oil",
    "imageUrl": "https://shop.coles.com.au/wcsstore/Coles-CAS/images/5/5/7/5578370-th.jpg",
    "categories": ["health-beauty"],
    "tags": ["skin-care", "self-tanning"],
    "locations": {
      "vic": {
        "price": 11.5,
        "promoText": " ",
        "packageSize": "125mL",
        "packagePrice": "$9.20 per 100mL"
      }
    }
  },
  {
    "id": "reef-sun-tan-oil-spray-spf-15",
    "brand": "Reef",
    "name": "Sun Tan Coconut Oil Spray Spf 15",
    "imageUrl": "https://shop.coles.com.au/wcsstore/Coles-CAS/images/3/5/6/3566610-th.jpg",
    "categories": ["health-beauty"],
    "tags": ["skin-care", "self-tanning"],
    "locations": {
      "vic": {
        "price": 16,
        "promoText": " ",
        "packageSize": "220mL",
        "packagePrice": "$7.27 per 100mL"
      }
    }
  },
  {
    "id": "st-tropez-gradual-tan-classic-med-drk",
    "brand": "St. Tropez",
    "name": "Everyday Gradual Tan Face Light/Medium",
    "imageUrl": "https://shop.coles.com.au/wcsstore/Coles-CAS/images/3/2/4/3249231-th.jpg",
    "categories": ["health-beauty"],
    "tags": ["skin-care", "self-tanning"],
    "locations": {
      "vic": {
        "price": 34,
        "promoText": " ",
        "packageSize": "200mL",
        "packagePrice": "$17.00 per 100mL"
      }
    }
  },
  {
    "id": "uber-stay-foam-ash",
    "brand": "Uber Stay",
    "name": "Ash Base dark Cool Brown Self Tanning Foam",
    "imageUrl": "https://shop.coles.com.au/wcsstore/Coles-CAS/images/3/5/8/3584145-th.jpg",
    "categories": ["health-beauty"],
    "tags": ["skin-care", "self-tanning"],
    "locations": {
      "vic": {
        "price": 30,
        "promoText": " ",
        "packageSize": "200mL",
        "packagePrice": "$15.00 per 100mL"
      }
    }
  },
  {
    "id": "nivea-sun-sunscreen-kids-roll-on-30",
    "brand": "Nivea",
    "name": "Sun Kids Roll On Moisturising Sunscreen Lotion SPF50+",
    "imageUrl": "https://shop.coles.com.au/wcsstore/Coles-CAS/images/9/8/7/9870941-th.jpg",
    "categories": ["health-beauty"],
    "tags": ["skin-care", "sunscren"],
    "locations": {
      "vic": {
        "price": 11,
        "promoText": " ",
        "packageSize": "65mL",
        "packagePrice": "$16.92 per 100mL"
      }
    }
  },
  {
    "id": "nivea-sun-sunscreen-normal-spf30",
    "brand": "Nivea",
    "name": "Sun Moisturising Sunscreen Lotion SPF50+",
    "imageUrl": "https://shop.coles.com.au/wcsstore/Coles-CAS/images/4/1/4/4147215-th.jpg",
    "categories": ["health-beauty"],
    "tags": ["skin-care", "sunscren"],
    "locations": {
      "vic": {
        "price": 16.5,
        "promoText": " ",
        "packageSize": "200mL",
        "packagePrice": "$8.25 per 100mL"
      }
    }
  },
  {
    "id": "nivea-sun-ultra-sport-spray-sunscreen-spf-50",
    "brand": "Nivea",
    "name": "Sun Ultra Sport Moisturising Sunscreen Spray Lotion SPF50+",
    "imageUrl": "https://shop.coles.com.au/wcsstore/Coles-CAS/images/2/4/5/2459603-th.jpg",
    "categories": ["health-beauty"],
    "tags": ["skin-care", "sunscren"],
    "locations": {
      "vic": {
        "price": 18,
        "promoText": " ",
        "packageSize": "200mL",
        "packagePrice": "$9.00 per 100mL"
      }
    }
  },
  {
    "id": "cca-face-moisturiser-sunscreen-face-medium",
    "brand": "Cancer Council",
    "name": "Face Moisturiser Sunscreen SPF 50+ Medium",
    "imageUrl": "https://shop.coles.com.au/wcsstore/Coles-CAS/images/3/2/4/3248294-th.jpg",
    "categories": ["health-beauty"],
    "tags": ["skin-care", "sunscren"],
    "locations": {
      "vic": {
        "price": 13,
        "promoText": " ",
        "packageSize": "75mL",
        "packagePrice": "$17.33 per 100mL"
      }
    }
  },
  {
    "id": "neutrogena-hydro-boost-water-gel-lotion-spf50",
    "brand": "Neutrogena",
    "name": "Hydro Boost Water Gel Lotion Sunscreen SPF50",
    "imageUrl": "https://shop.coles.com.au/wcsstore/Coles-CAS/images/3/2/9/3299830-th.jpg",
    "categories": ["health-beauty"],
    "tags": ["skin-care", "sunscren"],
    "locations": {
      "vic": {
        "price": 15,
        "promoText": " ",
        "packageSize": "88mL",
        "packagePrice": "$17.05 per 100mL"
      }
    }
  },
  {
    "id": "2xp-spf50-lotion-hydrate",
    "brand": "2XP",
    "name": "SPF 50+ Hydrate Body Sunscreen Lotion",
    "imageUrl": "https://shop.coles.com.au/wcsstore/Coles-CAS/images/3/2/4/3249399-th.jpg",
    "categories": ["health-beauty"],
    "tags": ["skin-care", "sunscren"],
    "locations": {
      "vic": {
        "price": 15,
        "promoText": " ",
        "packageSize": "125mL",
        "packagePrice": "$12.00 per 100mL"
      }
    }
  },
  {
    "id": "2xp-spf50-lotion-hydrate-3249344p",
    "brand": "2XP",
    "name": "SPF 50+ Hydrate Sunscreen Lotion",
    "imageUrl": "https://shop.coles.com.au/wcsstore/Coles-CAS/images/3/2/4/3249344-th.jpg",
    "categories": ["health-beauty"],
    "tags": ["skin-care", "sunscren"],
    "locations": {
      "vic": {
        "price": 25,
        "promoText": " ",
        "packageSize": "400mL",
        "packagePrice": "$6.25 per 100mL"
      }
    }
  },
  {
    "id": "banana-boat-sunscreen-spf30-sensitive",
    "brand": "Banana Boat",
    "name": "Sensitive Sunscreen SPF 50+",
    "imageUrl": "https://shop.coles.com.au/wcsstore/Coles-CAS/images/5/2/9/5293063-th.jpg",
    "categories": ["health-beauty"],
    "tags": ["skin-care", "sunscren"],
    "locations": {
      "vic": {
        "price": 16,
        "promoText": " ",
        "packageSize": "200g",
        "packagePrice": "$8.00 per 100G"
      }
    }
  },
  {
    "id": "banana-boat-sunscreen-sport-spf30",
    "brand": "Banana Boat",
    "name": "Sunscreen Sports SPF 50+",
    "imageUrl": "https://shop.coles.com.au/wcsstore/Coles-CAS/images/4/7/1/4717120-th.jpg",
    "categories": ["health-beauty"],
    "tags": ["skin-care", "sunscren"],
    "locations": {
      "vic": {
        "price": 16,
        "promoText": " ",
        "packageSize": "200g",
        "packagePrice": "$8.00 per 100G"
      }
    }
  },
  {
    "id": "banana-boat-baby-sunscreen-roll-on-spf-30",
    "brand": "Banana Boat",
    "name": "Baby Roll On Sunscreen SPF 50+",
    "imageUrl": "https://shop.coles.com.au/wcsstore/Coles-CAS/images/7/2/1/7211456-th.jpg",
    "categories": ["health-beauty"],
    "tags": ["skin-care", "sunscren"],
    "locations": {
      "vic": {
        "price": 10.7,
        "promoText": " ",
        "packageSize": "75mL",
        "packagePrice": "$14.27 per 100mL"
      }
    }
  },
  {
    "id": "banana-boat-sunscreen-everyday-spf30",
    "brand": "Banana Boat",
    "name": "Everyday Sunscreen SPF 50+",
    "imageUrl": "https://shop.coles.com.au/wcsstore/Coles-CAS/images/7/7/0/7708727-th.jpg",
    "categories": ["health-beauty"],
    "tags": ["skin-care", "sunscren"],
    "locations": {
      "vic": {
        "price": 20.4,
        "promoText": " ",
        "packageSize": "400g",
        "packagePrice": "$5.10 per 100G"
      }
    }
  },
  {
    "id": "banana-boat-kids-pump-sunscreen-spf-30",
    "brand": "Banana Boat",
    "name": "Kids Sunscreen Lotion SPF 50+",
    "imageUrl": "https://shop.coles.com.au/wcsstore/Coles-CAS/images/7/2/1/7211503-th.jpg",
    "categories": ["health-beauty"],
    "tags": ["skin-care", "sunscren"],
    "locations": {
      "vic": {
        "price": 20.4,
        "promoText": " ",
        "packageSize": "400g",
        "packagePrice": "$5.10 per 100G"
      }
    }
  },
  {
    "id": "banana-boat-sport-pump-sunscreen-sweat-resistant-spf-30-7211514p",
    "brand": "Banana Boat",
    "name": "Sport SPF 50+ Sunscreen Lotion",
    "imageUrl": "https://shop.coles.com.au/wcsstore/Coles-CAS/images/7/2/1/7211514-th.jpg",
    "categories": ["health-beauty"],
    "tags": ["skin-care", "sunscren"],
    "locations": {
      "vic": {
        "price": 20.4,
        "promoText": " ",
        "packageSize": "400g",
        "packagePrice": "$5.10 per 100G"
      }
    }
  },
  {
    "id": "banana-boat-sunscreen-spf30-sport",
    "brand": "Banana Boat",
    "name": "Sport Sunscreen SPF 50+",
    "imageUrl": "https://shop.coles.com.au/wcsstore/Coles-CAS/images/5/2/9/5293551-th.jpg",
    "categories": ["health-beauty"],
    "tags": ["skin-care", "sunscren"],
    "locations": {
      "vic": {
        "price": 11,
        "promoText": " ",
        "packageSize": "100g",
        "packagePrice": "$11.00 per 100G"
      }
    }
  },
  {
    "id": "banana-boat-sunscreen-spray-clear-ultra-spf30",
    "brand": "Banana Boat",
    "name": "Ultra Clear Spray Sunscreen SPF 50+",
    "imageUrl": "https://shop.coles.com.au/wcsstore/Coles-CAS/images/9/8/7/9873101-th.jpg",
    "categories": ["health-beauty"],
    "tags": ["skin-care", "sunscren"],
    "locations": {
      "vic": {
        "price": 15,
        "promoText": "Was $16.80 on Oct 2018 ",
        "packageSize": "175g",
        "packagePrice": "$8.57 per 100G"
      }
    }
  },
  {
    "id": "banana-boat-after-sun-aloe-gel",
    "brand": "Banana Boat",
    "name": "Pure Aloe Vera Gel",
    "imageUrl": "https://shop.coles.com.au/wcsstore/Coles-CAS/images/5/2/9/5296549-th.jpg",
    "categories": ["health-beauty"],
    "tags": ["skin-care", "sunscren"],
    "locations": {
      "vic": {
        "price": 8,
        "promoText": " ",
        "packageSize": "250g",
        "packagePrice": "$3.20 per 100G"
      }
    }
  },
  {
    "id": "banana-boat-dry-balance-spf50-spray",
    "brand": "Banana Boat",
    "name": "Dry Balance Sunscreen Spray SPF50+",
    "imageUrl": "https://shop.coles.com.au/wcsstore/Coles-CAS/images/2/9/9/2996894-th.jpg",
    "categories": ["health-beauty"],
    "tags": ["skin-care", "sunscren"],
    "locations": {
      "vic": {
        "price": 17,
        "promoText": "Was $18.00 on Aug 2019 ",
        "packageSize": "175g",
        "packagePrice": "$9.71 per 100G"
      }
    }
  },
  {
    "id": "banana-boat-simply-protec-s-body-lotion-spf50",
    "brand": "Banana Boat",
    "name": "Simply Protect Sensitive Sunscreen Lotion SPF 50+",
    "imageUrl": "https://shop.coles.com.au/wcsstore/Coles-CAS/images/3/5/6/3566595-th.jpg",
    "categories": ["health-beauty"],
    "tags": ["skin-care", "sunscren"],
    "locations": {
      "vic": {
        "price": 20,
        "promoText": " ",
        "packageSize": "100g",
        "packagePrice": "$20.00 per 100G"
      }
    }
  },
  {
    "id": "banana-boat-simply-prot-sunscreen-lotion-spf50",
    "brand": "Banana Boat",
    "name": "Simply Protect Sunscreen Lotion SPF 50+",
    "imageUrl": "https://shop.coles.com.au/wcsstore/Coles-CAS/images/3/5/6/3566584-th.jpg",
    "categories": ["health-beauty"],
    "tags": ["skin-care", "sunscren"],
    "locations": {
      "vic": {
        "price": 8.5,
        "promoText": "$8.50 ",
        "packageSize": "50g",
        "packagePrice": "$17.00 per 100G"
      }
    }
  },
  {
    "id": "banana-b-simply-sunscreen-kids-lotion-spray-spf50",
    "brand": "Banana Boat",
    "name": "Simply Protect Kids Sunscreen Lotion Spray SPF 50+",
    "imageUrl": "https://shop.coles.com.au/wcsstore/Coles-CAS/images/3/5/6/3566518-th.jpg",
    "categories": ["health-beauty"],
    "tags": ["skin-care", "sunscren"],
    "locations": {
      "vic": {
        "price": 17.5,
        "promoText": " ",
        "packageSize": "175g",
        "packagePrice": "$10.00 per 100G"
      }
    }
  },
  {
    "id": "bondis-sands-spf50-lotion",
    "brand": "Bondi Sands",
    "name": "Coconut Beach Sunscreen Lotion SPF 50+",
    "imageUrl": "https://shop.coles.com.au/wcsstore/Coles-CAS/images/3/5/7/3571551-th.jpg",
    "categories": ["health-beauty"],
    "tags": ["skin-care", "sunscren"],
    "locations": {
      "vic": {
        "price": 18,
        "promoText": " ",
        "packageSize": "200mL",
        "packagePrice": "$9.00 per 100mL"
      }
    }
  },
  {
    "id": "bondi-sands-spf-50-face-lotion",
    "brand": "Bondi Sands",
    "name": "Face Lotion SPF 50+",
    "imageUrl": "https://shop.coles.com.au/wcsstore/Coles-CAS/images/3/5/9/3599120-th.jpg",
    "categories": ["health-beauty"],
    "tags": ["skin-care", "sunscren"],
    "locations": {
      "vic": {
        "price": 15,
        "promoText": " ",
        "packageSize": "75mL",
        "packagePrice": "$20.00 per 100mL"
      }
    }
  },
  {
    "id": "bondi-sands-spf-50-lotion",
    "brand": "Bondi Sands",
    "name": "Lotion SPF 50+",
    "imageUrl": "https://shop.coles.com.au/wcsstore/Coles-CAS/images/3/5/9/3597227-th.jpg",
    "categories": ["health-beauty"],
    "tags": ["skin-care", "sunscren"],
    "locations": {
      "vic": {
        "price": 13,
        "promoText": " ",
        "packageSize": "150mL",
        "packagePrice": "$8.67 per 100mL"
      }
    }
  },
  {
    "id": "the-cancer-council-sunscreen-everyday-spf30",
    "brand": "Cancer Council",
    "name": "Everyday SPF 30+ Sunscreen",
    "imageUrl": "https://shop.coles.com.au/wcsstore/Coles-CAS/images/6/5/6/6563130-th.jpg",
    "categories": ["health-beauty"],
    "tags": ["skin-care", "sunscren"],
    "locations": {
      "vic": {
        "price": 15.75,
        "promoText": " ",
        "packageSize": "220mL",
        "packagePrice": "$7.16 per 100mL"
      }
    }
  },
  {
    "id": "the-cancer-council-australia-sunscreen-cream-spf30-sport",
    "brand": "Cancer Council",
    "name": "Sunscreen Sport SPF 50+",
    "imageUrl": "https://shop.coles.com.au/wcsstore/Coles-CAS/images/6/9/7/6978373-th.jpg",
    "categories": ["health-beauty"],
    "tags": ["skin-care", "sunscren"],
    "locations": {
      "vic": {
        "price": 12.5,
        "promoText": " ",
        "packageSize": "110mL",
        "packagePrice": "$12.50 per 1Ea"
      }
    }
  },
  {
    "id": "the-cancer-council-australia-sunscreen-roll-on-ultra-spf30",
    "brand": "Cancer Council",
    "name": "Roll On Sunscreen SPF 50+",
    "imageUrl": "https://shop.coles.com.au/wcsstore/Coles-CAS/images/5/9/9/5996290-th.jpg",
    "categories": ["health-beauty"],
    "tags": ["skin-care", "sunscren"],
    "locations": {
      "vic": {
        "price": 10.4,
        "promoText": " ",
        "packageSize": "75mL",
        "packagePrice": "$13.87 per 100mL"
      }
    }
  },
  {
    "id": "the-cancer-council-australia-sunscreen-ultra-bottle-spf30",
    "brand": "Cancer Council",
    "name": "Ultra Sunscreen SPF 50+",
    "imageUrl": "https://shop.coles.com.au/wcsstore/Coles-CAS/images/4/6/8/4687835-th.jpg",
    "categories": ["health-beauty"],
    "tags": ["skin-care", "sunscren"],
    "locations": {
      "vic": {
        "price": 15.75,
        "promoText": " ",
        "packageSize": "220mL",
        "packagePrice": "$7.16 per 100mL"
      }
    }
  },
  {
    "id": "cancer-council-sunscreen-kids-tube-30",
    "brand": "Cancer Council",
    "name": "Kids Sunscreen SPF 50+",
    "imageUrl": "https://shop.coles.com.au/wcsstore/Coles-CAS/images/9/8/7/9875843-th.jpg",
    "categories": ["health-beauty"],
    "tags": ["skin-care", "sunscren"],
    "locations": {
      "vic": {
        "price": 12.5,
        "promoText": " ",
        "packageSize": "110mL",
        "packagePrice": "$11.36 per 100mL"
      }
    }
  },
  {
    "id": "the-cancer-council-australia-sunscreen-lotion-work-spf50",
    "brand": "Cancer Council",
    "name": "Work Sunscreen Lotion Pump SPF 50+",
    "imageUrl": "https://shop.coles.com.au/wcsstore/Coles-CAS/images/1/4/8/1484558-th.jpg",
    "categories": ["health-beauty"],
    "tags": ["skin-care", "sunscren"],
    "locations": {
      "vic": {
        "price": 27,
        "promoText": " ",
        "packageSize": "500mL",
        "packagePrice": "$5.40 per 100mL"
      }
    }
  },
  {
    "id": "the-cancer-council-australia-sunscreen-lotion-ultra-spf50",
    "brand": "Cancer Council",
    "name": "Ultra Sunscreen Lotion SPF 50+",
    "imageUrl": "https://shop.coles.com.au/wcsstore/Coles-CAS/images/1/4/8/1484547-th.jpg",
    "categories": ["health-beauty"],
    "tags": ["skin-care", "sunscren"],
    "locations": {
      "vic": {
        "price": 27,
        "promoText": " ",
        "packageSize": "500mL",
        "packagePrice": "$5.40 per 100mL"
      }
    }
  },
  {
    "id": "cancer-council-ultra-cooling-sunscreen-lotion-spf-50",
    "brand": "Cancer Council",
    "name": "Ultra Cooling Sunscreen Lotion SPF 50+",
    "imageUrl": "https://shop.coles.com.au/wcsstore/Coles-CAS/images/2/4/6/2464818-th.jpg",
    "categories": ["health-beauty"],
    "tags": ["skin-care", "sunscren"],
    "locations": {
      "vic": {
        "price": 13,
        "promoText": " ",
        "packageSize": "110mL",
        "packagePrice": "$11.82 per 100mL"
      }
    }
  },
  {
    "id": "cancer-council-peppa-pig-kids-pump-sunscreen-spf-50",
    "brand": "Cancer Council",
    "name": "Kids Sunscreen SPF 50+",
    "imageUrl": "https://shop.coles.com.au/wcsstore/Coles-CAS/images/2/4/6/2464807-th.jpg",
    "categories": ["health-beauty"],
    "tags": ["skin-care", "sunscren"],
    "locations": {
      "vic": {
        "price": 27,
        "promoText": " ",
        "packageSize": "500mL",
        "packagePrice": "$5.40 per 100mL"
      }
    }
  },
  {
    "id": "cancer-council-sports-sunscreen-eziclip-spf-50",
    "brand": "Cancer Council",
    "name": "Sports Sunscreen Eziclip SPF 50+",
    "imageUrl": "https://shop.coles.com.au/wcsstore/Coles-CAS/images/2/9/9/2995111-th.jpg",
    "categories": ["health-beauty"],
    "tags": ["skin-care", "sunscren"],
    "locations": {
      "vic": {
        "price": 10,
        "promoText": " ",
        "packageSize": "50mL",
        "packagePrice": "$20.00 per 100mL"
      }
    }
  },
  {
    "id": "tcca-moisturising-tube-sunscreen-spf50",
    "brand": "Cancer Council",
    "name": "Moisturising Tube Sunscreen SPF 50+",
    "imageUrl": "https://shop.coles.com.au/wcsstore/Coles-CAS/images/3/2/9/3299987-th.jpg",
    "categories": ["health-beauty"],
    "tags": ["skin-care", "sunscren"],
    "locations": {
      "vic": {
        "price": 12,
        "promoText": " ",
        "packageSize": "110mL",
        "packagePrice": "$10.91 per 100mL"
      }
    }
  },
  {
    "id": "tcca-sensitive-tube-sunscreen-spf50",
    "brand": "Cancer Council",
    "name": "Sensitive Sunscreen Tube SPF 50+",
    "imageUrl": "https://shop.coles.com.au/wcsstore/Coles-CAS/images/3/5/6/3568284-th.jpg",
    "categories": ["health-beauty"],
    "tags": ["skin-care", "sunscren"],
    "locations": {
      "vic": {
        "price": 13.5,
        "promoText": " ",
        "packageSize": "110mL",
        "packagePrice": "$12.27 per 100mL"
      }
    }
  },
  {
    "id": "coles-soothing-after-sun-gel-aloe-vera",
    "brand": "Coles",
    "name": "After Sun Aloe Vera Gel",
    "imageUrl": "https://shop.coles.com.au/wcsstore/Coles-CAS/images/3/2/5/3257502-th.jpg",
    "categories": ["health-beauty"],
    "tags": ["skin-care", "sunscren"],
    "locations": {
      "vic": {
        "price": 4,
        "promoText": " ",
        "packageSize": "200mL",
        "packagePrice": "$2.00 per 100mL"
      }
    }
  },
  {
    "id": "coles-sunscreen-ultra-for-face-spf50",
    "brand": "Coles",
    "name": "Ultra Facial Sunscreen SPF50+",
    "imageUrl": "https://shop.coles.com.au/wcsstore/Coles-CAS/images/3/2/5/3257466-th.jpg",
    "categories": ["health-beauty"],
    "tags": ["skin-care", "sunscren"],
    "locations": {
      "vic": {
        "price": 6,
        "promoText": " ",
        "packageSize": "50mL",
        "packagePrice": "$12.00 per 100mL"
      }
    }
  },
  {
    "id": "coles-sunscreen-ultra-spf50-roll-on",
    "brand": "Coles",
    "name": "Ultra Sunscreen SPF50+ Roll On",
    "imageUrl": "https://shop.coles.com.au/wcsstore/Coles-CAS/images/3/2/5/3256951-th.jpg",
    "categories": ["health-beauty"],
    "tags": ["skin-care", "sunscren"],
    "locations": {
      "vic": {
        "price": 4,
        "promoText": " ",
        "packageSize": "75mL",
        "packagePrice": "$5.33 per 100mL"
      }
    }
  },
  {
    "id": "coles-sunscreen-ultra-spf50",
    "brand": "Coles",
    "name": "Ultra Sunscreen SPF 50+",
    "imageUrl": "https://shop.coles.com.au/wcsstore/Coles-CAS/images/3/2/5/3256918-th.jpg",
    "categories": ["health-beauty"],
    "tags": ["skin-care", "sunscren"],
    "locations": {
      "vic": {
        "price": 5,
        "promoText": " ",
        "packageSize": "200mL",
        "packagePrice": "$2.50 per 100mL"
      }
    }
  },
  {
    "id": "coles-sunscreen-ultra-spf-50",
    "brand": "Coles",
    "name": "Ultra Sunscreen SPF 50+",
    "imageUrl": "https://shop.coles.com.au/wcsstore/Coles-CAS/images/3/2/5/3256860-th.jpg",
    "categories": ["health-beauty"],
    "tags": ["skin-care", "sunscren"],
    "locations": {
      "vic": {
        "price": 2.75,
        "promoText": "Was $3.00 on Sep 2019 ",
        "packageSize": "100mL",
        "packagePrice": "$2.75 per 100mL"
      }
    }
  },
  {
    "id": "coles-sunscreen-ultra-spf-50-3256667p",
    "brand": "Coles",
    "name": "Ultra Sunscreen SPF 50+",
    "imageUrl": "https://shop.coles.com.au/wcsstore/Coles-CAS/images/3/2/5/3256667-th.jpg",
    "categories": ["health-beauty"],
    "tags": ["skin-care", "sunscren"],
    "locations": {
      "vic": {
        "price": 8.5,
        "promoText": " ",
        "packageSize": "1L",
        "packagePrice": "$8.50 per 1L"
      }
    }
  },
  {
    "id": "coles-sunscreen-ultra-spf50-sensitive",
    "brand": "Coles",
    "name": "Sensitive Sunscreen SPF 50+",
    "imageUrl": "https://shop.coles.com.au/wcsstore/Coles-CAS/images/3/2/5/3257411-th.jpg",
    "categories": ["health-beauty"],
    "tags": ["skin-care", "sunscren"],
    "locations": {
      "vic": {
        "price": 5,
        "promoText": " ",
        "packageSize": "200mL",
        "packagePrice": "$2.50 per 100mL"
      }
    }
  },
  {
    "id": "coles-sunscreen-ultra-spf-50-3256780p",
    "brand": "Coles",
    "name": "Ultra Sunscreen SPF 50+",
    "imageUrl": "https://shop.coles.com.au/wcsstore/Coles-CAS/images/3/2/5/3256780-th.jpg",
    "categories": ["health-beauty"],
    "tags": ["skin-care", "sunscren"],
    "locations": {
      "vic": {
        "price": 6.5,
        "promoText": " ",
        "packageSize": "500mL",
        "packagePrice": "$1.30 per 100mL"
      }
    }
  },
  {
    "id": "hawaiian-tropic-hydration-after-sun-240ml",
    "brand": "Hawaiian Tropic",
    "name": "Silk Hydration After Sun Moisturisation Lotion",
    "imageUrl": "https://shop.coles.com.au/wcsstore/Coles-CAS/images/3/2/6/3268190-th.jpg",
    "categories": ["health-beauty"],
    "tags": ["skin-care", "sunscren"],
    "locations": {
      "vic": {
        "price": 12,
        "promoText": " ",
        "packageSize": "240mL",
        "packagePrice": "$5.00 per 100mL"
      }
    }
  },
  {
    "id": "hawaiian-tropic-hydration-lotion-spf50",
    "brand": "Hawaiian Tropic",
    "name": "Silk Hydration Moisturisation Sunscreen Lotion SPF 50+",
    "imageUrl": "https://shop.coles.com.au/wcsstore/Coles-CAS/images/3/2/6/3268167-th.jpg",
    "categories": ["health-beauty"],
    "tags": ["skin-care", "sunscren"],
    "locations": {
      "vic": {
        "price": 17,
        "promoText": " ",
        "packageSize": "180mL",
        "packagePrice": "$9.44 per 100mL"
      }
    }
  },
  {
    "id": "hawaiian-tropic-d-defence-sunscreen-face-spf50",
    "brand": "Hawaiian Tropic",
    "name": "Tropic Duo Defence Face Sunscreen Lotion SPF 50+",
    "imageUrl": "https://shop.coles.com.au/wcsstore/Coles-CAS/images/3/5/6/3566551-th.jpg",
    "categories": ["health-beauty"],
    "tags": ["skin-care", "sunscren"],
    "locations": {
      "vic": {
        "price": 8.5,
        "promoText": "Was $20.00 on Feb 2020 ",
        "packageSize": "100mL",
        "packagePrice": "$8.50 per 100mL"
      }
    }
  },
  {
    "id": "invisible-zinc-tinted-daywear-light-spf30",
    "brand": "Invisible Zinc",
    "name": "Tinted Daywear Light SPF 30+",
    "imageUrl": "https://shop.coles.com.au/wcsstore/Coles-CAS/images/2/9/9/2996806-th.jpg",
    "categories": ["health-beauty"],
    "tags": ["skin-care", "sunscren"],
    "locations": {
      "vic": {
        "price": 32,
        "promoText": " ",
        "packageSize": "50g",
        "packagePrice": "$64.00 per 100G"
      }
    }
  },
  {
    "id": "invsble-zinc-sheer-tntd-moistrsr-spf50-medum",
    "brand": "Invisible Zinc",
    "name": "Sheer Defence Tinted Moisturiser SPF 50 Medium",
    "imageUrl": "https://shop.coles.com.au/wcsstore/Coles-CAS/images/3/2/6/3263833-th.jpg",
    "categories": ["health-beauty"],
    "tags": ["skin-care", "sunscren"],
    "locations": {
      "vic": {
        "price": 25,
        "promoText": " ",
        "packageSize": "50g",
        "packagePrice": "$50.00 per 100G"
      }
    }
  },
  {
    "id": "le-tan-coconut-lotion-spf-15",
    "brand": "Le Tan",
    "name": "Coconut Lotion SPF15",
    "imageUrl": "https://shop.coles.com.au/wcsstore/Coles-CAS/images/7/2/1/7211525-th.jpg",
    "categories": ["health-beauty"],
    "tags": ["skin-care", "sunscren"],
    "locations": {
      "vic": {
        "price": 10,
        "promoText": " ",
        "packageSize": "125mL",
        "packagePrice": "$8.00 per 100mL"
      }
    }
  },
  {
    "id": "le-tan-sunscreen-spray-mist-coconut-spf30",
    "brand": "Le Tan",
    "name": "Coconut Sunscreen Spray Mist SPF 30+",
    "imageUrl": "https://shop.coles.com.au/wcsstore/Coles-CAS/images/9/6/2/9623261-th.jpg",
    "categories": ["health-beauty"],
    "tags": ["skin-care", "sunscren"],
    "locations": {
      "vic": {
        "price": 17,
        "promoText": " ",
        "packageSize": "250mL",
        "packagePrice": "$6.80 per 100mL"
      }
    }
  },
  {
    "id": "neutrogena-ultra-sheer-body-mist-sunscreen-spray-spf-30",
    "brand": "Neutrogena",
    "name": "Ultra Sheer Body Mist SPF 50+ Sunscreen Spray",
    "imageUrl": "https://shop.coles.com.au/wcsstore/Coles-CAS/images/7/2/1/7212277-th.jpg",
    "categories": ["health-beauty"],
    "tags": ["skin-care", "sunscren"],
    "locations": {
      "vic": {
        "price": 15,
        "promoText": " ",
        "packageSize": "140g",
        "packagePrice": "$10.71 per 100G"
      }
    }
  },
  {
    "id": "neutrogena-ultra-sheer-dry-touch-sunscreen-lotion-spf-30",
    "brand": "Neutrogena",
    "name": "Helioplex Ultra Sheer Dry-Touch Sunscreen Lotion SPF 50+",
    "imageUrl": "https://shop.coles.com.au/wcsstore/Coles-CAS/images/7/2/1/7212302-th.jpg",
    "categories": ["health-beauty"],
    "tags": ["skin-care", "sunscren"],
    "locations": {
      "vic": {
        "price": 15,
        "promoText": " ",
        "packageSize": "85mL",
        "packagePrice": "$17.65 per 100mL"
      }
    }
  },
  {
    "id": "neutrogena-sunscreen-beach-defence-lotion-spf-50",
    "brand": "Neutrogena",
    "name": "Beach Defence Sunscreen Lotion SPF 50+",
    "imageUrl": "https://shop.coles.com.au/wcsstore/Coles-CAS/images/1/4/7/1479977-th.jpg",
    "categories": ["health-beauty"],
    "tags": ["skin-care", "sunscren"],
    "locations": {
      "vic": {
        "price": 17.3,
        "promoText": " ",
        "packageSize": "198mL",
        "packagePrice": "$8.74 per 100mL"
      }
    }
  },
  {
    "id": "neutrogena-sunscreen-beach-defence-spray-spf-50",
    "brand": "Neutrogena",
    "name": "Beach Defence Sunscreen Spray SPF 50+",
    "imageUrl": "https://shop.coles.com.au/wcsstore/Coles-CAS/images/1/4/7/1479988-th.jpg",
    "categories": ["health-beauty"],
    "tags": ["skin-care", "sunscren"],
    "locations": {
      "vic": {
        "price": 17.3,
        "promoText": " ",
        "packageSize": "184g",
        "packagePrice": "$9.40 per 100G"
      }
    }
  },
  {
    "id": "neutrogena-ultra-sheer-clear-face-sunscreen-50",
    "brand": "Neutrogena",
    "name": "Ultra Sheer Clear Face Sunscreen 50+",
    "imageUrl": "https://shop.coles.com.au/wcsstore/Coles-CAS/images/1/9/6/1960870-th.jpg",
    "categories": ["health-beauty"],
    "tags": ["skin-care", "sunscren"],
    "locations": {
      "vic": {
        "price": 17,
        "promoText": " ",
        "packageSize": "88mL",
        "packagePrice": "$19.32 per 100mL"
      }
    }
  },
  {
    "id": "neutrogena-sheer-zinc-body-spf50-sunscreen",
    "brand": "Neutrogena",
    "name": "Sheer Zinc Body SPF50 Sunscreen",
    "imageUrl": "https://shop.coles.com.au/wcsstore/Coles-CAS/images/3/0/1/3014737-th.jpg",
    "categories": ["health-beauty"],
    "tags": ["skin-care", "sunscren"],
    "locations": {
      "vic": {
        "price": 24,
        "promoText": " ",
        "packageSize": "88mL",
        "packagePrice": "$27.27 per 100mL"
      }
    }
  },
  {
    "id": "nivea-sun-feel-sun-lotion-spf-30",
    "brand": "Nivea",
    "name": "Sun Light Feel Sunscreen Lotion Moisturiser SPF30",
    "imageUrl": "https://shop.coles.com.au/wcsstore/Coles-CAS/images/8/5/8/8582260-th.jpg",
    "categories": ["health-beauty"],
    "tags": ["skin-care", "sunscren"],
    "locations": {
      "vic": {
        "price": 16,
        "promoText": " ",
        "packageSize": "200mL",
        "packagePrice": "$8.00 per 100mL"
      }
    }
  },
  {
    "id": "nivea-sun-sun-spray-spf30",
    "brand": "Nivea",
    "name": "Sun 4 Hour Water Resistant Sunscreen Moisturiser Spray Lotion + Vitamin E & SPF30",
    "imageUrl": "https://shop.coles.com.au/wcsstore/Coles-CAS/images/4/7/2/4721376-th.jpg",
    "categories": ["health-beauty"],
    "tags": ["skin-care", "sunscren"],
    "locations": {
      "vic": {
        "price": 18.6,
        "promoText": " ",
        "packageSize": "200mL",
        "packagePrice": "$9.30 per 100mL"
      }
    }
  },
  {
    "id": "nivea--sun-protect-moisture-sunscreen-lotion-spg50",
    "brand": "Nivea",
    "name": "Sun 4 Hour Water Resistant Sunscreen Moisturiser Lotion + Vitamin E & SPF50+",
    "imageUrl": "https://shop.coles.com.au/wcsstore/Coles-CAS/images/2/7/9/2794175-th.jpg",
    "categories": ["health-beauty"],
    "tags": ["skin-care", "sunscren"],
    "locations": {
      "vic": {
        "price": 11,
        "promoText": " ",
        "packageSize": "100mL",
        "packagePrice": "$11.00 per 100mL"
      }
    }
  },
  {
    "id": "nivea-sun-protect-moist-sunscreen-lotion",
    "brand": "Nivea",
    "name": "Sun Sunscreen Moisturiser Lotion + Vitamin E & SPF50+",
    "imageUrl": "https://shop.coles.com.au/wcsstore/Coles-CAS/images/2/7/9/2794164-th.jpg",
    "categories": ["health-beauty"],
    "tags": ["skin-care", "sunscren"],
    "locations": {
      "vic": {
        "price": 21,
        "promoText": " ",
        "packageSize": "400mL",
        "packagePrice": "$5.25 per 100mL"
      }
    }
  },
  {
    "id": "nivea-sun-trigger-spray-sunscreen-spf50",
    "brand": "Nivea",
    "name": "Sun 4 Hour Water Resistant Sunscreen Moisturiser Spray Lotion + Vitamin E & SPF50+",
    "imageUrl": "https://shop.coles.com.au/wcsstore/Coles-CAS/images/2/9/9/2995814-th.jpg",
    "categories": ["health-beauty"],
    "tags": ["skin-care", "sunscren"],
    "locations": {
      "vic": {
        "price": 21,
        "promoText": " ",
        "packageSize": "300mL",
        "packagePrice": "$7.00 per 100mL"
      }
    }
  },
  {
    "id": "nivea-sun-roll-on-sunscreen-spf50-2995825p",
    "brand": "Nivea",
    "name": "Sun Moisturising Sunscreen Roll On Lotion + Vitamin E SPF50+",
    "imageUrl": "https://shop.coles.com.au/wcsstore/Coles-CAS/images/2/9/9/2995825-th.jpg",
    "categories": ["health-beauty"],
    "tags": ["skin-care", "sunscren"],
    "locations": {
      "vic": {
        "price": 11.5,
        "promoText": " ",
        "packageSize": "65mL",
        "packagePrice": "$17.69 per 100mL"
      }
    }
  },
  {
    "id": "nivea-sun-uv-face-shine-control-spf-50",
    "brand": "Nivea",
    "name": "Sun Shine Control Face Sunscreen Lotion SPF50",
    "imageUrl": "https://shop.coles.com.au/wcsstore/Coles-CAS/images/3/2/6/3268316-th.jpg",
    "categories": ["health-beauty"],
    "tags": ["skin-care", "sunscren"],
    "locations": {
      "vic": {
        "price": 13,
        "promoText": " ",
        "packageSize": "50mL",
        "packagePrice": "$26.00 per 100mL"
      }
    }
  },
  {
    "id": "nivea-sun-sunscreen-spray-ultra-sport-spf50",
    "brand": "Nivea",
    "name": "Sun Cooling Sunscreen Moisturiser Spray Lotion + Vitamin E & SPF50+",
    "imageUrl": "https://shop.coles.com.au/wcsstore/Coles-CAS/images/3/2/8/3283568-th.jpg",
    "categories": ["health-beauty"],
    "tags": ["skin-care", "sunscren"],
    "locations": {
      "vic": {
        "price": 21,
        "promoText": " ",
        "packageSize": "300mL",
        "packagePrice": "$7.00 per 100mL"
      }
    }
  },
  {
    "id": "nivea-sun-bb-cream-uv-face-spf50-3268382p",
    "brand": "Nivea",
    "name": "Sun UV Face Tinted BB Cream Sunscreen Lotion SPF50",
    "imageUrl": "https://shop.coles.com.au/wcsstore/Coles-CAS/images/3/2/6/3268382-th.jpg",
    "categories": ["health-beauty"],
    "tags": ["skin-care", "sunscren"],
    "locations": {
      "vic": {
        "price": 13,
        "promoText": " ",
        "packageSize": "50mL",
        "packagePrice": "$26.00 per 100mL"
      }
    }
  },
  {
    "id": "nivea-sun-sunscren-lotion-sensitive-protect-spf50",
    "brand": "Nivea",
    "name": "Sun Sensitive Skin Moisturising Sunscreen SPF50+ + Aloe Vera & Chamomile",
    "imageUrl": "https://shop.coles.com.au/wcsstore/Coles-CAS/images/3/5/3/3531692-th.jpg",
    "categories": ["health-beauty"],
    "tags": ["skin-care", "sunscren"],
    "locations": {
      "vic": {
        "price": 16,
        "promoText": " ",
        "packageSize": "200mL",
        "packagePrice": "$8.00 per 100mL"
      }
    }
  },
  {
    "id": "nivea-sun-sunscren-lotion-sensitive-protect-spf50-3531670p",
    "brand": "Nivea",
    "name": "Sun Sensitive Skin Moisturising Sunscreen SPF50+ + Aloe Vera & Chamomile",
    "imageUrl": "https://shop.coles.com.au/wcsstore/Coles-CAS/images/3/5/3/3531670-th.jpg",
    "categories": ["health-beauty"],
    "tags": ["skin-care", "sunscren"],
    "locations": {
      "vic": {
        "price": 11,
        "promoText": " ",
        "packageSize": "100mL",
        "packagePrice": "$11.00 per 100mL"
      }
    }
  },
  {
    "id": "reef-suntan-oil-coconut-spf15",
    "brand": "Reef",
    "name": "Coconut SPF 15+ Suntan Oil",
    "imageUrl": "https://shop.coles.com.au/wcsstore/Coles-CAS/images/5/5/7/5577195-th.jpg",
    "categories": ["health-beauty"],
    "tags": ["skin-care", "sunscren"],
    "locations": {
      "vic": {
        "price": 11.5,
        "promoText": " ",
        "packageSize": "125mL",
        "packagePrice": "$9.20 per 100mL"
      }
    }
  },
  {
    "id": "reef-sunscreen-lotion-spf50",
    "brand": "Reef",
    "name": "Coconut Sunscreen Dry Touch Lotion SPF 50+",
    "imageUrl": "https://shop.coles.com.au/wcsstore/Coles-CAS/images/3/5/6/3568309-th.jpg",
    "categories": ["health-beauty"],
    "tags": ["skin-care", "sunscren"],
    "locations": {
      "vic": {
        "price": 12,
        "promoText": " ",
        "packageSize": "150mL",
        "packagePrice": "$8.00 per 100mL"
      }
    }
  }
]

