[
  {
    "id": "cenovis-vitamin-c-250mg",
    "brand": "Cenovis",
    "name": "Vitamin C 250mg Tablets",
    "imageUrl": "https://shop.coles.com.au/wcsstore/Coles-CAS/images/2/5/5/2556213-th.jpg",
    "categories": ["winter"],
    "tags": ["cold-and-flu", "cold-flu-vitamins"],
    "locations": {
      "vic": {
        "price": 5.25,
        "promoText": "$5.25 ",
        "packageSize": "150 pack",
        "packagePrice": "$0.04 per 1Ea"
      }
    }
  },
  {
    "id": "blackmores-bio-c-1000mg-tablets",
    "brand": "Blackmores",
    "name": "Bio C 1000mg Tablets",
    "imageUrl": "https://shop.coles.com.au/wcsstore/Coles-CAS/images/8/2/9/8297402-th.jpg",
    "categories": ["winter"],
    "tags": ["cold-and-flu", "cold-flu-vitamins"],
    "locations": {
      "vic": {
        "price": 8.8,
        "promoText": "$8.80 ",
        "packageSize": "62 pack",
        "packagePrice": "$14.19 per 100Ea"
      }
    }
  },
  {
    "id": "blackmores-bio-zinc-tablets",
    "brand": "Blackmores",
    "name": "Bio Zinc 84 Tablets",
    "imageUrl": "https://shop.coles.com.au/wcsstore/Coles-CAS/images/8/2/9/8296705-th.jpg",
    "categories": ["winter"],
    "tags": ["cold-and-flu", "cold-flu-vitamins"],
    "locations": {
      "vic": {
        "price": 9.3,
        "promoText": "$9.30 ",
        "packageSize": "1 pack",
        "packagePrice": "$9.30 per 1Ea"
      }
    }
  },
  {
    "id": "blackmores-tablets-bio-c-chewable-500mg-value-pack",
    "brand": "Blackmores",
    "name": "Bio C 500mg Chewable Tablets",
    "imageUrl": "https://shop.coles.com.au/wcsstore/Coles-CAS/images/9/6/8/9688926-th.jpg",
    "categories": ["winter"],
    "tags": ["cold-and-flu", "cold-flu-vitamins"],
    "locations": {
      "vic": {
        "price": 14.5,
        "promoText": " ",
        "packageSize": "125 pack",
        "packagePrice": "$11.60 per 100Ea"
      }
    }
  },
  {
    "id": "cenovis-tablets-echinacea-garlic-zinc-c",
    "brand": "Cenovis",
    "name": "Echinacea Garlic Zinc & C Tablets",
    "imageUrl": "https://shop.coles.com.au/wcsstore/Coles-CAS/images/7/1/0/7103770-th.jpg",
    "categories": ["winter"],
    "tags": ["cold-and-flu", "cold-flu-vitamins"],
    "locations": {
      "vic": {
        "price": 13,
        "promoText": "$13.00 ",
        "packageSize": "125 pack",
        "packagePrice": "$0.10 per 1Ea"
      }
    }
  },
  {
    "id": "blackmores-vit-c-echinacea",
    "brand": "Blackmores",
    "name": "Vitamin C 1000 Echinacea + Zinc Effervescent Tablets",
    "imageUrl": "https://shop.coles.com.au/wcsstore/Coles-CAS/images/3/4/7/3472640-th.jpg",
    "categories": ["winter"],
    "tags": ["cold-and-flu", "cold-flu-vitamins"],
    "locations": {
      "vic": {
        "price": 3.5,
        "promoText": "$3.50 ",
        "packageSize": "10 Pack",
        "packagePrice": "$0.35 per 1Ea"
      }
    }
  },
  {
    "id": "cenovis-tablets-value-pack-mega-c-orange-1000mg",
    "brand": "Cenovis",
    "name": "Mega C 1000mg Tablets",
    "imageUrl": "https://shop.coles.com.au/wcsstore/Coles-CAS/images/9/3/1/9314518-th.jpg",
    "categories": ["winter"],
    "tags": ["cold-and-flu", "cold-flu-vitamins"],
    "locations": {
      "vic": {
        "price": 5,
        "promoText": "$5.00 ",
        "packageSize": "60 pack",
        "packagePrice": "$0.08 per 1Ea"
      }
    }
  },
  {
    "id": "cenovis-zinc-plus-tablets",
    "brand": "Cenovis",
    "name": "Zinc Plus Tablets",
    "imageUrl": "https://shop.coles.com.au/wcsstore/Coles-CAS/images/2/8/2/2828743-th.jpg",
    "categories": ["winter"],
    "tags": ["cold-and-flu", "cold-flu-vitamins"],
    "locations": {
      "vic": {
        "price": 13,
        "promoText": "Was $14.00 on Dec 2017 ",
        "packageSize": "150 pack",
        "packagePrice": "$8.67 per 100Ea"
      }
    }
  },
  {
    "id": "nature-s-way-kids-vita-gummies-vit-c-sugar-fre",
    "brand": "Nature's Way",
    "name": "Kids Vita Gummies Vit C Sugar Free",
    "imageUrl": "https://shop.coles.com.au/wcsstore/Coles-CAS/images/3/7/5/3753151-th.jpg",
    "categories": ["winter"],
    "tags": ["cold-and-flu", "cold-flu-vitamins"],
    "locations": {
      "vic": {
        "price": 20,
        "promoText": " ",
        "packageSize": "70 pack",
        "packagePrice": "$28.57 per 100Ea"
      }
    }
  },
  {
    "id": "swisse-ultiboost-high-strength-c-tablets",
    "brand": "Swisse",
    "name": "High Strength C",
    "imageUrl": "https://shop.coles.com.au/wcsstore/Coles-CAS/images/2/8/6/2869456-th.jpg",
    "categories": ["winter"],
    "tags": ["cold-and-flu", "cold-flu-vitamins"],
    "locations": {
      "vic": {
        "price": 40,
        "promoText": " ",
        "packageSize": "150 Pack",
        "packagePrice": "$0.27 per 1Ea"
      }
    }
  },
  {
    "id": "voost-effervescent-vitamin-c-1000mg",
    "brand": "Voost",
    "name": "Vitamin C 1000mg 20 Blood Orange Effervescent Tablets",
    "imageUrl": "https://shop.coles.com.au/wcsstore/Coles-CAS/images/3/2/7/3279775-th.jpg",
    "categories": ["winter"],
    "tags": ["cold-and-flu", "cold-flu-vitamins"],
    "locations": {
      "vic": {
        "price": 5,
        "promoText": "$1.50 ",
        "packageSize": "1 pack",
        "packagePrice": "$5.00 per 1Ea"
      }
    }
  },
  {
    "id": "blackmores-vit-c-elderberry-gummy",
    "brand": "Blackmores",
    "name": "Vitamin C + Elderberry Gummies",
    "imageUrl": "https://shop.coles.com.au/wcsstore/Coles-CAS/images/3/7/0/3709615-th.jpg",
    "categories": ["winter"],
    "tags": ["cold-and-flu", "cold-flu-vitamins"],
    "locations": {
      "vic": {
        "price": 12.5,
        "promoText": "$12.50 ",
        "packageSize": "120 pack",
        "packagePrice": "$10.42 per 100Ea"
      }
    }
  },
  {
    "id": "cenovis-echinacea-garlic-zinc-vitamin-c-tablets",
    "brand": "Cenovis",
    "name": "Echinacea Garlic Zinc & C Tablets",
    "imageUrl": "https://shop.coles.com.au/wcsstore/Coles-CAS/images/8/1/4/8142439-th.jpg",
    "categories": ["winter"],
    "tags": ["cold-and-flu", "cold-flu-vitamins"],
    "locations": {
      "vic": {
        "price": 8,
        "promoText": "$8.00 ",
        "packageSize": "60 pack",
        "packagePrice": "$0.13 per 1Ea"
      }
    }
  },
  {
    "id": "cenovis-echinacea-5000mg-capsules",
    "brand": "Cenovis",
    "name": "Echinacea 5000 Capsules",
    "imageUrl": "https://shop.coles.com.au/wcsstore/Coles-CAS/images/9/6/7/9677125-th.jpg",
    "categories": ["winter"],
    "tags": ["cold-and-flu", "cold-flu-vitamins"],
    "locations": {
      "vic": {
        "price": 7.5,
        "promoText": "$7.50 ",
        "packageSize": "60 pack",
        "packagePrice": "$0.13 per 1Ea"
      }
    }
  },
  {
    "id": "natures-way-vitagummies-vitamin-c",
    "brand": "Nature's Way",
    "name": "Vita Gummies Vitamin C",
    "imageUrl": "https://shop.coles.com.au/wcsstore/Coles-CAS/images/9/1/1/9114268-th.jpg",
    "categories": ["winter"],
    "tags": ["cold-and-flu", "cold-flu-vitamins"],
    "locations": {
      "vic": {
        "price": 20,
        "promoText": " ",
        "packageSize": "120 pack",
        "packagePrice": "$16.67 per 100Ea"
      }
    }
  },
  {
    "id": "natures-way-adlt-vitagummie-immune-sf",
    "brand": "Nature's Way",
    "name": "Vita Gummies Immune Support Sugar Free Tablets",
    "imageUrl": "https://shop.coles.com.au/wcsstore/Coles-CAS/images/3/4/5/3453260-th.jpg",
    "categories": ["winter"],
    "tags": ["cold-and-flu", "cold-flu-vitamins"],
    "locations": {
      "vic": {
        "price": 20,
        "promoText": " ",
        "packageSize": "65 pack",
        "packagePrice": "$30.77 per 100Ea"
      }
    }
  },
  {
    "id": "natures-own-double-strength-cold-sore-relief",
    "brand": "Nature?s Own",
    "name": "Double Strength Cold Sore Relief Tablets",
    "imageUrl": "https://shop.coles.com.au/wcsstore/Coles-CAS/images/1/8/1/1810174-th.jpg",
    "categories": ["winter"],
    "tags": ["cold-and-flu", "cold-flu-vitamins"],
    "locations": {
      "vic": {
        "price": 6,
        "promoText": "$6.00 ",
        "packageSize": "50 pack",
        "packagePrice": "$0.12 per 1Ea"
      }
    }
  },
  {
    "id": "swisse-ultibost-vitamin-c-chewable-3758315p",
    "brand": "Swisse",
    "name": "Ultiboost Vitamin C Chewable",
    "imageUrl": "https://shop.coles.com.au/wcsstore/Coles-CAS/images/3/7/5/3758315-th.jpg",
    "categories": ["winter"],
    "tags": ["cold-and-flu", "cold-flu-vitamins"],
    "locations": {
      "vic": {
        "price": 11,
        "promoText": " ",
        "packageSize": "110 pack",
        "packagePrice": "$10.00 per 100Ea"
      }
    }
  },
  {
    "id": "swisse-ultibost-vitamin-c-effervescent",
    "brand": "Swisse",
    "name": "Ultiboost Vitamin C Effervescent",
    "imageUrl": "https://shop.coles.com.au/wcsstore/Coles-CAS/images/3/7/5/3758326-th.jpg",
    "categories": ["winter"],
    "tags": ["cold-and-flu", "cold-flu-vitamins"],
    "locations": {
      "vic": {
        "price": 13,
        "promoText": " ",
        "packageSize": "20 pack",
        "packagePrice": "$65.00 per 100Ea"
      }
    }
  },
  {
    "id": "wellgrove-immunity-olive-leaf-capsules",
    "brand": "Wellgrove",
    "name": "Immune Support Olive Leaf Extract 60 Capsules",
    "imageUrl": "https://shop.coles.com.au/wcsstore/Coles-CAS/images/3/4/7/3470394-th.jpg",
    "categories": ["winter"],
    "tags": ["cold-and-flu", "cold-flu-vitamins"],
    "locations": {
      "vic": {
        "price": 15,
        "promoText": "$5.00 ",
        "packageSize": "1 Pack",
        "packagePrice": "$15.00 per 1Ea"
      }
    }
  },
  {
    "id": "wellgrove-immunity-olive-leaf-extract-naturl-3470340p",
    "brand": "Wellgrove",
    "name": "Immune Support Olive Leaf Extract Natural Flavour Oral Liquid",
    "imageUrl": "https://shop.coles.com.au/wcsstore/Coles-CAS/images/3/4/7/3470340-th.jpg",
    "categories": ["winter"],
    "tags": ["cold-and-flu", "cold-flu-vitamins"],
    "locations": {
      "vic": {
        "price": 30,
        "promoText": " ",
        "packageSize": "500mL",
        "packagePrice": "$6.00 per 100mL"
      }
    }
  },
  {
    "id": "blackmores-lyp-sine-tablets",
    "brand": "Blackmores",
    "name": "Lyp-Sine Tablets",
    "imageUrl": "https://shop.coles.com.au/wcsstore/Coles-CAS/images/8/2/9/8297650-th.jpg",
    "categories": ["winter"],
    "tags": ["cold-and-flu", "cold-flu-vitamins"],
    "locations": {
      "vic": {
        "price": 5,
        "promoText": "$5.00 ",
        "packageSize": "30 pack",
        "packagePrice": "$16.67 per 100Ea"
      }
    }
  },
  {
    "id": "blackmores-vitamin-c-500mg-tablets",
    "brand": "Blackmores",
    "name": "Vitamin C 500mg Tablets",
    "imageUrl": "https://shop.coles.com.au/wcsstore/Coles-CAS/images/2/8/3/2837959-th.jpg",
    "categories": ["winter"],
    "tags": ["cold-and-flu", "cold-flu-vitamins"],
    "locations": {
      "vic": {
        "price": 6.25,
        "promoText": "$6.25 ",
        "packageSize": "120 pack",
        "packagePrice": "$5.21 per 100Ea"
      }
    }
  },
  {
    "id": "cenovis-garlic-horseradish--c-complex-capsules",
    "brand": "Cenovis",
    "name": "Garlic Horseradish + C Complex Capsules",
    "imageUrl": "https://shop.coles.com.au/wcsstore/Coles-CAS/images/4/7/7/4779773-th.jpg",
    "categories": ["winter"],
    "tags": ["cold-and-flu", "cold-flu-vitamins"],
    "locations": {
      "vic": {
        "price": 8.25,
        "promoText": "$8.25 ",
        "packageSize": "120 pack",
        "packagePrice": "$0.07 per 1Ea"
      }
    }
  },
  {
    "id": "cenovis-tablets-sugarless-c-500mg-value-pack",
    "brand": "Cenovis",
    "name": "Sugarless C 500mg Tablets",
    "imageUrl": "https://shop.coles.com.au/wcsstore/Coles-CAS/images/9/4/6/9461738-th.jpg",
    "categories": ["winter"],
    "tags": ["cold-and-flu", "cold-flu-vitamins"],
    "locations": {
      "vic": {
        "price": 12.6,
        "promoText": "$1.40 ",
        "packageSize": "300 pack",
        "packagePrice": "$0.04 per 1Ea"
      }
    }
  },
  {
    "id": "cenovis-low-odour-garlic-capsules",
    "brand": "Cenovis",
    "name": "Garlic Capsules",
    "imageUrl": "https://shop.coles.com.au/wcsstore/Coles-CAS/images/2/8/2/2828153-th.jpg",
    "categories": ["winter"],
    "tags": ["cold-and-flu", "cold-flu-vitamins"],
    "locations": {
      "vic": {
        "price": 12,
        "promoText": " ",
        "packageSize": "150 pack",
        "packagePrice": "$0.08 per 1Ea"
      }
    }
  },
  {
    "id": "natures-own--triple-strength-garlic-c-horseradish-2279383p",
    "brand": "Nature's Own",
    "name": "Triple Strength Garlic + C Horseradish Tablets",
    "imageUrl": "https://shop.coles.com.au/wcsstore/Coles-CAS/images/2/2/7/2279383-th.jpg",
    "categories": ["winter"],
    "tags": ["cold-and-flu", "cold-flu-vitamins"],
    "locations": {
      "vic": {
        "price": 10,
        "promoText": "$10.00 ",
        "packageSize": "60 pack",
        "packagePrice": "$0.17 per 1Ea"
      }
    }
  },
  {
    "id": "natures-way-vitamin-garlic-horseradish",
    "brand": "Nature's Way",
    "name": "Garlic + C & Horseradish Tablets",
    "imageUrl": "https://shop.coles.com.au/wcsstore/Coles-CAS/images/9/3/1/9314733-th.jpg",
    "categories": ["winter"],
    "tags": ["cold-and-flu", "cold-flu-vitamins"],
    "locations": {
      "vic": {
        "price": 20,
        "promoText": " ",
        "packageSize": "200 pack",
        "packagePrice": "$10.00 per 100Ea"
      }
    }
  },
  {
    "id": "natures-way-vitamin-c-tablets",
    "brand": "Nature's Way",
    "name": "Vitamin C Tablets",
    "imageUrl": "https://shop.coles.com.au/wcsstore/Coles-CAS/images/4/8/5/4856455-th.jpg",
    "categories": ["winter"],
    "tags": ["cold-and-flu", "cold-flu-vitamins"],
    "locations": {
      "vic": {
        "price": 29,
        "promoText": " ",
        "packageSize": "500 pack",
        "packagePrice": "$5.80 per 100Ea"
      }
    }
  },
  {
    "id": "swisse-vitamins-ultiboost-zinc-capsules",
    "brand": "Swisse",
    "name": "Ultiboost Zinc+ Tablets",
    "imageUrl": "https://shop.coles.com.au/wcsstore/Coles-CAS/images/9/1/2/9120329-th.jpg",
    "categories": ["winter"],
    "tags": ["cold-and-flu", "cold-flu-vitamins"],
    "locations": {
      "vic": {
        "price": 16.2,
        "promoText": " ",
        "packageSize": "60 pack",
        "packagePrice": "$27.00 per 100Ea"
      }
    }
  },
  {
    "id": "swisse-ultibiotic-daily-immune-probiotic",
    "brand": "Swisse",
    "name": "Ultibiotic Daily Immune Probiotic Capsules",
    "imageUrl": "https://shop.coles.com.au/wcsstore/Coles-CAS/images/3/4/6/3469271-th.jpg",
    "categories": ["winter"],
    "tags": ["cold-and-flu", "cold-flu-vitamins"],
    "locations": {
      "vic": {
        "price": 19.2,
        "promoText": "$12.80 ",
        "packageSize": "30 pack",
        "packagePrice": "$64.00 per 100Ea"
      }
    }
  },
  {
    "id": "swisse-ultibost-daily-immune-support-3758279p",
    "brand": "Swisse",
    "name": "Ultiboost Daily Immune Support",
    "imageUrl": "https://shop.coles.com.au/wcsstore/Coles-CAS/images/3/7/5/3758279-th.jpg",
    "categories": ["winter"],
    "tags": ["cold-and-flu", "cold-flu-vitamins"],
    "locations": {
      "vic": {
        "price": 20,
        "promoText": " ",
        "packageSize": "60 pack",
        "packagePrice": "$33.33 per 100Ea"
      }
    }
  },
  {
    "id": "swisse-ultibost-immune-action-3758280p",
    "brand": "Swisse",
    "name": "Ultiboost Immune Action",
    "imageUrl": "https://shop.coles.com.au/wcsstore/Coles-CAS/images/3/7/5/3758280-th.jpg",
    "categories": ["winter"],
    "tags": ["cold-and-flu", "cold-flu-vitamins"],
    "locations": {
      "vic": {
        "price": 30,
        "promoText": " ",
        "packageSize": "60 pack",
        "packagePrice": "$50.00 per 100Ea"
      }
    }
  },
  {
    "id": "claratyne-childrens-grape-chew-5mg-tabs-10pk",
    "brand": "Claratyne",
    "name": "Children's Hayfever Antihistamine Grape Flavoured Chewable Tablets",
    "imageUrl": "https://shop.coles.com.au/wcsstore/Coles-CAS/images/3/0/6/3060461-th.jpg",
    "categories": ["winter"],
    "tags": ["cold-and-flu", "cold-and-allergy"],
    "locations": {
      "vic": {
        "price": 12,
        "promoText": " ",
        "packageSize": "10 Pack",
        "packagePrice": "$12.00 per 1Ea"
      }
    }
  },
  {
    "id": "claratyne-tablet-10-pack",
    "brand": "Claratyne",
    "name": "Tablet 10Mg",
    "imageUrl": "https://shop.coles.com.au/wcsstore/Coles-CAS/images/2/8/6/2861738-th.jpg",
    "categories": ["winter"],
    "tags": ["cold-and-flu", "cold-and-allergy"],
    "locations": {
      "vic": {
        "price": 12,
        "promoText": " ",
        "packageSize": "10 pack",
        "packagePrice": "$1.20 per 1Ea"
      }
    }
  },
  {
    "id": "zyrtec-rapid-acting-tablets-10-pack",
    "brand": "Zyrtec",
    "name": "Rapid Acting Tablets",
    "imageUrl": "https://shop.coles.com.au/wcsstore/Coles-CAS/images/3/0/5/3057875-th.jpg",
    "categories": ["winter"],
    "tags": ["cold-and-flu", "cold-and-allergy"],
    "locations": {
      "vic": {
        "price": 11.5,
        "promoText": " ",
        "packageSize": "10 pack",
        "packagePrice": "$1.15 per 1Ea"
      }
    }
  },
  {
    "id": "telfast-120mg-10-tablets",
    "brand": "Telfast",
    "name": "Telfast Hayfever Allergy Relief 120mg Tablets",
    "imageUrl": "https://shop.coles.com.au/wcsstore/Coles-CAS/images/3/1/5/3157701-th.jpg",
    "categories": ["winter"],
    "tags": ["cold-and-flu", "cold-and-allergy"],
    "locations": {
      "vic": {
        "price": 12,
        "promoText": " ",
        "packageSize": "10 pack",
        "packagePrice": "$1.20 per 1Ea"
      }
    }
  },
  {
    "id": "coles-cetirizine-rapid-10mg-tablets",
    "brand": "Coles",
    "name": "Cetirizine Hayfever Allergy Relief Rapid Tablets 10mg",
    "imageUrl": "https://shop.coles.com.au/wcsstore/Coles-CAS/images/2/8/4/2845844-th.jpg",
    "categories": ["winter"],
    "tags": ["cold-and-flu", "cold-and-allergy"],
    "locations": {
      "vic": {
        "price": 6,
        "promoText": " ",
        "packageSize": "10 pack",
        "packagePrice": "$0.60 per 1Ea"
      }
    }
  },
  {
    "id": "zyrtec-gel-capsules",
    "brand": "Zyrtec",
    "name": "Gel Capsules",
    "imageUrl": "https://shop.coles.com.au/wcsstore/Coles-CAS/images/3/0/5/3057864-th.jpg",
    "categories": ["winter"],
    "tags": ["cold-and-flu", "cold-and-allergy"],
    "locations": {
      "vic": {
        "price": 14.15,
        "promoText": " ",
        "packageSize": "10 pack",
        "packagePrice": "$1.42 per 1Ea"
      }
    }
  },
  {
    "id": "coles-hayfever-fexofenadine-120mg-tblts",
    "brand": "Coles",
    "name": "Hayfever Allergy Relief Fexofenadine Tablets 120mg",
    "imageUrl": "https://shop.coles.com.au/wcsstore/Coles-CAS/images/2/8/4/2845855-th.jpg",
    "categories": ["winter"],
    "tags": ["cold-and-flu", "cold-and-allergy"],
    "locations": {
      "vic": {
        "price": 7,
        "promoText": " ",
        "packageSize": "10 pack",
        "packagePrice": "$0.70 per 1Ea"
      }
    }
  },
  {
    "id": "telfast-60mg-hayfever-allergies-tablets",
    "brand": "Telfast",
    "name": "Hayfever Allergy Relief 60mg Tablets",
    "imageUrl": "https://shop.coles.com.au/wcsstore/Coles-CAS/images/8/6/0/8608852-th.jpg",
    "categories": ["winter"],
    "tags": ["cold-and-flu", "cold-and-allergy"],
    "locations": {
      "vic": {
        "price": 7,
        "promoText": " ",
        "packageSize": "10 pack",
        "packagePrice": "$0.70 per 1Ea"
      }
    }
  },
  {
    "id": "telfast-60mg-20-tablets",
    "brand": "Telfast",
    "name": "Hayfever Allergy Relief 60mg Tablets",
    "imageUrl": "https://shop.coles.com.au/wcsstore/Coles-CAS/images/3/1/5/3157687-th.jpg",
    "categories": ["winter"],
    "tags": ["cold-and-flu", "cold-and-allergy"],
    "locations": {
      "vic": {
        "price": 12,
        "promoText": " ",
        "packageSize": "20 pack",
        "packagePrice": "$0.60 per 1Ea"
      }
    }
  },
  {
    "id": "nyal-chesty-cough-mixture",
    "brand": "Nyal",
    "name": "Chesty Cough Mixture",
    "imageUrl": "https://shop.coles.com.au/wcsstore/Coles-CAS/images/8/0/5/8051923-th.jpg",
    "categories": ["winter"],
    "tags": ["cold-and-flu", "cold-flu-tissues"],
    "locations": {
      "vic": {
        "price": 6.8,
        "promoText": "$1.70 ",
        "packageSize": "200mL",
        "packagePrice": "$3.40 per 100mL"
      }
    }
  },
  {
    "id": "vicks-2in1-relief-cough-syrup-200ml",
    "brand": "Vicks",
    "name": "2 In 1 Relief Cough Syrup",
    "imageUrl": "https://shop.coles.com.au/wcsstore/Coles-CAS/images/3/7/3/3734044-th.jpg",
    "categories": ["winter"],
    "tags": ["cold-and-flu", "cold-flu-tissues"],
    "locations": {
      "vic": {
        "price": 14,
        "promoText": " ",
        "packageSize": "200mL",
        "packagePrice": "$7.00 per 100mL"
      }
    }
  },
  {
    "id": "bonningtons-cough-mixture-irish-moss",
    "brand": "Bonningtons",
    "name": "Irish Moss Cough Mixture",
    "imageUrl": "https://shop.coles.com.au/wcsstore/Coles-CAS/images/1/3/6/136192-th.jpg",
    "categories": ["winter"],
    "tags": ["cold-and-flu", "cold-flu-tissues"],
    "locations": {
      "vic": {
        "price": 6.5,
        "promoText": " ",
        "packageSize": "200mL",
        "packagePrice": "$3.25 per 100mL"
      }
    }
  },
  {
    "id": "bronchodual-cough-syrup-200ml",
    "brand": "Bronchodual",
    "name": "Cough Syrup",
    "imageUrl": "https://shop.coles.com.au/wcsstore/Coles-CAS/images/3/7/3/3734510-th.jpg",
    "categories": ["winter"],
    "tags": ["cold-and-flu", "cold-flu-tissues"],
    "locations": {
      "vic": {
        "price": 16.99,
        "promoText": " ",
        "packageSize": "200mL",
        "packagePrice": "$8.50 per 100mL"
      }
    }
  },
  {
    "id": "codral-relief-liquid-mucus-cough-cold",
    "brand": "Codral",
    "name": "Relief Mucus Cough & Cold Liquid",
    "imageUrl": "https://shop.coles.com.au/wcsstore/Coles-CAS/images/9/1/3/9132871-th.jpg",
    "categories": ["winter"],
    "tags": ["cold-and-flu", "cold-flu-tissues"],
    "locations": {
      "vic": {
        "price": 11.5,
        "promoText": " ",
        "packageSize": "200mL",
        "packagePrice": "$5.75 per 100mL"
      }
    }
  },
  {
    "id": "coles-chesty-cough-medicine-oral-liquid",
    "brand": "Coles",
    "name": "Cherry Flavoured Chesty Cough Medicine Oral Liquid",
    "imageUrl": "https://shop.coles.com.au/wcsstore/Coles-CAS/images/2/8/4/2843317-th.jpg",
    "categories": ["winter"],
    "tags": ["cold-and-flu", "cold-flu-tissues"],
    "locations": {
      "vic": {
        "price": 6.5,
        "promoText": " ",
        "packageSize": "200mL",
        "packagePrice": "$3.25 per 100mL"
      }
    }
  },
  {
    "id": "coles-dry-cough-mixture",
    "brand": "Coles",
    "name": "Honey & Lemon Flavoured Dry Cough Medicine",
    "imageUrl": "https://shop.coles.com.au/wcsstore/Coles-CAS/images/2/8/4/2843328-th.jpg",
    "categories": ["winter"],
    "tags": ["cold-and-flu", "cold-flu-tissues"],
    "locations": {
      "vic": {
        "price": 6.5,
        "promoText": " ",
        "packageSize": "200mL",
        "packagePrice": "$3.25 per 100mL"
      }
    }
  },
  {
    "id": "nyal-cough-mixture",
    "brand": "Nyal",
    "name": "Cough Mixture",
    "imageUrl": "https://shop.coles.com.au/wcsstore/Coles-CAS/images/5/7/6/5765708-th.jpg",
    "categories": ["winter"],
    "tags": ["cold-and-flu", "cold-flu-tissues"],
    "locations": {
      "vic": {
        "price": 6.8,
        "promoText": "$1.70 ",
        "packageSize": "200mL",
        "packagePrice": "$3.40 per 100mL"
      }
    }
  },
  {
    "id": "robitussin-syrup-cold-chesty-cough",
    "brand": "Robitussin",
    "name": "Cold & Chesty Cough Syrup",
    "imageUrl": "https://shop.coles.com.au/wcsstore/Coles-CAS/images/1/4/8/1484285-th.jpg",
    "categories": ["winter"],
    "tags": ["cold-and-flu", "cold-flu-tissues"],
    "locations": {
      "vic": {
        "price": 11.4,
        "promoText": " ",
        "packageSize": "200mL",
        "packagePrice": "$5.70 per 100mL"
      }
    }
  },
  {
    "id": "sambucol-liquid-cold-flu",
    "brand": "Sambucol",
    "name": "Cold & Flu Liquid",
    "imageUrl": "https://shop.coles.com.au/wcsstore/Coles-CAS/images/7/4/8/7484426-th.jpg",
    "categories": ["winter"],
    "tags": ["cold-and-flu", "cold-flu-tissues"],
    "locations": {
      "vic": {
        "price": 13.5,
        "promoText": "$4.50 ",
        "packageSize": "120mL",
        "packagePrice": "$11.25 per 100mL"
      }
    }
  },
  {
    "id": "sambucol-kids-liquid",
    "brand": "Sambucol",
    "name": "Black Elderberry Cold & Flu Kids Liquid",
    "imageUrl": "https://shop.coles.com.au/wcsstore/Coles-CAS/images/2/1/1/2110156-th.jpg",
    "categories": ["winter"],
    "tags": ["cold-and-flu", "cold-flu-tissues"],
    "locations": {
      "vic": {
        "price": 14.25,
        "promoText": "$4.75 ",
        "packageSize": "120mL",
        "packagePrice": "$11.88 per 100mL"
      }
    }
  },
  {
    "id": "vicks-chesty-honey-kids-cough-syrup-180ml",
    "brand": "Vicks",
    "name": "Chesty Honey Kids Cough Syrup",
    "imageUrl": "https://shop.coles.com.au/wcsstore/Coles-CAS/images/3/7/3/3734033-th.jpg",
    "categories": ["winter"],
    "tags": ["cold-and-flu", "cold-flu-tissues"],
    "locations": {
      "vic": {
        "price": 10.5,
        "promoText": " ",
        "packageSize": "180mL",
        "packagePrice": "$5.83 per 100mL"
      }
    }
  },
  {
    "id": "strepsils-throat-lozenges-orange",
    "brand": "Strepsils",
    "name": "Orange Throat Lozenges",
    "imageUrl": "https://shop.coles.com.au/wcsstore/Coles-CAS/images/6/4/2/6420348-th.jpg",
    "categories": ["winter"],
    "tags": ["cold-and-flu", "cold-flu-pain-relief"],
    "locations": {
      "vic": {
        "price": 10.5,
        "promoText": " ",
        "packageSize": "36 pack",
        "packagePrice": "$0.29 per 1Ea"
      }
    }
  },
  {
    "id": "vicks-vapodrop-original-42s",
    "brand": "Vicks",
    "name": "Vapodrop Original",
    "imageUrl": "https://shop.coles.com.au/wcsstore/Coles-CAS/images/3/7/3/3734055-th.jpg",
    "categories": ["winter"],
    "tags": ["cold-and-flu", "cold-flu-pain-relief"],
    "locations": {
      "vic": {
        "price": 6.8,
        "promoText": " ",
        "packageSize": "42 pack",
        "packagePrice": "$0.16 per 1Ea"
      }
    }
  },
  {
    "id": "strepsils-extra-lozenges-honey-lemon",
    "brand": "Strepsils",
    "name": "Extra Honey and Lemon Fast Numbing Sore Throat Pain Relief with Anaesthetic 16 Lozenges",
    "imageUrl": "https://shop.coles.com.au/wcsstore/Coles-CAS/images/3/4/1/3417981-th.jpg",
    "categories": ["winter"],
    "tags": ["cold-and-flu", "cold-flu-pain-relief"],
    "locations": {
      "vic": {
        "price": 7,
        "promoText": "$1.00 ",
        "packageSize": "1 Pack",
        "packagePrice": "$7.00 per 1Ea"
      }
    }
  },
  {
    "id": "vicks-vapodrops-lozenges-original-menthol",
    "brand": "Vicks",
    "name": "VapoDrops Original Menthol Lozenges",
    "imageUrl": "https://shop.coles.com.au/wcsstore/Coles-CAS/images/8/1/6/8161706-th.jpg",
    "categories": ["winter"],
    "tags": ["cold-and-flu", "cold-flu-pain-relief"],
    "locations": {
      "vic": {
        "price": 4.3,
        "promoText": " ",
        "packageSize": "24 pack",
        "packagePrice": "$0.18 per 1Ea"
      }
    }
  },
  {
    "id": "vicks-vapodrops-liquicentres-lozenges",
    "brand": "Vicks",
    "name": "VapoDrops Liquicentres Burst of Mint Lozenges",
    "imageUrl": "https://shop.coles.com.au/wcsstore/Coles-CAS/images/9/1/2/9128557-th.jpg",
    "categories": ["winter"],
    "tags": ["cold-and-flu", "cold-flu-pain-relief"],
    "locations": {
      "vic": {
        "price": 4.2,
        "promoText": " ",
        "packageSize": "22 pack",
        "packagePrice": "$0.19 per 1Ea"
      }
    }
  },
  {
    "id": "bosistos-drops-eucalyptus",
    "brand": "Bosisto's",
    "name": "Sugar Free Eucalyptus Drops",
    "imageUrl": "https://shop.coles.com.au/wcsstore/Coles-CAS/images/7/1/8/7187442-th.jpg",
    "categories": ["winter"],
    "tags": ["cold-and-flu", "cold-flu-pain-relief"],
    "locations": {
      "vic": {
        "price": 3.3,
        "promoText": " ",
        "packageSize": "50g",
        "packagePrice": "$6.60 per 100G"
      }
    }
  },
  {
    "id": "ease-a-cold-cough-cold-flu-capsules-day-night",
    "brand": "Ease A Cold",
    "name": "Cough Cold & Flu Day & Night Capsules",
    "imageUrl": "https://shop.coles.com.au/wcsstore/Coles-CAS/images/9/7/3/9738387-th.jpg",
    "categories": ["winter"],
    "tags": ["cold-and-flu", "cold-flu-pain-relief"],
    "locations": {
      "vic": {
        "price": 13.5,
        "promoText": "$4.80 ",
        "packageSize": "24 pack",
        "packagePrice": "$0.56 per 1Ea"
      }
    }
  },
  {
    "id": "strepsils-lozenges-plus-anaesthetic",
    "brand": "Strepsils",
    "name": "Plus Anaesthetic Sore Throat Numbing Pain Relief 16 Lozenges",
    "imageUrl": "https://shop.coles.com.au/wcsstore/Coles-CAS/images/1/2/1/1216333-th.jpg",
    "categories": ["winter"],
    "tags": ["cold-and-flu", "cold-flu-pain-relief"],
    "locations": {
      "vic": {
        "price": 7,
        "promoText": " ",
        "packageSize": "1 pack",
        "packagePrice": "$7.00 per 1Ea"
      }
    }
  },
  {
    "id": "strepsils-extra-lozenges",
    "brand": "Strepsils",
    "name": "Extra Lozenges",
    "imageUrl": "https://shop.coles.com.au/wcsstore/Coles-CAS/images/3/1/5/3157789-th.jpg",
    "categories": ["winter"],
    "tags": ["cold-and-flu", "cold-flu-pain-relief"],
    "locations": {
      "vic": {
        "price": 7,
        "promoText": " ",
        "packageSize": "16 pack",
        "packagePrice": "$0.44 per 1Ea"
      }
    }
  },
  {
    "id": "codral-honey-lemon-lozenges",
    "brand": "Codral",
    "name": "Honey & Lemon Lozenges",
    "imageUrl": "https://shop.coles.com.au/wcsstore/Coles-CAS/images/2/6/9/2698091-th.jpg",
    "categories": ["winter"],
    "tags": ["cold-and-flu", "cold-flu-pain-relief"],
    "locations": {
      "vic": {
        "price": 6,
        "promoText": " ",
        "packageSize": "16 pack",
        "packagePrice": "$0.38 per 1Ea"
      }
    }
  },
  {
    "id": "codral-throat-lozenges-honey-lemon",
    "brand": "Codral",
    "name": "Throat Lozenges Honey & Lemon",
    "imageUrl": "https://shop.coles.com.au/wcsstore/Coles-CAS/images/2/8/6/2862151-th.jpg",
    "categories": ["winter"],
    "tags": ["cold-and-flu", "cold-flu-pain-relief"],
    "locations": {
      "vic": {
        "price": 9.5,
        "promoText": " ",
        "packageSize": "36 pack",
        "packagePrice": "$0.26 per 1Ea"
      }
    }
  },
  {
    "id": "codral-relief-lozenges",
    "brand": "Codral",
    "name": "Combo Pack",
    "imageUrl": "https://shop.coles.com.au/wcsstore/Coles-CAS/images/3/4/2/3425120-th.jpg",
    "categories": ["winter"],
    "tags": ["cold-and-flu", "cold-flu-pain-relief"],
    "locations": {
      "vic": {
        "price": 12.8,
        "promoText": "$3.20 ",
        "packageSize": "36 pack",
        "packagePrice": "$0.36 per 1Ea"
      }
    }
  },
  {
    "id": "codral-lozenges-lime-lemon-16-pack",
    "brand": "Codral",
    "name": "Lozenges Lime & Lemon",
    "imageUrl": "https://shop.coles.com.au/wcsstore/Coles-CAS/images/3/7/3/3733675-th.jpg",
    "categories": ["winter"],
    "tags": ["cold-and-flu", "cold-flu-pain-relief"],
    "locations": {
      "vic": {
        "price": 7.49,
        "promoText": " ",
        "packageSize": "16 pack",
        "packagePrice": "$0.47 per 1Ea"
      }
    }
  },
  {
    "id": "difflam-lozenges-honey-lemon",
    "brand": "Difflam",
    "name": "Lozenges Honey & Lemon",
    "imageUrl": "https://shop.coles.com.au/wcsstore/ColesResponsiveStorefrontAssetStore/dist/ccfc54aed6e361b650bcf0582f7b576b/img/img_product-placeholder.png",
    "categories": ["winter"],
    "tags": ["cold-and-flu", "cold-flu-pain-relief"],
    "locations": {
      "vic": {
        "price": 6.5,
        "promoText": " ",
        "packageSize": "16 pack",
        "packagePrice": "$0.41 per 1Ea"
      }
    }
  },
  {
    "id": "difflam-lozenges-orange",
    "brand": "Difflam",
    "name": "Lozenges Orange",
    "imageUrl": "https://shop.coles.com.au/wcsstore/ColesResponsiveStorefrontAssetStore/dist/ccfc54aed6e361b650bcf0582f7b576b/img/img_product-placeholder.png",
    "categories": ["winter"],
    "tags": ["cold-and-flu", "cold-flu-pain-relief"],
    "locations": {
      "vic": {
        "price": 6.5,
        "promoText": " ",
        "packageSize": "16 pack",
        "packagePrice": "$0.41 per 1Ea"
      }
    }
  },
  {
    "id": "difflam-plus-berry-lozenegs",
    "brand": "Difflam Plus",
    "name": "Berry Flavour Anaesthetic Sore Throat Lozeneges",
    "imageUrl": "https://shop.coles.com.au/wcsstore/Coles-CAS/images/3/1/7/3176411-th.jpg",
    "categories": ["winter"],
    "tags": ["cold-and-flu", "cold-flu-pain-relief"],
    "locations": {
      "vic": {
        "price": 10,
        "promoText": " ",
        "packageSize": "16 pack",
        "packagePrice": "$0.63 per 1Ea"
      }
    }
  },
  {
    "id": "difflam-plus-anaesthetic-honey-lemon-lozenges",
    "brand": "Difflam Plus",
    "name": "Anaesthetic Lozenges Honey & Lemon Flavour",
    "imageUrl": "https://shop.coles.com.au/wcsstore/Coles-CAS/images/3/1/6/3160659-th.jpg",
    "categories": ["winter"],
    "tags": ["cold-and-flu", "cold-flu-pain-relief"],
    "locations": {
      "vic": {
        "price": 10,
        "promoText": " ",
        "packageSize": "16 pack",
        "packagePrice": "$0.63 per 1Ea"
      }
    }
  },
  {
    "id": "difflam-plus-anaesthetic-blackcurrant-lozenges",
    "brand": "Difflam Plus",
    "name": "Sore Throat Lozenge Plus Anaesthetic Blackcurrant Flavour",
    "imageUrl": "https://shop.coles.com.au/wcsstore/Coles-CAS/images/3/1/6/3160648-th.jpg",
    "categories": ["winter"],
    "tags": ["cold-and-flu", "cold-flu-pain-relief"],
    "locations": {
      "vic": {
        "price": 10,
        "promoText": " ",
        "packageSize": "16 pack",
        "packagePrice": "$0.63 per 1Ea"
      }
    }
  },
  {
    "id": "ease-a-cold-cold-congestion-day-night-capsules",
    "brand": "Ease A Cold",
    "name": "Cold & Congestion Day & Night Capsules",
    "imageUrl": "https://shop.coles.com.au/wcsstore/Coles-CAS/images/6/9/3/6933761-th.jpg",
    "categories": ["winter"],
    "tags": ["cold-and-flu", "cold-flu-pain-relief"],
    "locations": {
      "vic": {
        "price": 10.87,
        "promoText": "$3.63 ",
        "packageSize": "30 pack",
        "packagePrice": "$0.36 per 1Ea"
      }
    }
  },
  {
    "id": "ease-a-cold-kids-cold-flu-burstlets",
    "brand": "Ease A Cold",
    "name": "Kids Cold & Flu Soft Chewable Capsules",
    "imageUrl": "https://shop.coles.com.au/wcsstore/Coles-CAS/images/5/7/2/5725485-th.jpg",
    "categories": ["winter"],
    "tags": ["cold-and-flu", "cold-flu-pain-relief"],
    "locations": {
      "vic": {
        "price": 11.25,
        "promoText": "$3.75 ",
        "packageSize": "24 pack",
        "packagePrice": "$0.47 per 1Ea"
      }
    }
  },
  {
    "id": "manuka-honey-lozenges-lemon-ginger",
    "brand": "Manuka Health",
    "name": "Lemon & Ginger Flavoured Honey Lozenges",
    "imageUrl": "https://shop.coles.com.au/wcsstore/Coles-CAS/images/3/1/7/3175044-th.jpg",
    "categories": ["winter"],
    "tags": ["cold-and-flu", "cold-flu-pain-relief"],
    "locations": {
      "vic": {
        "price": 6,
        "promoText": "$2.00 ",
        "packageSize": "15 pack",
        "packagePrice": "$0.40 per 1Ea"
      }
    }
  },
  {
    "id": "strepsils-honey-lemon-throat-lozenges-double-antibacterial-action",
    "brand": "Strepsils",
    "name": "Double Antibacterial  Soothing Sore Throat  Lozenges Honey and Lemon",
    "imageUrl": "https://shop.coles.com.au/wcsstore/Coles-CAS/images/7/2/5/7251326-th.jpg",
    "categories": ["winter"],
    "tags": ["cold-and-flu", "cold-flu-pain-relief"],
    "locations": {
      "vic": {
        "price": 5.5,
        "promoText": " ",
        "packageSize": "16 pack",
        "packagePrice": "$0.34 per 1Ea"
      }
    }
  },
  {
    "id": "strepsils-lozenges-soothing-honey--lemon",
    "brand": "Strepsils",
    "name": "Double Antibacterial  Soothing Sore Throat Lozenges Honey and Lemon",
    "imageUrl": "https://shop.coles.com.au/wcsstore/Coles-CAS/images/6/4/2/6420213-th.jpg",
    "categories": ["winter"],
    "tags": ["cold-and-flu", "cold-flu-pain-relief"],
    "locations": {
      "vic": {
        "price": 10.5,
        "promoText": " ",
        "packageSize": "36 pack",
        "packagePrice": "$0.29 per 1Ea"
      }
    }
  },
  {
    "id": "strepsils-plus-anaesthetic-lozenges",
    "brand": "Strepsils",
    "name": "Plus Anaesthetic Sore Throat Numbing Pain Relief 36 Lozenges",
    "imageUrl": "https://shop.coles.com.au/wcsstore/Coles-CAS/images/1/2/1/1216821-th.jpg",
    "categories": ["winter"],
    "tags": ["cold-and-flu", "cold-flu-pain-relief"],
    "locations": {
      "vic": {
        "price": 15,
        "promoText": "Was $15.99 on Apr 2019 ",
        "packageSize": "36 pack",
        "packagePrice": "$15.00 per 1Ea"
      }
    }
  },
  {
    "id": "strepsils-sugar-free-lemon-lozenges",
    "brand": "Strepsils",
    "name": "Sore Throat Sugar Free Antibacterial Lemon 36 Lozenges",
    "imageUrl": "https://shop.coles.com.au/wcsstore/Coles-CAS/images/2/3/7/2372196-th.jpg",
    "categories": ["winter"],
    "tags": ["cold-and-flu", "cold-flu-pain-relief"],
    "locations": {
      "vic": {
        "price": 10.5,
        "promoText": " ",
        "packageSize": "1 pack",
        "packagePrice": "$10.50 per 1Ea"
      }
    }
  },
  {
    "id": "strepsils-lozenges-honey-lemon",
    "brand": "Strepsils",
    "name": "Lozenges Honey & Lemon",
    "imageUrl": "https://shop.coles.com.au/wcsstore/Coles-CAS/images/3/1/5/3157869-th.jpg",
    "categories": ["winter"],
    "tags": ["cold-and-flu", "cold-flu-pain-relief"],
    "locations": {
      "vic": {
        "price": 11,
        "promoText": "$1.60 ",
        "packageSize": "48 pack",
        "packagePrice": "$0.23 per 1Ea"
      }
    }
  },
  {
    "id": "strepsils-children-7-strawberry-sf-lozenges",
    "brand": "Strepsils",
    "name": "Sore Throat Lozenges Children 6+  Antibacterial Strawberry Sugar Free",
    "imageUrl": "https://shop.coles.com.au/wcsstore/Coles-CAS/images/3/1/5/3157790-th.jpg",
    "categories": ["winter"],
    "tags": ["cold-and-flu", "cold-flu-pain-relief"],
    "locations": {
      "vic": {
        "price": 10.5,
        "promoText": " ",
        "packageSize": "36 pack",
        "packagePrice": "$0.29 per 1Ea"
      }
    }
  },
  {
    "id": "strepsils-extra-lozenges-honey-lemon-3417970p",
    "brand": "Strepsils",
    "name": "Extra Honey and Lemon Fast Numbing Sore Throat Pain Relief with Anaesthetic 36 Lozenges",
    "imageUrl": "https://shop.coles.com.au/wcsstore/Coles-CAS/images/3/4/1/3417970-th.jpg",
    "categories": ["winter"],
    "tags": ["cold-and-flu", "cold-flu-pain-relief"],
    "locations": {
      "vic": {
        "price": 15,
        "promoText": "Was $16.00 on Apr 2019 ",
        "packageSize": "1 pack",
        "packagePrice": "$15.00 per 1Ea"
      }
    }
  },
  {
    "id": "strepsils-menthol-36-pack",
    "brand": "Strepsils",
    "name": "Menthol 36 Pack",
    "imageUrl": "https://shop.coles.com.au/wcsstore/Coles-CAS/images/3/7/3/3734204-th.jpg",
    "categories": ["winter"],
    "tags": ["cold-and-flu", "cold-flu-pain-relief"],
    "locations": {
      "vic": {
        "price": 8.5,
        "promoText": "$1.99 ",
        "packageSize": "36 pack",
        "packagePrice": "$0.24 per 1Ea"
      }
    }
  },
  {
    "id": "strepsils-menthol-16-pack",
    "brand": "Strepsils",
    "name": "Menthol 16 Pack",
    "imageUrl": "https://shop.coles.com.au/wcsstore/Coles-CAS/images/3/7/3/3734190-th.jpg",
    "categories": ["winter"],
    "tags": ["cold-and-flu", "cold-flu-pain-relief"],
    "locations": {
      "vic": {
        "price": 5.5,
        "promoText": "Was $6.30 on May 2020 ",
        "packageSize": "16 pack",
        "packagePrice": "$0.34 per 1Ea"
      }
    }
  },
  {
    "id": "vicks-vapodrops-lozenges-butter-menthol",
    "brand": "Vicks",
    "name": "VapoDrops Butter Menthol Lozenges",
    "imageUrl": "https://shop.coles.com.au/wcsstore/Coles-CAS/images/8/1/5/8155893-th.jpg",
    "categories": ["winter"],
    "tags": ["cold-and-flu", "cold-flu-pain-relief"],
    "locations": {
      "vic": {
        "price": 4.3,
        "promoText": " ",
        "packageSize": "24 pack",
        "packagePrice": "$0.18 per 1Ea"
      }
    }
  },
  {
    "id": "vicks-vapo-naturals-honey-drops",
    "brand": "Vicks",
    "name": "VapoNaturals Honey Throat Drops",
    "imageUrl": "https://shop.coles.com.au/wcsstore/Coles-CAS/images/1/2/1/1218248-th.jpg",
    "categories": ["winter"],
    "tags": ["cold-and-flu", "cold-flu-pain-relief"],
    "locations": {
      "vic": {
        "price": 4,
        "promoText": " ",
        "packageSize": "20 pack",
        "packagePrice": "$0.20 per 1Ea"
      }
    }
  },
  {
    "id": "vicks-herbal-honey-lemon-lozenges",
    "brand": "Vicks",
    "name": "VapoDrops Honey Lemon & Menthol",
    "imageUrl": "https://shop.coles.com.au/wcsstore/Coles-CAS/images/2/8/6/2862130-th.jpg",
    "categories": ["winter"],
    "tags": ["cold-and-flu", "cold-flu-pain-relief"],
    "locations": {
      "vic": {
        "price": 6,
        "promoText": " ",
        "packageSize": "16 pack",
        "packagePrice": "$0.38 per 1Ea"
      }
    }
  },
  {
    "id": "vicks-vapodrops-cough-berry-16pk",
    "brand": "Vicks",
    "name": "VapoDrops Cough Berry Menthol Lozenges",
    "imageUrl": "https://shop.coles.com.au/wcsstore/Coles-CAS/images/3/1/6/3160397-th.jpg",
    "categories": ["winter"],
    "tags": ["cold-and-flu", "cold-flu-pain-relief"],
    "locations": {
      "vic": {
        "price": 6,
        "promoText": " ",
        "packageSize": "16 pack",
        "packagePrice": "$0.38 per 1Ea"
      }
    }
  },
  {
    "id": "vicks-vapodrops-immune-support-orange",
    "brand": "Vicks",
    "name": "Vapodrops Immune Support Orange Menthol Lozenges",
    "imageUrl": "https://shop.coles.com.au/wcsstore/Coles-CAS/images/3/4/2/3427974-th.jpg",
    "categories": ["winter"],
    "tags": ["cold-and-flu", "cold-flu-pain-relief"],
    "locations": {
      "vic": {
        "price": 8,
        "promoText": " ",
        "packageSize": "16 pack",
        "packagePrice": "$0.50 per 1Ea"
      }
    }
  },
  {
    "id": "vicks-vapodrop-butter-menthol-42s",
    "brand": "Vicks",
    "name": "Vapodrop Butter Menthol",
    "imageUrl": "https://shop.coles.com.au/wcsstore/Coles-CAS/images/3/7/3/3734066-th.jpg",
    "categories": ["winter"],
    "tags": ["cold-and-flu", "cold-flu-pain-relief"],
    "locations": {
      "vic": {
        "price": 6.8,
        "promoText": " ",
        "packageSize": "42 pack",
        "packagePrice": "$0.16 per 1Ea"
      }
    }
  },
  {
    "id": "vicks-vapodrops-anti-inflammatory-lemon-16pk",
    "brand": "Vicks",
    "name": "Vapodrops Anti Inflammatory Lemon",
    "imageUrl": "https://shop.coles.com.au/wcsstore/Coles-CAS/images/3/7/3/3733755-th.jpg",
    "categories": ["winter"],
    "tags": ["cold-and-flu", "cold-flu-pain-relief"],
    "locations": {
      "vic": {
        "price": 8,
        "promoText": " ",
        "packageSize": "16 pack",
        "packagePrice": "$0.50 per 1Ea"
      }
    }
  },
  {
    "id": "panadol-cold-flu-plus-decongestant",
    "brand": "Panadol",
    "name": "Paracetamol Cold + Flu Plus Decongestant Caplets",
    "imageUrl": "https://shop.coles.com.au/wcsstore/Coles-CAS/images/6/9/3/6935778-th.jpg",
    "categories": ["winter"],
    "tags": ["cold-and-flu", "tablets-capsules"],
    "locations": {
      "vic": {
        "price": 13,
        "promoText": " ",
        "packageSize": "20 pack",
        "packagePrice": "$0.65 per 1Ea"
      }
    }
  },
  {
    "id": "codral-relief-tablets-cold-flu--decogestant",
    "brand": "Codral",
    "name": "Relief Cold & Flu Decongestant Tablets",
    "imageUrl": "https://shop.coles.com.au/wcsstore/Coles-CAS/images/9/0/1/9013737-th.jpg",
    "categories": ["winter"],
    "tags": ["cold-and-flu", "tablets-capsules"],
    "locations": {
      "vic": {
        "price": 11.44,
        "promoText": "$2.86 ",
        "packageSize": "20 pack",
        "packagePrice": "$0.57 per 1Ea"
      }
    }
  },
  {
    "id": "sudafed-pe-tablets-sinus--anti-infammatory-pain",
    "brand": "Sudafed",
    "name": "PE Sinus + Anti-infammatory & Pain Tablets",
    "imageUrl": "https://shop.coles.com.au/wcsstore/Coles-CAS/images/1/2/1/1216231-th.jpg",
    "categories": ["winter"],
    "tags": ["cold-and-flu", "tablets-capsules"],
    "locations": {
      "vic": {
        "price": 15.4,
        "promoText": " ",
        "packageSize": "20 pack",
        "packagePrice": "$0.77 per 1Ea"
      }
    }
  },
  {
    "id": "sambucol-cold-flu-lozenges",
    "brand": "Sambucol",
    "name": "Lozenges",
    "imageUrl": "https://shop.coles.com.au/wcsstore/Coles-CAS/images/2/8/6/2864532-th.jpg",
    "categories": ["winter"],
    "tags": ["cold-and-flu", "tablets-capsules"],
    "locations": {
      "vic": {
        "price": 7.5,
        "promoText": "$2.50 ",
        "packageSize": "20 pack",
        "packagePrice": "$0.38 per 1Ea"
      }
    }
  },
  {
    "id": "coles--cold-flu-day-night-capsules",
    "brand": "Coles",
    "name": "Cold & Flu Day & Night Capsules",
    "imageUrl": "https://shop.coles.com.au/wcsstore/Coles-CAS/images/2/8/4/2843340-th.jpg",
    "categories": ["winter"],
    "tags": ["cold-and-flu", "tablets-capsules"],
    "locations": {
      "vic": {
        "price": 9.5,
        "promoText": " ",
        "packageSize": "24 pack",
        "packagePrice": "$0.40 per 1Ea"
      }
    }
  },
  {
    "id": "nyal-tablets-cough--cold-flu",
    "brand": "Nyal",
    "name": "Cough Cold & Flu Tablets",
    "imageUrl": "https://shop.coles.com.au/wcsstore/Coles-CAS/images/2/8/6/2864714-th.jpg",
    "categories": ["winter"],
    "tags": ["cold-and-flu", "tablets-capsules"],
    "locations": {
      "vic": {
        "price": 11.2,
        "promoText": "$2.80 ",
        "packageSize": "24 pack",
        "packagePrice": "$0.47 per 1Ea"
      }
    }
  },
  {
    "id": "bisolvon-marshmallow-syrup-100ml",
    "brand": "Bisolvon",
    "name": "Duo Syrup",
    "imageUrl": "https://shop.coles.com.au/wcsstore/Coles-CAS/images/3/7/3/3734532-th.jpg",
    "categories": ["winter"],
    "tags": ["cold-and-flu", "tablets-capsules"],
    "locations": {
      "vic": {
        "price": 11.95,
        "promoText": "$3.04 ",
        "packageSize": "100mL",
        "packagePrice": "$11.95 per 100mL"
      }
    }
  },
  {
    "id": "bronchodual-cough-pastilles-20s",
    "brand": "Bronchodual",
    "name": "Cough Pastilles",
    "imageUrl": "https://shop.coles.com.au/wcsstore/Coles-CAS/images/3/7/3/3734521-th.jpg",
    "categories": ["winter"],
    "tags": ["cold-and-flu", "tablets-capsules"],
    "locations": {
      "vic": {
        "price": 12,
        "promoText": " ",
        "packageSize": "20 pack",
        "packagePrice": "$0.60 per 1Ea"
      }
    }
  },
  {
    "id": "codral-cold-flu-capsules-relief",
    "brand": "Codral",
    "name": "Relief Cold & Flu Capsules",
    "imageUrl": "https://shop.coles.com.au/wcsstore/Coles-CAS/images/1/2/1/1216209-th.jpg",
    "categories": ["winter"],
    "tags": ["cold-and-flu", "tablets-capsules"],
    "locations": {
      "vic": {
        "price": 15.4,
        "promoText": " ",
        "packageSize": "16 pack",
        "packagePrice": "$0.96 per 1Ea"
      }
    }
  },
  {
    "id": "coles-cold-flu-pain-relief--pe-decongestant-capsules",
    "brand": "Coles",
    "name": "Cold & Flu Pain Relief + Pe Decongesrant Capsules",
    "imageUrl": "https://shop.coles.com.au/wcsstore/Coles-CAS/images/2/8/4/2843339-th.jpg",
    "categories": ["winter"],
    "tags": ["cold-and-flu", "tablets-capsules"],
    "locations": {
      "vic": {
        "price": 10,
        "promoText": " ",
        "packageSize": "20 pack",
        "packagePrice": "$0.50 per 1Ea"
      }
    }
  },
  {
    "id": "coles-cough-cold-flu-day-night-capsules",
    "brand": "Coles",
    "name": "Cough Cold & Flu 18 Day & 6 Night Capsules",
    "imageUrl": "https://shop.coles.com.au/wcsstore/Coles-CAS/images/3/1/5/3151046-th.jpg",
    "categories": ["winter"],
    "tags": ["cold-and-flu", "tablets-capsules"],
    "locations": {
      "vic": {
        "price": 10,
        "promoText": " ",
        "packageSize": "1 pack",
        "packagePrice": "$10.00 per 1Ea"
      }
    }
  },
  {
    "id": "dimetapp-ultra-plus-cold-flu-tablets",
    "brand": "Dimetapp",
    "name": "Cold & Flu Tablets",
    "imageUrl": "https://shop.coles.com.au/wcsstore/Coles-CAS/images/2/8/6/2864543-th.jpg",
    "categories": ["winter"],
    "tags": ["cold-and-flu", "tablets-capsules"],
    "locations": {
      "vic": {
        "price": 14,
        "promoText": " ",
        "packageSize": "27 pack",
        "packagePrice": "$0.52 per 1Ea"
      }
    }
  },
  {
    "id": "dimetapp-multi-symptom-cold-flu-tablets",
    "brand": "Dimetapp",
    "name": "Cold & Flu Tablets",
    "imageUrl": "https://shop.coles.com.au/wcsstore/Coles-CAS/images/2/8/6/2864554-th.jpg",
    "categories": ["winter"],
    "tags": ["cold-and-flu", "tablets-capsules"],
    "locations": {
      "vic": {
        "price": 10,
        "promoText": "$3.00 ",
        "packageSize": "20 pack",
        "packagePrice": "$0.50 per 1Ea"
      }
    }
  },
  {
    "id": "ease-a-cold-immune-guard",
    "brand": "Ease A Cold",
    "name": "Immune Guard Hard Capsules",
    "imageUrl": "https://shop.coles.com.au/wcsstore/Coles-CAS/images/3/4/1/3412037-th.jpg",
    "categories": ["winter"],
    "tags": ["cold-and-flu", "tablets-capsules"],
    "locations": {
      "vic": {
        "price": 15,
        "promoText": "$5.00 ",
        "packageSize": "24 pack",
        "packagePrice": "$0.63 per 1Ea"
      }
    }
  },
  {
    "id": "mintec-20-pack",
    "brand": "Mintec",
    "name": "20 Pack",
    "imageUrl": "https://shop.coles.com.au/wcsstore/Coles-CAS/images/3/7/3/3734500-th.jpg",
    "categories": ["winter"],
    "tags": ["cold-and-flu", "tablets-capsules"],
    "locations": {
      "vic": {
        "price": 7.95,
        "promoText": "$2.00 ",
        "packageSize": "20 pack",
        "packagePrice": "$0.40 per 1Ea"
      }
    }
  },
  {
    "id": "nurofen-cold-flu-pe-tablets",
    "brand": "Nurofen",
    "name": "Cold and Flu Multi-Symptom Relief Tablets 200mg Ibuprofen",
    "imageUrl": "https://shop.coles.com.au/wcsstore/Coles-CAS/images/1/2/1/1216297-th.jpg",
    "categories": ["winter"],
    "tags": ["cold-and-flu", "tablets-capsules"],
    "locations": {
      "vic": {
        "price": 15.3,
        "promoText": " ",
        "packageSize": "24 pack",
        "packagePrice": "$0.64 per 1Ea"
      }
    }
  },
  {
    "id": "nurofen-cold-flu-pe-tablets-1216741p",
    "brand": "Nurofen",
    "name": "Cold and Flu Multi-Symptom Relief Tablets 200mg Ibuprofen",
    "imageUrl": "https://shop.coles.com.au/wcsstore/Coles-CAS/images/1/2/1/1216741-th.jpg",
    "categories": ["winter"],
    "tags": ["cold-and-flu", "tablets-capsules"],
    "locations": {
      "vic": {
        "price": 8,
        "promoText": "$1.00 ",
        "packageSize": "12 pack",
        "packagePrice": "$0.67 per 1Ea"
      }
    }
  },
  {
    "id": "sambucol-capsules-cold-flu",
    "brand": "Sambucol",
    "name": "Cold & Flu Capsules",
    "imageUrl": "https://shop.coles.com.au/wcsstore/Coles-CAS/images/7/4/8/7484583-th.jpg",
    "categories": ["winter"],
    "tags": ["cold-and-flu", "tablets-capsules"],
    "locations": {
      "vic": {
        "price": 14.25,
        "promoText": "$4.75 ",
        "packageSize": "24 pack",
        "packagePrice": "$0.59 per 1Ea"
      }
    }
  },
  {
    "id": "sambucol-cold-flu--pain-relief",
    "brand": "Sambucol",
    "name": "Cold & Flu+ Pain Relief",
    "imageUrl": "https://shop.coles.com.au/wcsstore/Coles-CAS/images/3/1/6/3160692-th.jpg",
    "categories": ["winter"],
    "tags": ["cold-and-flu", "tablets-capsules"],
    "locations": {
      "vic": {
        "price": 15,
        "promoText": "$5.00 ",
        "packageSize": "24 pack",
        "packagePrice": "$0.63 per 1Ea"
      }
    }
  },
  {
    "id": "sudafed-pe-tablets-nasal-decongestant",
    "brand": "Sudafed",
    "name": "PE Nasal Decongestant Tablets",
    "imageUrl": "https://shop.coles.com.au/wcsstore/Coles-CAS/images/9/0/1/9013760-th.jpg",
    "categories": ["winter"],
    "tags": ["cold-and-flu", "tablets-capsules"],
    "locations": {
      "vic": {
        "price": 11.2,
        "promoText": "$2.80 ",
        "packageSize": "20 pack",
        "packagePrice": "$0.56 per 1Ea"
      }
    }
  },
  {
    "id": "sudafed-pe-tablets-sinus--pain-relief",
    "brand": "Sudafed",
    "name": "PE Sinus + Pain Relief Tablets",
    "imageUrl": "https://shop.coles.com.au/wcsstore/Coles-CAS/images/9/0/1/9013781-th.jpg",
    "categories": ["winter"],
    "tags": ["cold-and-flu", "tablets-capsules"],
    "locations": {
      "vic": {
        "price": 11.44,
        "promoText": "$2.86 ",
        "packageSize": "20 pack",
        "packagePrice": "$0.57 per 1Ea"
      }
    }
  },
  {
    "id": "nyal-decongested-nasal-spray-pump",
    "brand": "Nyal",
    "name": "Decongested Nasal Spray Pump",
    "imageUrl": "https://shop.coles.com.au/wcsstore/Coles-CAS/images/5/1/5/5158319-th.jpg",
    "categories": ["winter"],
    "tags": ["cold-and-flu", "nasal-spray-rubs"],
    "locations": {
      "vic": {
        "price": 7.2,
        "promoText": "$1.80 ",
        "packageSize": "15mL",
        "packagePrice": "$48.00 per 100mL"
      }
    }
  },
  {
    "id": "vicks-vaporub-vapour-gel",
    "brand": "Vicks",
    "name": "VapoRub Ointment Decongestant Chest Rub",
    "imageUrl": "https://shop.coles.com.au/wcsstore/Coles-CAS/images/1/3/6/136079-th.jpg",
    "categories": ["winter"],
    "tags": ["cold-and-flu", "nasal-spray-rubs"],
    "locations": {
      "vic": {
        "price": 12.25,
        "promoText": " ",
        "packageSize": "100g",
        "packagePrice": "$12.25 per 100G"
      }
    }
  },
  {
    "id": "bosisto-s-nasal-spray-eucalyptus-50ml",
    "brand": "Bosisto's",
    "name": "Nasal Spray Eucalyptus",
    "imageUrl": "https://shop.coles.com.au/wcsstore/Coles-CAS/images/3/7/3/3734372-th.jpg",
    "categories": ["winter"],
    "tags": ["cold-and-flu", "nasal-spray-rubs"],
    "locations": {
      "vic": {
        "price": 8,
        "promoText": " ",
        "packageSize": "50mL",
        "packagePrice": "$16.00 per 100mL"
      }
    }
  },
  {
    "id": "breath-right-nasal-strips-regular-clear",
    "brand": "Breathe Right",
    "name": "Clear Regular Nasal Congestion Strips",
    "imageUrl": "https://shop.coles.com.au/wcsstore/Coles-CAS/images/7/2/3/7232730-th.jpg",
    "categories": ["winter"],
    "tags": ["cold-and-flu", "nasal-spray-rubs"],
    "locations": {
      "vic": {
        "price": 13.5,
        "promoText": " ",
        "packageSize": "10 pack",
        "packagePrice": "$1.35 per 1Ea"
      }
    }
  },
  {
    "id": "coles-smart-buy-chest-rub",
    "brand": "Coles",
    "name": "Chest Rub Ointment",
    "imageUrl": "https://shop.coles.com.au/wcsstore/Coles-CAS/images/5/1/8/51861-th.jpg",
    "categories": ["winter"],
    "tags": ["cold-and-flu", "nasal-spray-rubs"],
    "locations": {
      "vic": {
        "price": 2.3,
        "promoText": " ",
        "packageSize": "100g",
        "packagePrice": "$2.30 per 100G"
      }
    }
  },
  {
    "id": "coles-nasal-saline-solution",
    "brand": "Coles",
    "name": "Saline Nasal Spray",
    "imageUrl": "https://shop.coles.com.au/wcsstore/Coles-CAS/images/2/8/4/2845877-th.jpg",
    "categories": ["winter"],
    "tags": ["cold-and-flu", "nasal-spray-rubs"],
    "locations": {
      "vic": {
        "price": 7,
        "promoText": " ",
        "packageSize": "30mL",
        "packagePrice": "$23.33 per 100mL"
      }
    }
  },
  {
    "id": "coles-menthol-inhaler",
    "brand": "Coles",
    "name": "Menthol Inhaler 0.5mL",
    "imageUrl": "https://shop.coles.com.au/wcsstore/Coles-CAS/images/2/8/4/2845888-th.jpg",
    "categories": ["winter"],
    "tags": ["cold-and-flu", "nasal-spray-rubs"],
    "locations": {
      "vic": {
        "price": 5,
        "promoText": " ",
        "packageSize": "",
        "packagePrice": "$5.00 per 1Ea"
      }
    }
  },
  {
    "id": "oil-garden-breathe-easier-chest-rub-stick-12g",
    "brand": "Oil Garden",
    "name": "Breathe Easier Chest Rub Stick",
    "imageUrl": "https://shop.coles.com.au/wcsstore/Coles-CAS/images/3/7/3/3733642-th.jpg",
    "categories": ["winter"],
    "tags": ["cold-and-flu", "nasal-spray-rubs"],
    "locations": {
      "vic": {
        "price": 12,
        "promoText": " ",
        "packageSize": "12g",
        "packagePrice": "$100.00 per 100G"
      }
    }
  },
  {
    "id": "otrivin-seawater-euc-0-9-nms-20ml-x6",
    "brand": "Otrivin",
    "name": "Seawater",
    "imageUrl": "https://shop.coles.com.au/wcsstore/Coles-CAS/images/3/7/3/3733631-th.jpg",
    "categories": ["winter"],
    "tags": ["cold-and-flu", "nasal-spray-rubs"],
    "locations": {
      "vic": {
        "price": 8,
        "promoText": " ",
        "packageSize": "20mL",
        "packagePrice": "$40.00 per 100mL"
      }
    }
  },
  {
    "id": "thursday-plantation-antiseptic-spray-with-aloe-vera",
    "brand": "Thursday Plantation",
    "name": "Antiseptic Spray with Aloe Vera",
    "imageUrl": "https://shop.coles.com.au/wcsstore/Coles-CAS/images/1/8/3/1835313-th.jpg",
    "categories": ["winter"],
    "tags": ["cold-and-flu", "nasal-spray-rubs"],
    "locations": {
      "vic": {
        "price": 9.2,
        "promoText": " ",
        "packageSize": "100mL",
        "packagePrice": "$9.20 per 100mL"
      }
    }
  },
  {
    "id": "vicks-inhaler-pocket-pack",
    "brand": "Vicks",
    "name": "Nasal Spray Decongestant Inhaler",
    "imageUrl": "https://shop.coles.com.au/wcsstore/Coles-CAS/images/1/6/6/166116-th.jpg",
    "categories": ["winter"],
    "tags": ["cold-and-flu", "nasal-spray-rubs"],
    "locations": {
      "vic": {
        "price": 7.9,
        "promoText": " ",
        "packageSize": "0.5mL",
        "packagePrice": "$7.90 per 1Ea"
      }
    }
  },
  {
    "id": "vicks-vapo-rub-vaporising-ointment",
    "brand": "Vicks",
    "name": "VapoRub Ointment Decongestant Chest Rub",
    "imageUrl": "https://shop.coles.com.au/wcsstore/Coles-CAS/images/1/0/1/101915-th.jpg",
    "categories": ["winter"],
    "tags": ["cold-and-flu", "nasal-spray-rubs"],
    "locations": {
      "vic": {
        "price": 8,
        "promoText": " ",
        "packageSize": "50g",
        "packagePrice": "$16.00 per 100G"
      }
    }
  },
  {
    "id": "vicks-inhaler-twin-pack-3628433p",
    "brand": "Vicks",
    "name": "Inhaler Twin Pack",
    "imageUrl": "https://shop.coles.com.au/wcsstore/Coles-CAS/images/3/6/2/3628433-th.jpg",
    "categories": ["winter"],
    "tags": ["cold-and-flu", "nasal-spray-rubs"],
    "locations": {
      "vic": {
        "price": 13,
        "promoText": " ",
        "packageSize": "1mL",
        "packagePrice": "$13.00 per 1mL"
      }
    }
  },
  {
    "id": "betadine-ready-to-use-gargle-sore-throat",
    "brand": "Betadine",
    "name": "Ready To Use Sore Throat Gargle",
    "imageUrl": "https://shop.coles.com.au/wcsstore/Coles-CAS/images/7/8/1/7813266-th.jpg",
    "categories": ["winter"],
    "tags": ["cold-and-flu", "throat-gargle-drinks"],
    "locations": {
      "vic": {
        "price": 11.95,
        "promoText": "$1.35 ",
        "packageSize": "120mL",
        "packagePrice": "$9.96 per 100mL"
      }
    }
  },
  {
    "id": "betadine-concentrated-gargle-sore-throat",
    "brand": "Betadine",
    "name": "Concentrated Sore Throat Gargle",
    "imageUrl": "https://shop.coles.com.au/wcsstore/Coles-CAS/images/7/8/1/7813197-th.jpg",
    "categories": ["winter"],
    "tags": ["cold-and-flu", "throat-gargle-drinks"],
    "locations": {
      "vic": {
        "price": 12,
        "promoText": " ",
        "packageSize": "15mL",
        "packagePrice": "$80.01 per 100mL"
      }
    }
  },
  {
    "id": "lemsip-hot-drink-cold-flu-max",
    "brand": "Lemsip",
    "name": "Max Cold and Flu Multi Relief Hot Drink Lemon",
    "imageUrl": "https://shop.coles.com.au/wcsstore/Coles-CAS/images/8/9/1/8918204-th.jpg",
    "categories": ["winter"],
    "tags": ["cold-and-flu", "throat-gargle-drinks"],
    "locations": {
      "vic": {
        "price": 12,
        "promoText": " ",
        "packageSize": "10 pack",
        "packagePrice": "$1.20 per 1Ea"
      }
    }
  },
  {
    "id": "lemsip-max-drink-sachet-decon-lemon",
    "brand": "Lemsip",
    "name": "Max Cold and Flu with Decongestant Hot Drink Lemon",
    "imageUrl": "https://shop.coles.com.au/wcsstore/Coles-CAS/images/6/4/1/6419815-th.jpg",
    "categories": ["winter"],
    "tags": ["cold-and-flu", "throat-gargle-drinks"],
    "locations": {
      "vic": {
        "price": 13,
        "promoText": " ",
        "packageSize": "10 pack",
        "packagePrice": "$1.30 per 1Ea"
      }
    }
  },
  {
    "id": "lemsip-honey-ginger",
    "brand": "Lemsip",
    "name": "Honey and Ginger",
    "imageUrl": "https://shop.coles.com.au/wcsstore/Coles-CAS/images/2/8/6/2862210-th.jpg",
    "categories": ["winter"],
    "tags": ["cold-and-flu", "throat-gargle-drinks"],
    "locations": {
      "vic": {
        "price": 13,
        "promoText": " ",
        "packageSize": "10 pack",
        "packagePrice": "$1.30 per 1Ea"
      }
    }
  },
  {
    "id": "lemsips-all-in-one-capsules-16-pack",
    "brand": "Lemsip",
    "name": "All In One Capsules",
    "imageUrl": "https://shop.coles.com.au/wcsstore/Coles-CAS/images/3/7/3/3734248-th.jpg",
    "categories": ["winter"],
    "tags": ["cold-and-flu", "throat-gargle-drinks"],
    "locations": {
      "vic": {
        "price": 12,
        "promoText": "$3.00 ",
        "packageSize": "16 pack",
        "packagePrice": "$0.75 per 1Ea"
      }
    }
  },
  {
    "id": "lemsip-all-in-one-hot-drinks-10-pack",
    "brand": "Lemsip",
    "name": "All In One Hot Drinks",
    "imageUrl": "https://shop.coles.com.au/wcsstore/Coles-CAS/images/3/7/3/3734237-th.jpg",
    "categories": ["winter"],
    "tags": ["cold-and-flu", "throat-gargle-drinks"],
    "locations": {
      "vic": {
        "price": 12,
        "promoText": "$2.99 ",
        "packageSize": "10 pack",
        "packagePrice": "$1.20 per 1Ea"
      }
    }
  },
  {
    "id": "masterfoods-recipe-base-beef-red-wine",
    "brand": "MasterFoods",
    "name": "Slow Cooker Beef & Red Wine Casserole Recipe Base",
    "imageUrl": "https://shop.coles.com.au/wcsstore/Coles-CAS/images/6/8/5/6856092-th.jpg",
    "categories": ["winter"],
    "tags": ["winter-warmers", "slow-coked"],
    "locations": {
      "vic": {
        "price": 2.2,
        "promoText": "Any 3 $6",
        "packageSize": "175g",
        "packagePrice": "$1.26 per 100G"
      }
    }
  },
  {
    "id": "masterfoods-recipe-base-chicken-curry-mild",
    "brand": "MasterFoods",
    "name": "Slow Cooker Mild Chicken Curry Recipe Base",
    "imageUrl": "https://shop.coles.com.au/wcsstore/Coles-CAS/images/8/1/5/8152534-th.jpg",
    "categories": ["winter"],
    "tags": ["winter-warmers", "slow-coked"],
    "locations": {
      "vic": {
        "price": 2.2,
        "promoText": "Any 3 $6",
        "packageSize": "175g",
        "packagePrice": "$1.26 per 100G"
      }
    }
  },
  {
    "id": "pataks-paste-korma-curry-mild",
    "brand": "Patak's",
    "name": "Korma Curry Paste Mild",
    "imageUrl": "https://shop.coles.com.au/wcsstore/Coles-CAS/images/5/6/6/5666513-th.jpg",
    "categories": ["winter"],
    "tags": ["winter-warmers", "slow-coked"],
    "locations": {
      "vic": {
        "price": 5,
        "promoText": "$0.50 ",
        "packageSize": "290g",
        "packagePrice": "$1.72 per 100G"
      }
    }
  },
  {
    "id": "coles-lamb-shoulder-slow-cook",
    "brand": "Coles",
    "name": "Butcher Slow Cook Lamb Shoulder",
    "imageUrl": "https://shop.coles.com.au/wcsstore/Coles-CAS/images/9/1/5/9154794-th.jpg",
    "categories": ["winter"],
    "tags": ["winter-warmers", "slow-coked"],
    "locations": {
      "vic": {
        "price": 19.2,
        "promoText": " ",
        "packageSize": "approx. 1.6kg",
        "packagePrice": "$12.00 per 1Kg"
      }
    }
  },
  {
    "id": "on-the-menu-lamb-shank",
    "brand": "On The Menu",
    "name": "Slow Cooked Lamb Plated Meals",
    "imageUrl": "https://shop.coles.com.au/wcsstore/Coles-CAS/images/2/9/4/2947822-th.jpg",
    "categories": ["winter"],
    "tags": ["winter-warmers", "slow-coked"],
    "locations": {
      "vic": {
        "price": 6,
        "promoText": "Was $6.50 on Oct 2018 ",
        "packageSize": "320g",
        "packagePrice": "$1.88 per 100G"
      }
    }
  },
  {
    "id": "pataks-paste-tikka-masala-curry",
    "brand": "Patak's",
    "name": "Tikka Masala Curry Paste Medium",
    "imageUrl": "https://shop.coles.com.au/wcsstore/Coles-CAS/images/7/3/0/7306177-th.jpg",
    "categories": ["winter"],
    "tags": ["winter-warmers", "slow-coked"],
    "locations": {
      "vic": {
        "price": 5,
        "promoText": "$0.50 ",
        "packageSize": "283g",
        "packagePrice": "$1.77 per 100G"
      }
    }
  },
  {
    "id": "herbert-adams-slow-cooked-beef-with-portobello-mushroom-merlot",
    "brand": "Herbert Adams",
    "name": "Frozen Slow Cooked Beef with Portobello Mushroom & Merlot Pies 2pack",
    "imageUrl": "https://shop.coles.com.au/wcsstore/Coles-CAS/images/3/1/7/3171564-th.jpg",
    "categories": ["winter"],
    "tags": ["winter-warmers", "slow-coked"],
    "locations": {
      "vic": {
        "price": 7.8,
        "promoText": " ",
        "packageSize": "400g",
        "packagePrice": "$1.95 per 100G"
      }
    }
  },
  {
    "id": "pataks-paste-rogan-josh-curry",
    "brand": "Patak's",
    "name": "Rogan Josh Curry Paste Medium",
    "imageUrl": "https://shop.coles.com.au/wcsstore/Coles-CAS/images/5/2/9/5292989-th.jpg",
    "categories": ["winter"],
    "tags": ["winter-warmers", "slow-coked"],
    "locations": {
      "vic": {
        "price": 5,
        "promoText": "$0.50 ",
        "packageSize": "283g",
        "packagePrice": "$1.77 per 100G"
      }
    }
  },
  {
    "id": "pataks-paste-curry-butter-chicken",
    "brand": "Patak's",
    "name": "Butter Chicken Curry Paste",
    "imageUrl": "https://shop.coles.com.au/wcsstore/Coles-CAS/images/9/3/1/9311087-th.jpg",
    "categories": ["winter"],
    "tags": ["winter-warmers", "slow-coked"],
    "locations": {
      "vic": {
        "price": 5,
        "promoText": "$0.50 ",
        "packageSize": "312g",
        "packagePrice": "$1.60 per 100G"
      }
    }
  },
  {
    "id": "pataks-paste-vindaloo-curry",
    "brand": "Patak's",
    "name": "Vindaloo Curry Paste Hot",
    "imageUrl": "https://shop.coles.com.au/wcsstore/Coles-CAS/images/5/0/2/5029917-th.jpg",
    "categories": ["winter"],
    "tags": ["winter-warmers", "slow-coked"],
    "locations": {
      "vic": {
        "price": 5,
        "promoText": "$0.50 ",
        "packageSize": "283g",
        "packagePrice": "$1.77 per 100G"
      }
    }
  },
  {
    "id": "super-nature-wellness-slow-cooked-lamb",
    "brand": "Super Nature",
    "name": "Frozen Super Protein Slow Cooked Lamb With Chickpea, Amaranth And Sweet Potato Mash Wellness Bowl",
    "imageUrl": "https://shop.coles.com.au/wcsstore/Coles-CAS/images/3/2/4/3240237-th.jpg",
    "categories": ["winter"],
    "tags": ["winter-warmers", "slow-coked"],
    "locations": {
      "vic": {
        "price": 5,
        "promoText": "$1.30 ",
        "packageSize": "350g",
        "packagePrice": "$1.43 per 100G"
      }
    }
  },
  {
    "id": "luv-a-duck-slow-cooked-oriental-style-duck-legs",
    "brand": "Luv A Duck",
    "name": "Frozen Slow Cooked Peking Duck Legs",
    "imageUrl": "https://shop.coles.com.au/wcsstore/Coles-CAS/images/2/2/5/2256821-th.jpg",
    "categories": ["winter"],
    "tags": ["winter-warmers", "slow-coked"],
    "locations": {
      "vic": {
        "price": 12.5,
        "promoText": " ",
        "packageSize": "400g",
        "packagePrice": "$3.13 per 100G"
      }
    }
  },
  {
    "id": "masterfoods-recipe-base-garlic-herb-lamb-shank",
    "brand": "MasterFoods",
    "name": "Slow Cooker Garlic & Herb Lamb Shanks Recipe Base",
    "imageUrl": "https://shop.coles.com.au/wcsstore/Coles-CAS/images/7/4/6/7468500-th.jpg",
    "categories": ["winter"],
    "tags": ["winter-warmers", "slow-coked"],
    "locations": {
      "vic": {
        "price": 2.2,
        "promoText": "Any 3 $6",
        "packageSize": "175g",
        "packagePrice": "$1.26 per 100G"
      }
    }
  },
  {
    "id": "masterfoods-mild-chicken-curry-simmer-sauce",
    "brand": "MasterFoods",
    "name": "Mild Chicken Curry Slow Cook Simmer Sauce",
    "imageUrl": "https://shop.coles.com.au/wcsstore/Coles-CAS/images/1/7/2/1727490-th.jpg",
    "categories": ["winter"],
    "tags": ["winter-warmers", "slow-coked"],
    "locations": {
      "vic": {
        "price": 3.7,
        "promoText": " ",
        "packageSize": "490g",
        "packagePrice": "$0.76 per 100G"
      }
    }
  },
  {
    "id": "masterfoods-recipe-base-lamb-casserole",
    "brand": "MasterFoods",
    "name": "Slow Cooker Lamb Casserole Recipe Base",
    "imageUrl": "https://shop.coles.com.au/wcsstore/Coles-CAS/images/6/8/5/6856070-th.jpg",
    "categories": ["winter"],
    "tags": ["winter-warmers", "slow-coked"],
    "locations": {
      "vic": {
        "price": 2.2,
        "promoText": "Any 3 $6",
        "packageSize": "175g",
        "packagePrice": "$1.26 per 100G"
      }
    }
  },
  {
    "id": "masterfoods-recipe-base-farmhouse-chicken",
    "brand": "MasterFoods",
    "name": "Slow Cooker Farmhouse Chicken Casserole Recipe Base",
    "imageUrl": "https://shop.coles.com.au/wcsstore/Coles-CAS/images/6/8/5/6856106-th.jpg",
    "categories": ["winter"],
    "tags": ["winter-warmers", "slow-coked"],
    "locations": {
      "vic": {
        "price": 2.2,
        "promoText": "Any 3 $6",
        "packageSize": "175g",
        "packagePrice": "$1.26 per 100G"
      }
    }
  },
  {
    "id": "on-the-menu-power-bowl-slow-cooked-lamb",
    "brand": "On The Menu",
    "name": "Frozen Slow Cooked Lamb In Red Wine Sauce King Size Power Bowl",
    "imageUrl": "https://shop.coles.com.au/wcsstore/Coles-CAS/images/3/2/3/3239635-th.jpg",
    "categories": ["winter"],
    "tags": ["winter-warmers", "slow-coked"],
    "locations": {
      "vic": {
        "price": 7.5,
        "promoText": " ",
        "packageSize": "450g",
        "packagePrice": "$1.67 per 100G"
      }
    }
  },
  {
    "id": "mccain-frozen-man-size-chicken-kiev",
    "brand": "McCain",
    "name": "Frozen Man Size Chicken Kiev",
    "imageUrl": "https://shop.coles.com.au/wcsstore/Coles-CAS/images/2/9/4/2944165-th.jpg",
    "categories": ["winter"],
    "tags": ["winter-warmers", "frozen-ready-meals"],
    "locations": {
      "vic": {
        "price": 8,
        "promoText": " ",
        "packageSize": "480g",
        "packagePrice": "$1.67 per 100G"
      }
    }
  },
  {
    "id": "mccain-healthy-choice-bowls-chicken-carbonara-frozen",
    "brand": "McCain",
    "name": "Frozen Healthy Choice Creamy Chicken Carbonara",
    "imageUrl": "https://shop.coles.com.au/wcsstore/Coles-CAS/images/8/0/5/8057078-th.jpg",
    "categories": ["winter"],
    "tags": ["winter-warmers", "frozen-ready-meals"],
    "locations": {
      "vic": {
        "price": 4,
        "promoText": "Was $5.60 on Jul 2017 ",
        "packageSize": "300g",
        "packagePrice": "$1.33 per 100G"
      }
    }
  },
  {
    "id": "mccain-healthy-choice-meal-frozen-lemon-chicken",
    "brand": "McCain",
    "name": "Frozen Healthy Choice Lemon Chicken",
    "imageUrl": "https://shop.coles.com.au/wcsstore/Coles-CAS/images/6/5/5/6557841-th.jpg",
    "categories": ["winter"],
    "tags": ["winter-warmers", "frozen-ready-meals"],
    "locations": {
      "vic": {
        "price": 4,
        "promoText": "Was $6.15 on Jul 2017 ",
        "packageSize": "350g",
        "packagePrice": "$1.14 per 100G"
      }
    }
  },
  {
    "id": "coles-convenience-meal-satay-chicken",
    "brand": "Coles",
    "name": "Frozen Satay Chicken Meal",
    "imageUrl": "https://shop.coles.com.au/wcsstore/Coles-CAS/images/1/3/0/1307359-th.jpg",
    "categories": ["winter"],
    "tags": ["winter-warmers", "frozen-ready-meals"],
    "locations": {
      "vic": {
        "price": 3,
        "promoText": "Was $3.30 on Nov 2019 ",
        "packageSize": "375g",
        "packagePrice": "$0.80 per 100G"
      }
    }
  },
  {
    "id": "weight-watchers-chilli-con-carne",
    "brand": "Weight Watchers",
    "name": "Chilli Con Carne",
    "imageUrl": "https://shop.coles.com.au/wcsstore/Coles-CAS/images/3/5/8/3581522-th.jpg",
    "categories": ["winter"],
    "tags": ["winter-warmers", "frozen-ready-meals"],
    "locations": {
      "vic": {
        "price": 5.8,
        "promoText": " ",
        "packageSize": "330g",
        "packagePrice": "$1.76 per 100G"
      }
    }
  },
  {
    "id": "coles-meal-spaghetti-bolognese-frozen",
    "brand": "Coles",
    "name": "Frozen Spaghetti Bolognese With Beef Mince",
    "imageUrl": "https://shop.coles.com.au/wcsstore/Coles-CAS/images/6/1/1/6115683-th.jpg",
    "categories": ["winter"],
    "tags": ["winter-warmers", "frozen-ready-meals"],
    "locations": {
      "vic": {
        "price": 3,
        "promoText": "Was $3.30 on Nov 2019 ",
        "packageSize": "375g",
        "packagePrice": "$0.80 per 100G"
      }
    }
  },
  {
    "id": "coles-meal-butter-chicken-frozen",
    "brand": "Coles",
    "name": "RSPCA Approved Butter Chicken With Long Grain Rice",
    "imageUrl": "https://shop.coles.com.au/wcsstore/Coles-CAS/images/6/3/8/6388121-th.jpg",
    "categories": ["winter"],
    "tags": ["winter-warmers", "frozen-ready-meals"],
    "locations": {
      "vic": {
        "price": 3,
        "promoText": "Was $3.30 on Nov 2019 ",
        "packageSize": "375g",
        "packagePrice": "$0.80 per 100G"
      }
    }
  },
  {
    "id": "lean-cuisine-steamed-meal-frozen-chicken-butter-indian-style-with-rice",
    "brand": "Lean Cuisine",
    "name": "Frozen Steam Indian Butter Chicken with Rice",
    "imageUrl": "https://shop.coles.com.au/wcsstore/Coles-CAS/images/5/7/0/5700520-th.jpg",
    "categories": ["winter"],
    "tags": ["winter-warmers", "frozen-ready-meals"],
    "locations": {
      "vic": {
        "price": 4.5,
        "promoText": "$2.20 ",
        "packageSize": "370g",
        "packagePrice": "$1.22 per 100G"
      }
    }
  },
  {
    "id": "weight-watchers-meal-frozen-tuna-bake",
    "brand": "Weight Watchers",
    "name": "Frozen Creamy Tuna Bake Meal",
    "imageUrl": "https://shop.coles.com.au/wcsstore/Coles-CAS/images/5/0/0/5006762-th.jpg",
    "categories": ["winter"],
    "tags": ["winter-warmers", "frozen-ready-meals"],
    "locations": {
      "vic": {
        "price": 5.8,
        "promoText": " ",
        "packageSize": "320g",
        "packagePrice": "$1.81 per 100G"
      }
    }
  },
  {
    "id": "coles-meal-tuna-bake-frozen",
    "brand": "Coles",
    "name": "Tuna Bake",
    "imageUrl": "https://shop.coles.com.au/wcsstore/Coles-CAS/images/7/1/4/7147109-th.jpg",
    "categories": ["winter"],
    "tags": ["winter-warmers", "frozen-ready-meals"],
    "locations": {
      "vic": {
        "price": 3,
        "promoText": "Was $3.30 on Nov 2019 ",
        "packageSize": "375g",
        "packagePrice": "$0.80 per 100G"
      }
    }
  },
  {
    "id": "lean-cuisine-meal-beef-stroganoff-with-pasta",
    "brand": "Lean Cuisine",
    "name": "Frozen Classic Beef Stroganoff with Pasta",
    "imageUrl": "https://shop.coles.com.au/wcsstore/Coles-CAS/images/4/4/8/4480655-th.jpg",
    "categories": ["winter"],
    "tags": ["winter-warmers", "frozen-ready-meals"],
    "locations": {
      "vic": {
        "price": 5.7,
        "promoText": " ",
        "packageSize": "280g",
        "packagePrice": "$2.04 per 100G"
      }
    }
  },
  {
    "id": "weight-watchers-mushroom-pumpkn-risotto",
    "brand": "Weight Watchers",
    "name": "Snap Frozen Mushroom & Pumpkin Risotto",
    "imageUrl": "https://shop.coles.com.au/wcsstore/Coles-CAS/images/3/5/8/3581544-th.jpg",
    "categories": ["winter"],
    "tags": ["winter-warmers", "frozen-ready-meals"],
    "locations": {
      "vic": {
        "price": 5.8,
        "promoText": " ",
        "packageSize": "320g",
        "packagePrice": "$1.81 per 100G"
      }
    }
  },
  {
    "id": "on-the-menu-meal-frozen-chicken-parmigiana",
    "brand": "On The Menu",
    "name": "Frozen Chicken Parmigiana",
    "imageUrl": "https://shop.coles.com.au/wcsstore/Coles-CAS/images/8/1/5/8151892-th.jpg",
    "categories": ["winter"],
    "tags": ["winter-warmers", "frozen-ready-meals"],
    "locations": {
      "vic": {
        "price": 6,
        "promoText": "Was $6.50 on Oct 2018 ",
        "packageSize": "320g",
        "packagePrice": "$1.88 per 100G"
      }
    }
  },
  {
    "id": "on-the-menu-beef-lasagne-frozen-meal-1837374p",
    "brand": "On The Menu",
    "name": "Frozen Beef Lasagne",
    "imageUrl": "https://shop.coles.com.au/wcsstore/Coles-CAS/images/1/8/3/1837374-th.jpg",
    "categories": ["winter"],
    "tags": ["winter-warmers", "frozen-ready-meals"],
    "locations": {
      "vic": {
        "price": 6,
        "promoText": "Was $9.00 on Jul 2017 ",
        "packageSize": "1kg",
        "packagePrice": "$6.00 per 1Kg"
      }
    }
  },
  {
    "id": "on-the-menu-plated-meals-roast-lamb",
    "brand": "On The Menu",
    "name": "Roast Lamb Plated Meals",
    "imageUrl": "https://shop.coles.com.au/wcsstore/Coles-CAS/images/3/5/1/3513726-th.jpg",
    "categories": ["winter"],
    "tags": ["winter-warmers", "frozen-ready-meals"],
    "locations": {
      "vic": {
        "price": 6,
        "promoText": "Was $6.50 on Nov 2018 ",
        "packageSize": "320g",
        "packagePrice": "$1.88 per 100G"
      }
    }
  },
  {
    "id": "coles-meal-lasagne-beef-bechemel-frozen-6115592p",
    "brand": "Coles",
    "name": "Frozen Beef Lasagne",
    "imageUrl": "https://shop.coles.com.au/wcsstore/Coles-CAS/images/6/1/1/6115592-th.jpg",
    "categories": ["winter"],
    "tags": ["winter-warmers", "frozen-ready-meals"],
    "locations": {
      "vic": {
        "price": 3,
        "promoText": "Was $3.30 on Nov 2019 ",
        "packageSize": "375g",
        "packagePrice": "$0.80 per 100G"
      }
    }
  },
  {
    "id": "coles-veg-pad-thai",
    "brand": "Coles",
    "name": "Veg Pad Thai",
    "imageUrl": "https://shop.coles.com.au/wcsstore/Coles-CAS/images/3/2/1/3218169-th.jpg",
    "categories": ["winter"],
    "tags": ["winter-warmers", "frozen-ready-meals"],
    "locations": {
      "vic": {
        "price": 3,
        "promoText": "Was $3.30 on Nov 2019 ",
        "packageSize": "375g",
        "packagePrice": "$0.80 per 100G"
      }
    }
  },
  {
    "id": "lean-cuisine-steamed-meal-frozen-thai-red-chicken-curry-with-rice",
    "brand": "Lean Cuisine",
    "name": "Frozen Steam Thai Red Chicken Curry with Rice",
    "imageUrl": "https://shop.coles.com.au/wcsstore/Coles-CAS/images/5/7/0/5700564-th.jpg",
    "categories": ["winter"],
    "tags": ["winter-warmers", "frozen-ready-meals"],
    "locations": {
      "vic": {
        "price": 4.5,
        "promoText": "$2.20 ",
        "packageSize": "380g",
        "packagePrice": "$1.18 per 100G"
      }
    }
  },
  {
    "id": "lean-cuisine-steamed-meal-frozen-sundried-tomato-chicken-with-pasta",
    "brand": "Lean Cuisine",
    "name": "Frozen Steam Sundried Tomato & Chicken Pasta",
    "imageUrl": "https://shop.coles.com.au/wcsstore/Coles-CAS/images/5/7/0/5700531-th.jpg",
    "categories": ["winter"],
    "tags": ["winter-warmers", "frozen-ready-meals"],
    "locations": {
      "vic": {
        "price": 4.5,
        "promoText": "$2.20 ",
        "packageSize": "370g",
        "packagePrice": "$1.22 per 100G"
      }
    }
  },
  {
    "id": "mccain-frozen-man-size-chicken-bacon-bake",
    "brand": "McCain",
    "name": "Frozen Man Size Grilled Chicken & Bacon Pasta",
    "imageUrl": "https://shop.coles.com.au/wcsstore/Coles-CAS/images/2/9/4/2944176-th.jpg",
    "categories": ["winter"],
    "tags": ["winter-warmers", "frozen-ready-meals"],
    "locations": {
      "vic": {
        "price": 8,
        "promoText": " ",
        "packageSize": "480g",
        "packagePrice": "$1.67 per 100G"
      }
    }
  },
  {
    "id": "on-the-menu-chicken-kiev-plated-frozen-meal",
    "brand": "On The Menu",
    "name": "Frozen Chicken Kiev",
    "imageUrl": "https://shop.coles.com.au/wcsstore/Coles-CAS/images/2/4/1/2414671-th.jpg",
    "categories": ["winter"],
    "tags": ["winter-warmers", "frozen-ready-meals"],
    "locations": {
      "vic": {
        "price": 6,
        "promoText": "Was $6.50 on Oct 2018 ",
        "packageSize": "320g",
        "packagePrice": "$1.88 per 100G"
      }
    }
  },
  {
    "id": "super-nature-pulses-thai-green-chicken-curry",
    "brand": "Super Nature",
    "name": "Frozen Dairy Free Super Pulses Thai Green Chicken Curry",
    "imageUrl": "https://shop.coles.com.au/wcsstore/Coles-CAS/images/3/2/3/3239930-th.jpg",
    "categories": ["winter"],
    "tags": ["winter-warmers", "frozen-ready-meals"],
    "locations": {
      "vic": {
        "price": 4,
        "promoText": " ",
        "packageSize": "300g",
        "packagePrice": "$1.33 per 100G"
      }
    }
  },
  {
    "id": "coles-meal-macaroni-cheese-frozen",
    "brand": "Coles",
    "name": "Frozen Macaroni Cheese",
    "imageUrl": "https://shop.coles.com.au/wcsstore/Coles-CAS/images/6/1/1/6115708-th.jpg",
    "categories": ["winter"],
    "tags": ["winter-warmers", "frozen-ready-meals"],
    "locations": {
      "vic": {
        "price": 3,
        "promoText": "Was $3.30 on Nov 2019 ",
        "packageSize": "375g",
        "packagePrice": "$0.80 per 100G"
      }
    }
  },
  {
    "id": "coles-smart-buy-lasagne-frozen",
    "brand": "Coles",
    "name": "Frozen Beef Lasagne Pasta",
    "imageUrl": "https://shop.coles.com.au/wcsstore/Coles-CAS/images/5/6/1/5613663-th.jpg",
    "categories": ["winter"],
    "tags": ["winter-warmers", "frozen-ready-meals"],
    "locations": {
      "vic": {
        "price": 2.25,
        "promoText": " ",
        "packageSize": "400g",
        "packagePrice": "$0.56 per 100G"
      }
    }
  },
  {
    "id": "mccain-frozen-man-size-bangers-mash",
    "brand": "McCain",
    "name": "Frozen Man Size Bangers",
    "imageUrl": "https://shop.coles.com.au/wcsstore/Coles-CAS/images/2/9/4/2944154-th.jpg",
    "categories": ["winter"],
    "tags": ["winter-warmers", "frozen-ready-meals"],
    "locations": {
      "vic": {
        "price": 8,
        "promoText": " ",
        "packageSize": "500g",
        "packagePrice": "$1.60 per 100G"
      }
    }
  },
  {
    "id": "on-the-menu-beef-lasagne",
    "brand": "On The Menu",
    "name": "Frozen Beef Lasagne",
    "imageUrl": "https://shop.coles.com.au/wcsstore/Coles-CAS/images/1/1/6/1167894-th.jpg",
    "categories": ["winter"],
    "tags": ["winter-warmers", "frozen-ready-meals"],
    "locations": {
      "vic": {
        "price": 2.4,
        "promoText": "$0.60 ",
        "packageSize": "260g",
        "packagePrice": "$0.92 per 100G"
      }
    }
  },
  {
    "id": "on-the-menu-meal-frozen-roast-chicken",
    "brand": "On The Menu",
    "name": "Frozen Roast Chicken",
    "imageUrl": "https://shop.coles.com.au/wcsstore/Coles-CAS/images/8/1/5/8151906-th.jpg",
    "categories": ["winter"],
    "tags": ["winter-warmers", "frozen-ready-meals"],
    "locations": {
      "vic": {
        "price": 6,
        "promoText": "Was $6.50 on Oct 2018 ",
        "packageSize": "320g",
        "packagePrice": "$1.88 per 100G"
      }
    }
  },
  {
    "id": "super-nature-pulses-vegan-bolognes",
    "brand": "Super Nature",
    "name": "Frozen Super Pulses Vegan Bolognese",
    "imageUrl": "https://shop.coles.com.au/wcsstore/Coles-CAS/images/3/2/3/3239806-th.jpg",
    "categories": ["winter"],
    "tags": ["winter-warmers", "frozen-ready-meals"],
    "locations": {
      "vic": {
        "price": 4,
        "promoText": " ",
        "packageSize": "300g",
        "packagePrice": "$1.33 per 100G"
      }
    }
  },
  {
    "id": "weight-watchers-meal-frozen-cottage-pie",
    "brand": "Weight Watchers",
    "name": "Frozen Beef Cottage Pie Meal",
    "imageUrl": "https://shop.coles.com.au/wcsstore/Coles-CAS/images/5/0/0/5006900-th.jpg",
    "categories": ["winter"],
    "tags": ["winter-warmers", "frozen-ready-meals"],
    "locations": {
      "vic": {
        "price": 5.8,
        "promoText": " ",
        "packageSize": "320g",
        "packagePrice": "$1.81 per 100G"
      }
    }
  },
  {
    "id": "coles-pie-shepherds-frozen",
    "brand": "Coles",
    "name": "Frozen Shepherd's Pie",
    "imageUrl": "https://shop.coles.com.au/wcsstore/Coles-CAS/images/6/3/9/6392672-th.jpg",
    "categories": ["winter"],
    "tags": ["winter-warmers", "frozen-ready-meals"],
    "locations": {
      "vic": {
        "price": 3,
        "promoText": "Was $3.30 on Nov 2019 ",
        "packageSize": "375g",
        "packagePrice": "$0.80 per 100G"
      }
    }
  },
  {
    "id": "core-power-foods-portugues-style-chicken",
    "brand": "Core Power Foods",
    "name": "Portuguese-Style Chicken",
    "imageUrl": "https://shop.coles.com.au/wcsstore/Coles-CAS/images/3/5/3/3533927-th.jpg",
    "categories": ["winter"],
    "tags": ["winter-warmers", "frozen-ready-meals"],
    "locations": {
      "vic": {
        "price": 9,
        "promoText": " ",
        "packageSize": "350g",
        "packagePrice": "$2.57 per 100G"
      }
    }
  },
  {
    "id": "lean-cuisine-meal-lamb-rosemary-hot-pot",
    "brand": "Lean Cuisine",
    "name": "Frozen Balance Hearty Lamb & Rosemary Hot Pot",
    "imageUrl": "https://shop.coles.com.au/wcsstore/Coles-CAS/images/6/5/6/6567980-th.jpg",
    "categories": ["winter"],
    "tags": ["winter-warmers", "frozen-ready-meals"],
    "locations": {
      "vic": {
        "price": 5.7,
        "promoText": " ",
        "packageSize": "290g",
        "packagePrice": "$1.97 per 100G"
      }
    }
  },
  {
    "id": "on-the-menu-plated-meals-bbq-mixed-grill",
    "brand": "On The Menu",
    "name": "Frozen BBQ Mixed Grill",
    "imageUrl": "https://shop.coles.com.au/wcsstore/Coles-CAS/images/8/9/3/8934980-th.jpg",
    "categories": ["winter"],
    "tags": ["winter-warmers", "frozen-ready-meals"],
    "locations": {
      "vic": {
        "price": 6,
        "promoText": "Was $6.50 on Oct 2018 ",
        "packageSize": "320g",
        "packagePrice": "$1.88 per 100G"
      }
    }
  },
  {
    "id": "on-the-menu-meal-frozen-angus-roast-beef",
    "brand": "On The Menu",
    "name": "Roast Beef Plated Meal",
    "imageUrl": "https://shop.coles.com.au/wcsstore/Coles-CAS/images/8/1/5/8151917-th.jpg",
    "categories": ["winter"],
    "tags": ["winter-warmers", "frozen-ready-meals"],
    "locations": {
      "vic": {
        "price": 6,
        "promoText": "Was $6.50 on Nov 2018 ",
        "packageSize": "320g",
        "packagePrice": "$1.88 per 100G"
      }
    }
  },
  {
    "id": "on-the-menu-pappardelle-ragu",
    "brand": "On The Menu",
    "name": "Frozen Pappardelle Ragu",
    "imageUrl": "https://shop.coles.com.au/wcsstore/Coles-CAS/images/2/7/4/2742364-th.jpg",
    "categories": ["winter"],
    "tags": ["winter-warmers", "frozen-ready-meals"],
    "locations": {
      "vic": {
        "price": 2.4,
        "promoText": "$0.60 ",
        "packageSize": "260g",
        "packagePrice": "$0.92 per 100G"
      }
    }
  },
  {
    "id": "coles-chicken-fettuccine-carbonara",
    "brand": "Coles",
    "name": "Frozen Chicken Fettuccine Carbonara",
    "imageUrl": "https://shop.coles.com.au/wcsstore/Coles-CAS/images/2/7/4/2742025-th.jpg",
    "categories": ["winter"],
    "tags": ["winter-warmers", "frozen-ready-meals"],
    "locations": {
      "vic": {
        "price": 3,
        "promoText": "Was $3.30 on Nov 2019 ",
        "packageSize": "375g",
        "packagePrice": "$0.80 per 100G"
      }
    }
  },
  {
    "id": "lean-cuisine-meal-thai-green-chicken-curry-with-rice",
    "brand": "Lean Cuisine",
    "name": "Frozen Steam Thai Green Curry with Rice",
    "imageUrl": "https://shop.coles.com.au/wcsstore/Coles-CAS/images/9/2/2/9229747-th.jpg",
    "categories": ["winter"],
    "tags": ["winter-warmers", "frozen-ready-meals"],
    "locations": {
      "vic": {
        "price": 5.7,
        "promoText": " ",
        "packageSize": "280g",
        "packagePrice": "$2.04 per 100G"
      }
    }
  },
  {
    "id": "mccain-healthy-choice-plus-honey-stir-fry-meal-frozen",
    "brand": "McCain",
    "name": "Frozen Healthy Choice Chicken Honey Stir Fry",
    "imageUrl": "https://shop.coles.com.au/wcsstore/Coles-CAS/images/6/7/7/6774340-th.jpg",
    "categories": ["winter"],
    "tags": ["winter-warmers", "frozen-ready-meals"],
    "locations": {
      "vic": {
        "price": 4,
        "promoText": "Was $5.60 on Jul 2017 ",
        "packageSize": "330g",
        "packagePrice": "$1.21 per 100G"
      }
    }
  },
  {
    "id": "mccain-healthy-choice-meal-frozen-spinach-ricotta-ravioli",
    "brand": "McCain",
    "name": "Frozen Healthy Choice Spinach & Ricotta Ravioli",
    "imageUrl": "https://shop.coles.com.au/wcsstore/Coles-CAS/images/4/7/3/4732237-th.jpg",
    "categories": ["winter"],
    "tags": ["winter-warmers", "frozen-ready-meals"],
    "locations": {
      "vic": {
        "price": 4,
        "promoText": "Was $5.60 on Jul 2017 ",
        "packageSize": "390g",
        "packagePrice": "$1.14 per 100G"
      }
    }
  },
  {
    "id": "mccain-mansize-pub-style-parma",
    "brand": "McCain",
    "name": "Man Size Pub Style Parma",
    "imageUrl": "https://shop.coles.com.au/wcsstore/Coles-CAS/images/3/5/4/3545256-th.jpg",
    "categories": ["winter"],
    "tags": ["winter-warmers", "frozen-ready-meals"],
    "locations": {
      "vic": {
        "price": 8,
        "promoText": " ",
        "packageSize": "480g",
        "packagePrice": "$1.67 per 100G"
      }
    }
  },
  {
    "id": "on-the-menu-macaroni-cheese",
    "brand": "On The Menu",
    "name": "Frozen Cheese Macaroni",
    "imageUrl": "https://shop.coles.com.au/wcsstore/Coles-CAS/images/1/1/6/1167872-th.jpg",
    "categories": ["winter"],
    "tags": ["winter-warmers", "frozen-ready-meals"],
    "locations": {
      "vic": {
        "price": 2.4,
        "promoText": "$0.60 ",
        "packageSize": "260g",
        "packagePrice": "$0.92 per 100G"
      }
    }
  },
  {
    "id": "on-the-menu-cottage-pie-frozen-meal",
    "brand": "On The Menu",
    "name": "Cottage Pie",
    "imageUrl": "https://shop.coles.com.au/wcsstore/Coles-CAS/images/2/3/1/2315250-th.jpg",
    "categories": ["winter"],
    "tags": ["winter-warmers", "frozen-ready-meals"],
    "locations": {
      "vic": {
        "price": 2.4,
        "promoText": "$0.60 ",
        "packageSize": "260g",
        "packagePrice": "$0.92 per 100G"
      }
    }
  },
  {
    "id": "super-nature--frozen-super-nut-satay-chicken-with-quinoa",
    "brand": "Super Nature",
    "name": "Frozen Super Protein Satay Chicken with Quinoa, Chickpea & Wild Rice Mix Wellness Bowl",
    "imageUrl": "https://shop.coles.com.au/wcsstore/Coles-CAS/images/2/9/4/2946659-th.jpg",
    "categories": ["winter"],
    "tags": ["winter-warmers", "frozen-ready-meals"],
    "locations": {
      "vic": {
        "price": 5,
        "promoText": "$1.30 ",
        "packageSize": "350g",
        "packagePrice": "$1.43 per 100G"
      }
    }
  },
  {
    "id": "coles-meal-thai-green-chicken-curry-frozen",
    "brand": "Coles",
    "name": "RSPCA Approved Thai Green Chicken Curry with Long Grain Rice",
    "imageUrl": "https://shop.coles.com.au/wcsstore/Coles-CAS/images/6/3/8/6388256-th.jpg",
    "categories": ["winter"],
    "tags": ["winter-warmers", "frozen-ready-meals"],
    "locations": {
      "vic": {
        "price": 3,
        "promoText": "Was $3.30 on Nov 2019 ",
        "packageSize": "375g",
        "packagePrice": "$0.80 per 100G"
      }
    }
  },
  {
    "id": "coles-singapore-noodles",
    "brand": "Coles",
    "name": "Singapore Noodles",
    "imageUrl": "https://shop.coles.com.au/wcsstore/Coles-CAS/images/3/4/8/3480423-th.jpg",
    "categories": ["winter"],
    "tags": ["winter-warmers", "frozen-ready-meals"],
    "locations": {
      "vic": {
        "price": 3,
        "promoText": "Was $3.30 on Nov 2019 ",
        "packageSize": "375g",
        "packagePrice": "$0.80 per 100G"
      }
    }
  },
  {
    "id": "lean-cuisine-meal-spaghetti-bolognese",
    "brand": "Lean Cuisine",
    "name": "Frozen Balance Classic Spaghetti Bolognese",
    "imageUrl": "https://shop.coles.com.au/wcsstore/Coles-CAS/images/6/5/6/6567947-th.jpg",
    "categories": ["winter"],
    "tags": ["winter-warmers", "frozen-ready-meals"],
    "locations": {
      "vic": {
        "price": 5.7,
        "promoText": " ",
        "packageSize": "300g",
        "packagePrice": "$1.90 per 100G"
      }
    }
  },
  {
    "id": "mccain-health-choice-bowls-chinese-chicken-cashews-frozen",
    "brand": "McCain",
    "name": "Frozen Healthy Choice Chinese Chicken With Cashews",
    "imageUrl": "https://shop.coles.com.au/wcsstore/Coles-CAS/images/8/0/5/8057001-th.jpg",
    "categories": ["winter"],
    "tags": ["winter-warmers", "frozen-ready-meals"],
    "locations": {
      "vic": {
        "price": 4,
        "promoText": "Was $5.60 on Jul 2017 ",
        "packageSize": "280g",
        "packagePrice": "$1.43 per 100G"
      }
    }
  },
  {
    "id": "on-the-menu-plated-meals-veal-cordon-bleu",
    "brand": "On The Menu",
    "name": "Veal Cordon Bleu Plated Meals",
    "imageUrl": "https://shop.coles.com.au/wcsstore/Coles-CAS/images/3/5/1/3513737-th.jpg",
    "categories": ["winter"],
    "tags": ["winter-warmers", "frozen-ready-meals"],
    "locations": {
      "vic": {
        "price": 6,
        "promoText": "Was $6.50 on Nov 2018 ",
        "packageSize": "320g",
        "packagePrice": "$1.88 per 100G"
      }
    }
  },
  {
    "id": "gravox-traditional-gravy-mix",
    "brand": "Gravox",
    "name": "Traditional Gravy Mix",
    "imageUrl": "https://shop.coles.com.au/wcsstore/Coles-CAS/images/6/0/4/6048826-th.jpg",
    "categories": ["winter"],
    "tags": ["winter-warmers", "gravy-sauce-mix"],
    "locations": {
      "vic": {
        "price": 3.3,
        "promoText": "Any 2 $5",
        "packageSize": "120g",
        "packagePrice": "$0.28 per 10G"
      }
    }
  },
  {
    "id": "gravox-liquid-pepper-steak-sauce",
    "brand": "Gravox",
    "name": "Pepper Steak Liquid Sauce",
    "imageUrl": "https://shop.coles.com.au/wcsstore/Coles-CAS/images/4/9/9/4999827-th.jpg",
    "categories": ["winter"],
    "tags": ["winter-warmers", "gravy-sauce-mix"],
    "locations": {
      "vic": {
        "price": 2,
        "promoText": "Was $2.55 on May 2017 ",
        "packageSize": "165g",
        "packagePrice": "$1.21 per 100G"
      }
    }
  },
  {
    "id": "gravox-roast-meat-gravy-mix",
    "brand": "Gravox",
    "name": "Roast Meat Gravy Mix",
    "imageUrl": "https://shop.coles.com.au/wcsstore/Coles-CAS/images/6/0/4/6048815-th.jpg",
    "categories": ["winter"],
    "tags": ["winter-warmers", "gravy-sauce-mix"],
    "locations": {
      "vic": {
        "price": 3.3,
        "promoText": "Any 2 $5",
        "packageSize": "120g",
        "packagePrice": "$0.28 per 10G"
      }
    }
  },
  {
    "id": "gravox-chicken-gravy-mix",
    "brand": "Gravox",
    "name": "Chicken Gravy Mix",
    "imageUrl": "https://shop.coles.com.au/wcsstore/Coles-CAS/images/6/0/4/6046853-th.jpg",
    "categories": ["winter"],
    "tags": ["winter-warmers", "gravy-sauce-mix"],
    "locations": {
      "vic": {
        "price": 3.3,
        "promoText": "Any 2 $5",
        "packageSize": "120g",
        "packagePrice": "$0.28 per 10G"
      }
    }
  },
  {
    "id": "gravox-pepper-sauce",
    "brand": "Gravox",
    "name": "Pepper Finishing Sauce Mix",
    "imageUrl": "https://shop.coles.com.au/wcsstore/Coles-CAS/images/6/0/4/6046638-th.jpg",
    "categories": ["winter"],
    "tags": ["winter-warmers", "gravy-sauce-mix"],
    "locations": {
      "vic": {
        "price": 3.3,
        "promoText": "Any 2 $5",
        "packageSize": "120g",
        "packagePrice": "$0.28 per 10G"
      }
    }
  },
  {
    "id": "gravox-brown-onion-gravy-mix",
    "brand": "Gravox",
    "name": "Brown Onion Gravy Mix",
    "imageUrl": "https://shop.coles.com.au/wcsstore/Coles-CAS/images/6/0/4/6046864-th.jpg",
    "categories": ["winter"],
    "tags": ["winter-warmers", "gravy-sauce-mix"],
    "locations": {
      "vic": {
        "price": 3.3,
        "promoText": "Any 2 $5",
        "packageSize": "120g",
        "packagePrice": "$0.28 per 10G"
      }
    }
  },
  {
    "id": "gravox-liquid-traditional-gravy",
    "brand": "Gravox",
    "name": "Traditional Liquid Gravy",
    "imageUrl": "https://shop.coles.com.au/wcsstore/Coles-CAS/images/4/9/9/4999805-th.jpg",
    "categories": ["winter"],
    "tags": ["winter-warmers", "gravy-sauce-mix"],
    "locations": {
      "vic": {
        "price": 2,
        "promoText": "Was $2.55 on May 2017 ",
        "packageSize": "165g",
        "packagePrice": "$1.21 per 100G"
      }
    }
  },
  {
    "id": "gravox-roast-chicken-herb-liquid-gravy",
    "brand": "Gravox",
    "name": "Roast Chicken With Herbs Gravy",
    "imageUrl": "https://shop.coles.com.au/wcsstore/Coles-CAS/images/6/8/4/6842860-th.jpg",
    "categories": ["winter"],
    "tags": ["winter-warmers", "gravy-sauce-mix"],
    "locations": {
      "vic": {
        "price": 3,
        "promoText": " ",
        "packageSize": "250g",
        "packagePrice": "$1.20 per 100G"
      }
    }
  },
  {
    "id": "gravox-traditional-liquid-gravy",
    "brand": "Gravox",
    "name": "Traditional Liquid Gravy",
    "imageUrl": "https://shop.coles.com.au/wcsstore/Coles-CAS/images/6/8/4/6842837-th.jpg",
    "categories": ["winter"],
    "tags": ["winter-warmers", "gravy-sauce-mix"],
    "locations": {
      "vic": {
        "price": 3,
        "promoText": " ",
        "packageSize": "250g",
        "packagePrice": "$1.20 per 100G"
      }
    }
  },
  {
    "id": "gravox-saucery-white-sauce-mix",
    "brand": "Gravox",
    "name": "Saucery White Sauce Mix",
    "imageUrl": "https://shop.coles.com.au/wcsstore/Coles-CAS/images/5/0/8/5084052-th.jpg",
    "categories": ["winter"],
    "tags": ["winter-warmers", "gravy-sauce-mix"],
    "locations": {
      "vic": {
        "price": 1,
        "promoText": " ",
        "packageSize": "29g",
        "packagePrice": "$0.34 per 10G"
      }
    }
  },
  {
    "id": "gravox-brown-onion-liquid-gravy",
    "brand": "Gravox",
    "name": "Brown Onion Gravy",
    "imageUrl": "https://shop.coles.com.au/wcsstore/Coles-CAS/images/4/4/4/4443579-th.jpg",
    "categories": ["winter"],
    "tags": ["winter-warmers", "gravy-sauce-mix"],
    "locations": {
      "vic": {
        "price": 2,
        "promoText": " ",
        "packageSize": "165g",
        "packagePrice": "$0.12 per 10G"
      }
    }
  },
  {
    "id": "gravox-gravy-mix-traditional",
    "brand": "Gravox",
    "name": "Traditional Gravy Mix",
    "imageUrl": "https://shop.coles.com.au/wcsstore/Coles-CAS/images/1/2/1/121151-th.jpg",
    "categories": ["winter"],
    "tags": ["winter-warmers", "gravy-sauce-mix"],
    "locations": {
      "vic": {
        "price": 4,
        "promoText": "$0.50 ",
        "packageSize": "425g",
        "packagePrice": "$0.09 per 10G"
      }
    }
  },
  {
    "id": "gravox-pepper-steak-finishing-sauce",
    "brand": "Gravox",
    "name": "Pepper Steak Finishing Sauce",
    "imageUrl": "https://shop.coles.com.au/wcsstore/Coles-CAS/images/3/4/3/3433570-th.jpg",
    "categories": ["winter"],
    "tags": ["winter-warmers", "gravy-sauce-mix"],
    "locations": {
      "vic": {
        "price": 3,
        "promoText": " ",
        "packageSize": "250g",
        "packagePrice": "$1.20 per 100G"
      }
    }
  },
  {
    "id": "masterfoods-finishing-sauce-creamy-white",
    "brand": "MasterFoods",
    "name": "Creamy White Finishing Sauce",
    "imageUrl": "https://shop.coles.com.au/wcsstore/Coles-CAS/images/6/8/3/6839720-th.jpg",
    "categories": ["winter"],
    "tags": ["winter-warmers", "gravy-sauce-mix"],
    "locations": {
      "vic": {
        "price": 2,
        "promoText": "Was $2.65 on May 2019 ",
        "packageSize": "160g",
        "packagePrice": "$0.13 per 10G"
      }
    }
  },
  {
    "id": "masterfoods-finishing-sauce-cheese",
    "brand": "MasterFoods",
    "name": "Cheese Finishing Sauce",
    "imageUrl": "https://shop.coles.com.au/wcsstore/Coles-CAS/images/5/5/9/5595812-th.jpg",
    "categories": ["winter"],
    "tags": ["winter-warmers", "gravy-sauce-mix"],
    "locations": {
      "vic": {
        "price": 2,
        "promoText": "Was $2.65 on May 2019 ",
        "packageSize": "160g",
        "packagePrice": "$0.13 per 10G"
      }
    }
  },
  {
    "id": "coles-gravy-mix-traditional-7755159p",
    "brand": "Coles",
    "name": "Traditional Gravy Mix",
    "imageUrl": "https://shop.coles.com.au/wcsstore/Coles-CAS/images/7/7/5/7755159-th.jpg",
    "categories": ["winter"],
    "tags": ["winter-warmers", "gravy-sauce-mix"],
    "locations": {
      "vic": {
        "price": 1.75,
        "promoText": " ",
        "packageSize": "120g",
        "packagePrice": "$0.15 per 10G"
      }
    }
  },
  {
    "id": "coles-premium-peppercorn-gravy",
    "brand": "Coles",
    "name": "Premium Peppercorn Sauce",
    "imageUrl": "https://shop.coles.com.au/wcsstore/Coles-CAS/images/3/7/2/3729430-th.jpg",
    "categories": ["winter"],
    "tags": ["winter-warmers", "gravy-sauce-mix"],
    "locations": {
      "vic": {
        "price": 4,
        "promoText": " ",
        "packageSize": "200mL",
        "packagePrice": "$2.00 per 100mL"
      }
    }
  },
  {
    "id": "gravox-our-best-ever-chip-gravy",
    "brand": "Gravox",
    "name": "Our Best Ever Chip Gravy",
    "imageUrl": "https://shop.coles.com.au/wcsstore/Coles-CAS/images/9/2/3/9233675-th.jpg",
    "categories": ["winter"],
    "tags": ["winter-warmers", "gravy-sauce-mix"],
    "locations": {
      "vic": {
        "price": 2,
        "promoText": "Was $2.55 on May 2017 ",
        "packageSize": "165g",
        "packagePrice": "$0.12 per 10G"
      }
    }
  },
  {
    "id": "gravox-gravy-roast-pork",
    "brand": "Gravox",
    "name": "Roast Pork Gravy",
    "imageUrl": "https://shop.coles.com.au/wcsstore/Coles-CAS/images/6/8/3/6839785-th.jpg",
    "categories": ["winter"],
    "tags": ["winter-warmers", "gravy-sauce-mix"],
    "locations": {
      "vic": {
        "price": 2,
        "promoText": "Was $2.55 on May 2017 ",
        "packageSize": "165g",
        "packagePrice": "$0.12 per 10G"
      }
    }
  },
  {
    "id": "gravox-roast-meat-supreme-gravy-mix",
    "brand": "Gravox",
    "name": "Roast Meat Supreme Gravy Mix",
    "imageUrl": "https://shop.coles.com.au/wcsstore/Coles-CAS/images/5/3/8/5387316-th.jpg",
    "categories": ["winter"],
    "tags": ["winter-warmers", "gravy-sauce-mix"],
    "locations": {
      "vic": {
        "price": 1,
        "promoText": " ",
        "packageSize": "29g",
        "packagePrice": "$0.34 per 10G"
      }
    }
  },
  {
    "id": "gravox-lamb-rosemary-liquid-gravy-4445858p",
    "brand": "Gravox",
    "name": "Lamb & Rosemary Gravy",
    "imageUrl": "https://shop.coles.com.au/wcsstore/Coles-CAS/images/4/4/4/4445858-th.jpg",
    "categories": ["winter"],
    "tags": ["winter-warmers", "gravy-sauce-mix"],
    "locations": {
      "vic": {
        "price": 2,
        "promoText": "Was $2.55 on May 2017 ",
        "packageSize": "165g",
        "packagePrice": "$0.12 per 10G"
      }
    }
  },
  {
    "id": "gravox-saucery-cheese-sauce-mix",
    "brand": "Gravox",
    "name": "Saucery Cheese Sauce Mix",
    "imageUrl": "https://shop.coles.com.au/wcsstore/Coles-CAS/images/5/0/8/5084030-th.jpg",
    "categories": ["winter"],
    "tags": ["winter-warmers", "gravy-sauce-mix"],
    "locations": {
      "vic": {
        "price": 1,
        "promoText": " ",
        "packageSize": "29g",
        "packagePrice": "$0.34 per 10G"
      }
    }
  },
  {
    "id": "gravox-gravy-instant-salt-reduced-traditional",
    "brand": "Gravox",
    "name": "Instant Salt Reduced Traditional Gravy Mix",
    "imageUrl": "https://shop.coles.com.au/wcsstore/Coles-CAS/images/1/4/1/1418189-th.jpg",
    "categories": ["winter"],
    "tags": ["winter-warmers", "gravy-sauce-mix"],
    "locations": {
      "vic": {
        "price": 3.3,
        "promoText": "Any 2 $5",
        "packageSize": "120g",
        "packagePrice": "$2.75 per 100G"
      }
    }
  },
  {
    "id": "greens-gravy-granules-for-roast-meat",
    "brand": "Green's",
    "name": "Gravy Granules for Roast Meat",
    "imageUrl": "https://shop.coles.com.au/wcsstore/Coles-CAS/images/7/3/0/7302777-th.jpg",
    "categories": ["winter"],
    "tags": ["winter-warmers", "gravy-sauce-mix"],
    "locations": {
      "vic": {
        "price": 3.8,
        "promoText": " ",
        "packageSize": "120g",
        "packagePrice": "$0.32 per 10G"
      }
    }
  },
  {
    "id": "masterfoods-finishing-sauce-hollandaise",
    "brand": "MasterFoods",
    "name": "Hollandaise Finishing Sauce",
    "imageUrl": "https://shop.coles.com.au/wcsstore/Coles-CAS/images/4/6/9/4697216-th.jpg",
    "categories": ["winter"],
    "tags": ["winter-warmers", "gravy-sauce-mix"],
    "locations": {
      "vic": {
        "price": 2,
        "promoText": "Was $2.65 on May 2019 ",
        "packageSize": "160g",
        "packagePrice": "$0.13 per 10G"
      }
    }
  },
  {
    "id": "coles-gravy-mix-traditional",
    "brand": "Coles",
    "name": "Traditional Gravy Mix",
    "imageUrl": "https://shop.coles.com.au/wcsstore/Coles-CAS/images/7/1/6/7169713-th.jpg",
    "categories": ["winter"],
    "tags": ["winter-warmers", "gravy-sauce-mix"],
    "locations": {
      "vic": {
        "price": 2.9,
        "promoText": " ",
        "packageSize": "425g",
        "packagePrice": "$0.07 per 10G"
      }
    }
  },
  {
    "id": "coles-gravy-mix-chicken",
    "brand": "Coles",
    "name": "Chicken Gravy Mix",
    "imageUrl": "https://shop.coles.com.au/wcsstore/Coles-CAS/images/7/7/5/7755160-th.jpg",
    "categories": ["winter"],
    "tags": ["winter-warmers", "gravy-sauce-mix"],
    "locations": {
      "vic": {
        "price": 1.75,
        "promoText": " ",
        "packageSize": "120g",
        "packagePrice": "$0.15 per 10G"
      }
    }
  },
  {
    "id": "coles-brand-gravy-mix-roast-meat",
    "brand": "Coles",
    "name": "Instant Roast Meat Gravy Mix",
    "imageUrl": "https://shop.coles.com.au/wcsstore/Coles-CAS/images/7/7/5/7755170-th.jpg",
    "categories": ["winter"],
    "tags": ["winter-warmers", "gravy-sauce-mix"],
    "locations": {
      "vic": {
        "price": 1.75,
        "promoText": " ",
        "packageSize": "120g",
        "packagePrice": "$0.15 per 10G"
      }
    }
  },
  {
    "id": "coles-premium-red-wine-jus-gravy",
    "brand": "Coles",
    "name": "Premium Red Wine Jus",
    "imageUrl": "https://shop.coles.com.au/wcsstore/Coles-CAS/images/3/7/2/3729394-th.jpg",
    "categories": ["winter"],
    "tags": ["winter-warmers", "gravy-sauce-mix"],
    "locations": {
      "vic": {
        "price": 4,
        "promoText": " ",
        "packageSize": "200mL",
        "packagePrice": "$2.00 per 100mL"
      }
    }
  },
  {
    "id": "coles-premium-chip-gravy",
    "brand": "Coles",
    "name": "Premium Chip Gravy",
    "imageUrl": "https://shop.coles.com.au/wcsstore/Coles-CAS/images/3/7/2/3728857-th.jpg",
    "categories": ["winter"],
    "tags": ["winter-warmers", "gravy-sauce-mix"],
    "locations": {
      "vic": {
        "price": 4,
        "promoText": " ",
        "packageSize": "200mL",
        "packagePrice": "$2.00 per 100mL"
      }
    }
  },
  {
    "id": "coles-premium-mushrom-gravy",
    "brand": "Coles",
    "name": "Premium Mushroom Sauce",
    "imageUrl": "https://shop.coles.com.au/wcsstore/Coles-CAS/images/3/7/2/3729408-th.jpg",
    "categories": ["winter"],
    "tags": ["winter-warmers", "gravy-sauce-mix"],
    "locations": {
      "vic": {
        "price": 4,
        "promoText": " ",
        "packageSize": "200mL",
        "packagePrice": "$2.00 per 100mL"
      }
    }
  },
  {
    "id": "coles-premium-roast-gravy",
    "brand": "Coles",
    "name": "Premium Roast Gravy",
    "imageUrl": "https://shop.coles.com.au/wcsstore/Coles-CAS/images/3/7/2/3729383-th.jpg",
    "categories": ["winter"],
    "tags": ["winter-warmers", "gravy-sauce-mix"],
    "locations": {
      "vic": {
        "price": 4,
        "promoText": " ",
        "packageSize": "200mL",
        "packagePrice": "$2.00 per 100mL"
      }
    }
  },
  {
    "id": "gravox-liquid-gravy-brown-onion",
    "brand": "Gravox",
    "name": "Brown Onion Liquid Gravy",
    "imageUrl": "https://shop.coles.com.au/wcsstore/Coles-CAS/images/7/5/3/7534579-th.jpg",
    "categories": ["winter"],
    "tags": ["winter-warmers", "gravy-sauce-mix"],
    "locations": {
      "vic": {
        "price": 3,
        "promoText": " ",
        "packageSize": "250g",
        "packagePrice": "$1.20 per 100G"
      }
    }
  },
  {
    "id": "gravox-lamb-rosemary-liquid-gravy",
    "brand": "Gravox",
    "name": "Lamb & Rosemary Liquid Gravy",
    "imageUrl": "https://shop.coles.com.au/wcsstore/Coles-CAS/images/6/8/4/6842859-th.jpg",
    "categories": ["winter"],
    "tags": ["winter-warmers", "gravy-sauce-mix"],
    "locations": {
      "vic": {
        "price": 3,
        "promoText": " ",
        "packageSize": "250g",
        "packagePrice": "$1.20 per 100G"
      }
    }
  },
  {
    "id": "gravox-chicken-herb-liquid-gravy",
    "brand": "Gravox",
    "name": "Roast Chicken With Herbs Gravy",
    "imageUrl": "https://shop.coles.com.au/wcsstore/Coles-CAS/images/5/6/0/5600253-th.jpg",
    "categories": ["winter"],
    "tags": ["winter-warmers", "gravy-sauce-mix"],
    "locations": {
      "vic": {
        "price": 2,
        "promoText": "Was $2.55 on May 2017 ",
        "packageSize": "165g",
        "packagePrice": "$1.21 per 100G"
      }
    }
  },
  {
    "id": "gravox-gourmet-gravy-peppercorn-with-cream",
    "brand": "Gravox",
    "name": "Gourmet Peppercorn with Cream Gravy",
    "imageUrl": "https://shop.coles.com.au/wcsstore/Coles-CAS/images/6/2/7/6273390-th.jpg",
    "categories": ["winter"],
    "tags": ["winter-warmers", "gravy-sauce-mix"],
    "locations": {
      "vic": {
        "price": 2,
        "promoText": "Was $2.55 on May 2017 ",
        "packageSize": "165g",
        "packagePrice": "$0.12 per 10G"
      }
    }
  },
  {
    "id": "gravox-roast-meat-with-red-wine-garlic-gravy",
    "brand": "Gravox",
    "name": "Roast Meat with Red Wine & Garlic Gravy",
    "imageUrl": "https://shop.coles.com.au/wcsstore/Coles-CAS/images/4/4/4/4445869-th.jpg",
    "categories": ["winter"],
    "tags": ["winter-warmers", "gravy-sauce-mix"],
    "locations": {
      "vic": {
        "price": 2,
        "promoText": "Was $2.55 on May 2017 ",
        "packageSize": "165g",
        "packagePrice": "$0.12 per 10G"
      }
    }
  },
  {
    "id": "gravox-saucery-pepper-sauce-mix",
    "brand": "Gravox",
    "name": "Saucery Pepper Sauce Mix",
    "imageUrl": "https://shop.coles.com.au/wcsstore/Coles-CAS/images/5/0/8/5084020-th.jpg",
    "categories": ["winter"],
    "tags": ["winter-warmers", "gravy-sauce-mix"],
    "locations": {
      "vic": {
        "price": 1,
        "promoText": " ",
        "packageSize": "29g",
        "packagePrice": "$0.34 per 10G"
      }
    }
  },
  {
    "id": "gravox-liquid-diane-sauce",
    "brand": "Gravox",
    "name": "Diane Finishing Sauce",
    "imageUrl": "https://shop.coles.com.au/wcsstore/Coles-CAS/images/4/9/9/4999816-th.jpg",
    "categories": ["winter"],
    "tags": ["winter-warmers", "gravy-sauce-mix"],
    "locations": {
      "vic": {
        "price": 2,
        "promoText": "Was $2.55 on May 2017 ",
        "packageSize": "165g",
        "packagePrice": "$1.21 per 100G"
      }
    }
  },
  {
    "id": "gravox-gravy-mix-supreme",
    "brand": "Gravox",
    "name": "Supreme Gravy Mix",
    "imageUrl": "https://shop.coles.com.au/wcsstore/Coles-CAS/images/1/2/1/121173-th.jpg",
    "categories": ["winter"],
    "tags": ["winter-warmers", "gravy-sauce-mix"],
    "locations": {
      "vic": {
        "price": 4,
        "promoText": "$0.50 ",
        "packageSize": "425g",
        "packagePrice": "$0.09 per 10G"
      }
    }
  },
  {
    "id": "gravox-gravy-mix-traditional-1011997p",
    "brand": "Gravox",
    "name": "Traditional Gravy Mix",
    "imageUrl": "https://shop.coles.com.au/wcsstore/Coles-CAS/images/1/0/1/1011997-th.jpg",
    "categories": ["winter"],
    "tags": ["winter-warmers", "gravy-sauce-mix"],
    "locations": {
      "vic": {
        "price": 1,
        "promoText": " ",
        "packageSize": "29g",
        "packagePrice": "$0.34 per 10G"
      }
    }
  },
  {
    "id": "gravox-mushroom-garlic-liquid-sauce",
    "brand": "Gravox",
    "name": "Mushroom Garlic Liquid Sauce",
    "imageUrl": "https://shop.coles.com.au/wcsstore/Coles-CAS/images/5/6/0/5600344-th.jpg",
    "categories": ["winter"],
    "tags": ["winter-warmers", "gravy-sauce-mix"],
    "locations": {
      "vic": {
        "price": 2,
        "promoText": "Was $2.55 on May 2017 ",
        "packageSize": "165g",
        "packagePrice": "$1.21 per 100G"
      }
    }
  },
  {
    "id": "gravox-carvery-super-chicken-gravy-mix",
    "brand": "Gravox",
    "name": "Supreme Chicken Gravy Mix",
    "imageUrl": "https://shop.coles.com.au/wcsstore/Coles-CAS/images/5/3/8/5387327-th.jpg",
    "categories": ["winter"],
    "tags": ["winter-warmers", "gravy-sauce-mix"],
    "locations": {
      "vic": {
        "price": 1,
        "promoText": " ",
        "packageSize": "29g",
        "packagePrice": "$3.45 per 100G"
      }
    }
  },
  {
    "id": "gravox-roast-pork-liquid-gravy",
    "brand": "Gravox",
    "name": "Roast Pork Gravy",
    "imageUrl": "https://shop.coles.com.au/wcsstore/Coles-CAS/images/3/4/3/3433503-th.jpg",
    "categories": ["winter"],
    "tags": ["winter-warmers", "gravy-sauce-mix"],
    "locations": {
      "vic": {
        "price": 3,
        "promoText": " ",
        "packageSize": "250g",
        "packagePrice": "$1.20 per 100G"
      }
    }
  },
  {
    "id": "gravox-best-beef-gravy",
    "brand": "Gravox",
    "name": "Beef Gravy",
    "imageUrl": "https://shop.coles.com.au/wcsstore/Coles-CAS/images/3/4/3/3433365-th.jpg",
    "categories": ["winter"],
    "tags": ["winter-warmers", "gravy-sauce-mix"],
    "locations": {
      "vic": {
        "price": 5.8,
        "promoText": " ",
        "packageSize": "200g",
        "packagePrice": "$2.90 per 100G"
      }
    }
  },
  {
    "id": "masterfoods-finishing-sauce-mushroom-white-wine",
    "brand": "MasterFoods",
    "name": "Mushroom & White Wine Finishing Sauce",
    "imageUrl": "https://shop.coles.com.au/wcsstore/Coles-CAS/images/9/7/4/9745134-th.jpg",
    "categories": ["winter"],
    "tags": ["winter-warmers", "gravy-sauce-mix"],
    "locations": {
      "vic": {
        "price": 2,
        "promoText": "Was $2.65 on May 2019 ",
        "packageSize": "165g",
        "packagePrice": "$0.12 per 10G"
      }
    }
  },
  {
    "id": "continental-cup-a-soup-laksa",
    "brand": "Continental",
    "name": "Cup A Soup Asian Laksa 2 pack",
    "imageUrl": "https://shop.coles.com.au/wcsstore/Coles-CAS/images/8/8/8/8887042-th.jpg",
    "categories": ["winter"],
    "tags": ["soups-and-stock", "2-serve-soup"],
    "locations": {
      "vic": {
        "price": 2,
        "promoText": " ",
        "packageSize": "65g",
        "packagePrice": "$3.08 per 100G"
      }
    }
  },
  {
    "id": "continental-cup-a-soup-hearty-italian-minestrone",
    "brand": "Continental",
    "name": "Cup A Soup Italian Minestrone 2 pack",
    "imageUrl": "https://shop.coles.com.au/wcsstore/Coles-CAS/images/5/3/4/5342920-th.jpg",
    "categories": ["winter"],
    "tags": ["soups-and-stock", "2-serve-soup"],
    "locations": {
      "vic": {
        "price": 2,
        "promoText": " ",
        "packageSize": "75g",
        "packagePrice": "$2.67 per 100G"
      }
    }
  },
  {
    "id": "continental-cup-a-soup-chicken-corn-with-croutons",
    "brand": "Continental",
    "name": "Cup A Soup Creamy Chicken & Corn with Croutons 2 pack",
    "imageUrl": "https://shop.coles.com.au/wcsstore/Coles-CAS/images/9/1/5/9151559-th.jpg",
    "categories": ["winter"],
    "tags": ["soups-and-stock", "2-serve-soup"],
    "locations": {
      "vic": {
        "price": 2,
        "promoText": " ",
        "packageSize": "60g",
        "packagePrice": "$3.33 per 100G"
      }
    }
  },
  {
    "id": "continental-cup-a-soup-lots-a-noodles-chicken-corn",
    "brand": "Continental",
    "name": "Cup A Soup Chinese Chicken & Corn with Lots of Noodles 2 pack",
    "imageUrl": "https://shop.coles.com.au/wcsstore/Coles-CAS/images/7/9/7/7978200-th.jpg",
    "categories": ["winter"],
    "tags": ["soups-and-stock", "2-serve-soup"],
    "locations": {
      "vic": {
        "price": 2,
        "promoText": " ",
        "packageSize": "66g",
        "packagePrice": "$3.03 per 100G"
      }
    }
  },
  {
    "id": "continental-cup-a-soup-lots-a-noodles-cream-of-chicken",
    "brand": "Continental",
    "name": "Cup A Soup Creamy Chicken with Lots of Noodles 2 pack",
    "imageUrl": "https://shop.coles.com.au/wcsstore/Coles-CAS/images/2/5/5/255646-th.jpg",
    "categories": ["winter"],
    "tags": ["soups-and-stock", "2-serve-soup"],
    "locations": {
      "vic": {
        "price": 2,
        "promoText": " ",
        "packageSize": "60g",
        "packagePrice": "$3.33 per 100G"
      }
    }
  },
  {
    "id": "continental-cup-a-soup-lots-a-noodles-chicken",
    "brand": "Continental",
    "name": "Cup A Soup Chicken with Lots of Noodles 2 pack",
    "imageUrl": "https://shop.coles.com.au/wcsstore/Coles-CAS/images/3/5/6/356472-th.jpg",
    "categories": ["winter"],
    "tags": ["soups-and-stock", "2-serve-soup"],
    "locations": {
      "vic": {
        "price": 2,
        "promoText": " ",
        "packageSize": "60g",
        "packagePrice": "$3.33 per 100G"
      }
    }
  },
  {
    "id": "continental-cup-a-soup-hearty-roast-chicken",
    "brand": "Continental",
    "name": "Cup A Soup Roast Chicken 2 pack",
    "imageUrl": "https://shop.coles.com.au/wcsstore/Coles-CAS/images/2/9/0/290465-th.jpg",
    "categories": ["winter"],
    "tags": ["soups-and-stock", "2-serve-soup"],
    "locations": {
      "vic": {
        "price": 2,
        "promoText": " ",
        "packageSize": "75g",
        "packagePrice": "$2.67 per 100G"
      }
    }
  },
  {
    "id": "continental-cup-a-soup-creamy-chicken-with-croutons",
    "brand": "Continental",
    "name": "Cup A Soup Creamy Chicken with Croutons 2 pack",
    "imageUrl": "https://shop.coles.com.au/wcsstore/Coles-CAS/images/9/1/5/9151344-th.jpg",
    "categories": ["winter"],
    "tags": ["soups-and-stock", "2-serve-soup"],
    "locations": {
      "vic": {
        "price": 2,
        "promoText": " ",
        "packageSize": "60g",
        "packagePrice": "$3.33 per 100G"
      }
    }
  },
  {
    "id": "continental-cup-a-soup-creamy-pumpkin-with-croutons",
    "brand": "Continental",
    "name": "Cup A Soup Creamy Pumpkin with Croutons 2 pack",
    "imageUrl": "https://shop.coles.com.au/wcsstore/Coles-CAS/images/9/1/5/9151537-th.jpg",
    "categories": ["winter"],
    "tags": ["soups-and-stock", "2-serve-soup"],
    "locations": {
      "vic": {
        "price": 2,
        "promoText": " ",
        "packageSize": "55g",
        "packagePrice": "$3.64 per 100G"
      }
    }
  },
  {
    "id": "continental-homestyle-pumpkin-cup-a-soup-2-pack",
    "brand": "Continental",
    "name": "Cup A Soup Homestyle Pumpkin 2 Pack",
    "imageUrl": "https://shop.coles.com.au/wcsstore/Coles-CAS/images/2/6/6/2667655-th.jpg",
    "categories": ["winter"],
    "tags": ["soups-and-stock", "2-serve-soup"],
    "locations": {
      "vic": {
        "price": 2,
        "promoText": " ",
        "packageSize": "61g",
        "packagePrice": "$3.28 per 100G"
      }
    }
  },
  {
    "id": "continental-homestyle-chicken-noodle-cup-a-soup-2-pack",
    "brand": "Continental",
    "name": "Cup A Soup Homestyle Chicken Noodle 2 pack",
    "imageUrl": "https://shop.coles.com.au/wcsstore/Coles-CAS/images/2/6/6/2667633-th.jpg",
    "categories": ["winter"],
    "tags": ["soups-and-stock", "2-serve-soup"],
    "locations": {
      "vic": {
        "price": 2,
        "promoText": " ",
        "packageSize": "40g",
        "packagePrice": "$5.00 per 100G"
      }
    }
  },
  {
    "id": "continental-pepper-steak-mushroom-cup-a-soup-2-pack",
    "brand": "Continental",
    "name": "Cup A Soup Pepper Steak & Mushroom with Croutons 2 pack",
    "imageUrl": "https://shop.coles.com.au/wcsstore/Coles-CAS/images/2/2/8/2286516-th.jpg",
    "categories": ["winter"],
    "tags": ["soups-and-stock", "2-serve-soup"],
    "locations": {
      "vic": {
        "price": 2,
        "promoText": " ",
        "packageSize": "52g",
        "packagePrice": "$3.85 per 100G"
      }
    }
  },
  {
    "id": "continental-cup-a-soup-asian-red-thai-curry",
    "brand": "Continental",
    "name": "Cup A Soup Thai Red Curry 2 pack",
    "imageUrl": "https://shop.coles.com.au/wcsstore/Coles-CAS/images/9/1/9/9194846-th.jpg",
    "categories": ["winter"],
    "tags": ["soups-and-stock", "2-serve-soup"],
    "locations": {
      "vic": {
        "price": 2,
        "promoText": " ",
        "packageSize": "60g",
        "packagePrice": "$3.33 per 100G"
      }
    }
  },
  {
    "id": "continental-cup-a-soup-creamy-potato-bacon-with-croutons",
    "brand": "Continental",
    "name": "Cup A Soup Creamy Potato & Bacon With Croutons 2 Pack",
    "imageUrl": "https://shop.coles.com.au/wcsstore/Coles-CAS/images/9/1/5/9151606-th.jpg",
    "categories": ["winter"],
    "tags": ["soups-and-stock", "2-serve-soup"],
    "locations": {
      "vic": {
        "price": 2,
        "promoText": " ",
        "packageSize": "50g",
        "packagePrice": "$4.00 per 100G"
      }
    }
  },
  {
    "id": "continental-sensations-2s-soup-vne-tom-ricotta",
    "brand": "Continental Sensation",
    "name": "Vine Ripened Tomato & Ricotta Soup",
    "imageUrl": "https://shop.coles.com.au/wcsstore/Coles-CAS/images/3/7/1/3716188-th.jpg",
    "categories": ["winter"],
    "tags": ["soups-and-stock", "2-serve-soup"],
    "locations": {
      "vic": {
        "price": 2,
        "promoText": "$0.50 ",
        "packageSize": "54g",
        "packagePrice": "$3.70 per 100G"
      }
    }
  },
  {
    "id": "continental-homestyle-chicken-cup-a-soup-2-pack",
    "brand": "Continental",
    "name": "Cup A Soup Homestyle Chicken 2 pack",
    "imageUrl": "https://shop.coles.com.au/wcsstore/Coles-CAS/images/2/6/6/2667622-th.jpg",
    "categories": ["winter"],
    "tags": ["soups-and-stock", "2-serve-soup"],
    "locations": {
      "vic": {
        "price": 2,
        "promoText": " ",
        "packageSize": "46g",
        "packagePrice": "$4.35 per 100G"
      }
    }
  },
  {
    "id": "continental-cup-a-soup-soup-hearty-dutch-curry",
    "brand": "Continental",
    "name": "Cup A Soup Dutch Curry with Rice 2 pack",
    "imageUrl": "https://shop.coles.com.au/wcsstore/Coles-CAS/images/5/7/0/5706050-th.jpg",
    "categories": ["winter"],
    "tags": ["soups-and-stock", "2-serve-soup"],
    "locations": {
      "vic": {
        "price": 2,
        "promoText": " ",
        "packageSize": "55g",
        "packagePrice": "$3.64 per 100G"
      }
    }
  },
  {
    "id": "continental-sensations-2s-soup-chesy-broc-potato",
    "brand": "Continental Sensation",
    "name": "Cheesy Broccoli & Potato Soup",
    "imageUrl": "https://shop.coles.com.au/wcsstore/Coles-CAS/images/3/7/1/3716224-th.jpg",
    "categories": ["winter"],
    "tags": ["soups-and-stock", "2-serve-soup"],
    "locations": {
      "vic": {
        "price": 2,
        "promoText": "$0.50 ",
        "packageSize": "56g",
        "packagePrice": "$3.57 per 100G"
      }
    }
  },
  {
    "id": "continental-sensations-2s-soup-crmy-roast-chkn-oni",
    "brand": "Continental Sensation",
    "name": "Creamy Roast Chicken Spring Onion Soup",
    "imageUrl": "https://shop.coles.com.au/wcsstore/Coles-CAS/images/3/7/1/3716202-th.jpg",
    "categories": ["winter"],
    "tags": ["soups-and-stock", "2-serve-soup"],
    "locations": {
      "vic": {
        "price": 2,
        "promoText": "$0.50 ",
        "packageSize": "61g",
        "packagePrice": "$3.28 per 100G"
      }
    }
  },
  {
    "id": "continental-sensations-2s-soup-gdn-cauli-4-chese",
    "brand": "Continental Sensation",
    "name": "Garden Cauliflower & 4 Cheese Soup",
    "imageUrl": "https://shop.coles.com.au/wcsstore/Coles-CAS/images/3/7/1/3716199-th.jpg",
    "categories": ["winter"],
    "tags": ["soups-and-stock", "2-serve-soup"],
    "locations": {
      "vic": {
        "price": 2,
        "promoText": "$0.50 ",
        "packageSize": "62g",
        "packagePrice": "$3.23 per 100G"
      }
    }
  },
  {
    "id": "continental-sensations-2s-soup-har-pumpkin-sour-cfm",
    "brand": "Continental Sensation",
    "name": "Harvest Pumpkin & Sour Cream Soup",
    "imageUrl": "https://shop.coles.com.au/wcsstore/Coles-CAS/images/3/7/1/3716213-th.jpg",
    "categories": ["winter"],
    "tags": ["soups-and-stock", "2-serve-soup"],
    "locations": {
      "vic": {
        "price": 2,
        "promoText": "$0.50 ",
        "packageSize": "70g",
        "packagePrice": "$2.86 per 100G"
      }
    }
  },
  {
    "id": "coles-2-serve-soup-tom-yum-with-nodles",
    "brand": "Coles",
    "name": "Tom Yum With Noodles Soup",
    "imageUrl": "https://shop.coles.com.au/wcsstore/Coles-CAS/images/3/7/1/3715094-th.jpg",
    "categories": ["winter"],
    "tags": ["soups-and-stock", "2-serve-soup"],
    "locations": {
      "vic": {
        "price": 1,
        "promoText": " ",
        "packageSize": "60g",
        "packagePrice": "$1.67 per 100G"
      }
    }
  },
  {
    "id": "coles-2-serve-soup-miso-w-nodles",
    "brand": "Coles",
    "name": "Miso With Noodles Soup",
    "imageUrl": "https://shop.coles.com.au/wcsstore/Coles-CAS/images/3/7/1/3715061-th.jpg",
    "categories": ["winter"],
    "tags": ["soups-and-stock", "2-serve-soup"],
    "locations": {
      "vic": {
        "price": 1,
        "promoText": " ",
        "packageSize": "60g",
        "packagePrice": "$1.67 per 100G"
      }
    }
  },
  {
    "id": "coles-2-serve-soup-chicken-pho-w-nodles",
    "brand": "Coles",
    "name": "Chicken Pho W Noodles",
    "imageUrl": "https://shop.coles.com.au/wcsstore/Coles-CAS/images/3/7/1/3715083-th.jpg",
    "categories": ["winter"],
    "tags": ["soups-and-stock", "2-serve-soup"],
    "locations": {
      "vic": {
        "price": 1,
        "promoText": " ",
        "packageSize": "60g",
        "packagePrice": "$1.67 per 100G"
      }
    }
  },
  {
    "id": "coles-2-serve-soup-bef-w-nodles",
    "brand": "Coles",
    "name": "Beef With Noodles Soup",
    "imageUrl": "https://shop.coles.com.au/wcsstore/Coles-CAS/images/3/7/1/3714820-th.jpg",
    "categories": ["winter"],
    "tags": ["soups-and-stock", "2-serve-soup"],
    "locations": {
      "vic": {
        "price": 1,
        "promoText": " ",
        "packageSize": "60g",
        "packagePrice": "$1.67 per 100G"
      }
    }
  },
  {
    "id": "coles-2-serve-soup-creamy-chicken-w-croutons",
    "brand": "Coles",
    "name": "Creamy Chicken With Croutons Soup",
    "imageUrl": "https://shop.coles.com.au/wcsstore/Coles-CAS/images/3/7/1/3714648-th.jpg",
    "categories": ["winter"],
    "tags": ["soups-and-stock", "2-serve-soup"],
    "locations": {
      "vic": {
        "price": 1,
        "promoText": " ",
        "packageSize": "60g",
        "packagePrice": "$1.67 per 100G"
      }
    }
  },
  {
    "id": "continental-sensations-2s-soup-thai-pumpkin-coco",
    "brand": "Continental Sensation",
    "name": "Thai Pumpkin Coconut Soup",
    "imageUrl": "https://shop.coles.com.au/wcsstore/Coles-CAS/images/3/7/1/3716166-th.jpg",
    "categories": ["winter"],
    "tags": ["soups-and-stock", "2-serve-soup"],
    "locations": {
      "vic": {
        "price": 2,
        "promoText": "$0.50 ",
        "packageSize": "62g",
        "packagePrice": "$3.23 per 100G"
      }
    }
  },
  {
    "id": "coles-2-serve-soup-crm-mushroom-w-crout",
    "brand": "Coles",
    "name": "Creamy Mushroom With Croutons",
    "imageUrl": "https://shop.coles.com.au/wcsstore/Coles-CAS/images/2/8/9/2894544-th.jpg",
    "categories": ["winter"],
    "tags": ["soups-and-stock", "2-serve-soup"],
    "locations": {
      "vic": {
        "price": 1,
        "promoText": " ",
        "packageSize": "60g",
        "packagePrice": "$16.67 per 1Kg"
      }
    }
  },
  {
    "id": "coles-2-serve-soup-rst-chick-noodle",
    "brand": "Coles",
    "name": "Roast Chicken With Noodles",
    "imageUrl": "https://shop.coles.com.au/wcsstore/Coles-CAS/images/2/8/9/2894566-th.jpg",
    "categories": ["winter"],
    "tags": ["soups-and-stock", "2-serve-soup"],
    "locations": {
      "vic": {
        "price": 1,
        "promoText": " ",
        "packageSize": "75g",
        "packagePrice": "$13.34 per 1Kg"
      }
    }
  },
  {
    "id": "coles-2-serve-soup-cheesy-cauliflower",
    "brand": "Coles",
    "name": "Cheesy Cauliflower With Croutons Soup",
    "imageUrl": "https://shop.coles.com.au/wcsstore/Coles-CAS/images/3/4/6/3465383-th.jpg",
    "categories": ["winter"],
    "tags": ["soups-and-stock", "2-serve-soup"],
    "locations": {
      "vic": {
        "price": 1,
        "promoText": " ",
        "packageSize": "60g",
        "packagePrice": "$1.67 per 100G"
      }
    }
  },
  {
    "id": "coles-2-serve-soup-pea-ham-w-croutons",
    "brand": "Coles",
    "name": "Pea Ham With  Croutons Soup",
    "imageUrl": "https://shop.coles.com.au/wcsstore/Coles-CAS/images/3/7/1/3714998-th.jpg",
    "categories": ["winter"],
    "tags": ["soups-and-stock", "2-serve-soup"],
    "locations": {
      "vic": {
        "price": 1,
        "promoText": " ",
        "packageSize": "60g",
        "packagePrice": "$1.67 per 100G"
      }
    }
  },
  {
    "id": "continental-sensation-2s-soup-potato-pump-onion",
    "brand": "Continental Sensation",
    "name": "Sweet Potato Pumpkin & Caramelised Onion Soup",
    "imageUrl": "https://shop.coles.com.au/wcsstore/Coles-CAS/images/3/7/1/3716235-th.jpg",
    "categories": ["winter"],
    "tags": ["soups-and-stock", "2-serve-soup"],
    "locations": {
      "vic": {
        "price": 2,
        "promoText": "$0.50 ",
        "packageSize": "63g",
        "packagePrice": "$3.17 per 100G"
      }
    }
  },
  {
    "id": "continental-sensations-2s-soup-mushrom-bacon",
    "brand": "Continental Sensation",
    "name": "Mushroom Bacon Soup",
    "imageUrl": "https://shop.coles.com.au/wcsstore/Coles-CAS/images/3/7/1/3716155-th.jpg",
    "categories": ["winter"],
    "tags": ["soups-and-stock", "2-serve-soup"],
    "locations": {
      "vic": {
        "price": 2,
        "promoText": "$0.50 ",
        "packageSize": "48g",
        "packagePrice": "$4.17 per 100G"
      }
    }
  },
  {
    "id": "coles-2-serve-soup-asian-laksa",
    "brand": "Coles",
    "name": "Asian Laksa Soup",
    "imageUrl": "https://shop.coles.com.au/wcsstore/Coles-CAS/images/2/8/9/2894577-th.jpg",
    "categories": ["winter"],
    "tags": ["soups-and-stock", "2-serve-soup"],
    "locations": {
      "vic": {
        "price": 1,
        "promoText": " ",
        "packageSize": "65g",
        "packagePrice": "$15.38 per 1Kg"
      }
    }
  },
  {
    "id": "coles-2-serve-soup-chicken-corn-w-crout",
    "brand": "Coles",
    "name": "Chicken Corn With Croutons Soup",
    "imageUrl": "https://shop.coles.com.au/wcsstore/Coles-CAS/images/2/8/9/2894533-th.jpg",
    "categories": ["winter"],
    "tags": ["soups-and-stock", "2-serve-soup"],
    "locations": {
      "vic": {
        "price": 1,
        "promoText": " ",
        "packageSize": "60g",
        "packagePrice": "$16.67 per 1Kg"
      }
    }
  },
  {
    "id": "coles-2-serve-soup-chicken-mushroom",
    "brand": "Coles",
    "name": "Chicken & Mushroom With Croutons Soup",
    "imageUrl": "https://shop.coles.com.au/wcsstore/Coles-CAS/images/3/4/6/3465372-th.jpg",
    "categories": ["winter"],
    "tags": ["soups-and-stock", "2-serve-soup"],
    "locations": {
      "vic": {
        "price": 1,
        "promoText": " ",
        "packageSize": "60g",
        "packagePrice": "$1.67 per 100G"
      }
    }
  },
  {
    "id": "coles-2-serve-soup-creamy-lentil-w-chickpeas",
    "brand": "Coles",
    "name": "Creamy Lentil With Chickpeas Soup",
    "imageUrl": "https://shop.coles.com.au/wcsstore/Coles-CAS/images/3/7/1/3715072-th.jpg",
    "categories": ["winter"],
    "tags": ["soups-and-stock", "2-serve-soup"],
    "locations": {
      "vic": {
        "price": 1,
        "promoText": " ",
        "packageSize": "60g",
        "packagePrice": "$1.67 per 100G"
      }
    }
  },
  {
    "id": "coles-2-serve-soup-dutch-curry-nodles",
    "brand": "Coles",
    "name": "Dutch Curry Noodles",
    "imageUrl": "https://shop.coles.com.au/wcsstore/Coles-CAS/images/3/7/1/3715028-th.jpg",
    "categories": ["winter"],
    "tags": ["soups-and-stock", "2-serve-soup"],
    "locations": {
      "vic": {
        "price": 1,
        "promoText": " ",
        "packageSize": "60g",
        "packagePrice": "$1.67 per 100G"
      }
    }
  },
  {
    "id": "coles-2-serve-soup-creamy-veg-w-croutons",
    "brand": "Coles",
    "name": "Creamy Veg With Croutons Soup",
    "imageUrl": "https://shop.coles.com.au/wcsstore/Coles-CAS/images/3/7/1/3715006-th.jpg",
    "categories": ["winter"],
    "tags": ["soups-and-stock", "2-serve-soup"],
    "locations": {
      "vic": {
        "price": 1,
        "promoText": " ",
        "packageSize": "60g",
        "packagePrice": "$1.67 per 100G"
      }
    }
  },
  {
    "id": "coles-2-serve-soup-potato-lek-w-croutons",
    "brand": "Coles",
    "name": "Potato & Leek With Croutons Soup",
    "imageUrl": "https://shop.coles.com.au/wcsstore/Coles-CAS/images/3/7/1/3715039-th.jpg",
    "categories": ["winter"],
    "tags": ["soups-and-stock", "2-serve-soup"],
    "locations": {
      "vic": {
        "price": 1,
        "promoText": " ",
        "packageSize": "60g",
        "packagePrice": "$1.67 per 100G"
      }
    }
  },
  {
    "id": "coles-2-serve-soup-swet-pot-w-croutons",
    "brand": "Coles",
    "name": "Sweet Potato With Croutons Soup",
    "imageUrl": "https://shop.coles.com.au/wcsstore/Coles-CAS/images/3/7/1/3715017-th.jpg",
    "categories": ["winter"],
    "tags": ["soups-and-stock", "2-serve-soup"],
    "locations": {
      "vic": {
        "price": 1,
        "promoText": " ",
        "packageSize": "60g",
        "packagePrice": "$1.67 per 100G"
      }
    }
  },
  {
    "id": "heinz-condensed-big-red-tomato-soup",
    "brand": "Heinz",
    "name": "Big Red Tomato Soup Can",
    "imageUrl": "https://shop.coles.com.au/wcsstore/Coles-CAS/images/1/2/8/128503-th.jpg",
    "categories": ["winter"],
    "tags": ["soups-and-stock", "canned-soups"],
    "locations": {
      "vic": {
        "price": 2.2,
        "promoText": "Any 2 $3",
        "packageSize": "420g",
        "packagePrice": "$0.52 per 100G"
      }
    }
  },
  {
    "id": "campbells-condensed-soup-cream-of-mushroom",
    "brand": "Campbell's",
    "name": "Cream of Mushroom Condensed Soup Can",
    "imageUrl": "https://shop.coles.com.au/wcsstore/Coles-CAS/images/1/2/8/128966-th.jpg",
    "categories": ["winter"],
    "tags": ["soups-and-stock", "canned-soups"],
    "locations": {
      "vic": {
        "price": 1,
        "promoText": "$0.80 ",
        "packageSize": "420g",
        "packagePrice": "$0.24 per 100G"
      }
    }
  },
  {
    "id": "campbells-chunky-soup-beef",
    "brand": "Campbell's",
    "name": "Chunky Beef Soup Can",
    "imageUrl": "https://shop.coles.com.au/wcsstore/Coles-CAS/images/4/9/1/4915339-th.jpg",
    "categories": ["winter"],
    "tags": ["soups-and-stock", "canned-soups"],
    "locations": {
      "vic": {
        "price": 1.75,
        "promoText": "$1.75 ",
        "packageSize": "505g",
        "packagePrice": "$0.35 per 100G"
      }
    }
  },
  {
    "id": "campbells-chunky-soup-peppered-steak-potato",
    "brand": "Campbell's",
    "name": "Chunky Peppered Steak & Potato Beef Soup",
    "imageUrl": "https://shop.coles.com.au/wcsstore/Coles-CAS/images/3/4/1/3414270-th.jpg",
    "categories": ["winter"],
    "tags": ["soups-and-stock", "canned-soups"],
    "locations": {
      "vic": {
        "price": 1.75,
        "promoText": "$1.75 ",
        "packageSize": "505g",
        "packagePrice": "$0.35 per 100G"
      }
    }
  },
  {
    "id": "campbells-country-ladle-soup-creamy-chicken",
    "brand": "Campbell's",
    "name": "Country Ladle Creamy Chicken Soup Can",
    "imageUrl": "https://shop.coles.com.au/wcsstore/Coles-CAS/images/9/6/8/9680312-th.jpg",
    "categories": ["winter"],
    "tags": ["soups-and-stock", "canned-soups"],
    "locations": {
      "vic": {
        "price": 1.75,
        "promoText": "$1.75 ",
        "packageSize": "500g",
        "packagePrice": "$0.35 per 100G"
      }
    }
  },
  {
    "id": "heinz-classic-soup-italian-minestrone",
    "brand": "Heinz",
    "name": "Classic Italian Minestrone Soup Can",
    "imageUrl": "https://shop.coles.com.au/wcsstore/Coles-CAS/images/8/4/1/8416239-th.jpg",
    "categories": ["winter"],
    "tags": ["soups-and-stock", "canned-soups"],
    "locations": {
      "vic": {
        "price": 2.5,
        "promoText": "Was $3.49 on Jul 2017 ",
        "packageSize": "535g",
        "packagePrice": "$0.47 per 100G"
      }
    }
  },
  {
    "id": "campbells-country-ladle-soup-butternut-pumpkin",
    "brand": "Campbell's",
    "name": "Country Ladle Butternut Pumpkin Soup Can",
    "imageUrl": "https://shop.coles.com.au/wcsstore/Coles-CAS/images/7/1/6/7165858-th.jpg",
    "categories": ["winter"],
    "tags": ["soups-and-stock", "canned-soups"],
    "locations": {
      "vic": {
        "price": 1.75,
        "promoText": "$1.75 ",
        "packageSize": "505g",
        "packagePrice": "$0.35 per 100G"
      }
    }
  },
  {
    "id": "campbells-country-ladle-soup-farmhouse-vegetable",
    "brand": "Campbell's",
    "name": "Country Ladle Farmhouse Vegetable Soup Can",
    "imageUrl": "https://shop.coles.com.au/wcsstore/Coles-CAS/images/7/1/6/7165971-th.jpg",
    "categories": ["winter"],
    "tags": ["soups-and-stock", "canned-soups"],
    "locations": {
      "vic": {
        "price": 1.75,
        "promoText": "$1.75 ",
        "packageSize": "495g",
        "packagePrice": "$0.35 per 100G"
      }
    }
  },
  {
    "id": "campbells-country-ladle-soup-traditional-minestrone",
    "brand": "Campbell's",
    "name": "Country Ladle Traditional Minestrone Soup Can",
    "imageUrl": "https://shop.coles.com.au/wcsstore/Coles-CAS/images/7/1/6/7166090-th.jpg",
    "categories": ["winter"],
    "tags": ["soups-and-stock", "canned-soups"],
    "locations": {
      "vic": {
        "price": 1.75,
        "promoText": "$1.75 ",
        "packageSize": "495g",
        "packagePrice": "$0.35 per 100G"
      }
    }
  },
  {
    "id": "campbells-country-ladle-soup-chicken-sweet-corn",
    "brand": "Campbell's",
    "name": "Country Ladle Chicken Sweet Corn Soup Can",
    "imageUrl": "https://shop.coles.com.au/wcsstore/Coles-CAS/images/4/8/8/4887131-th.jpg",
    "categories": ["winter"],
    "tags": ["soups-and-stock", "canned-soups"],
    "locations": {
      "vic": {
        "price": 1.75,
        "promoText": "$1.75 ",
        "packageSize": "505g",
        "packagePrice": "$0.35 per 100G"
      }
    }
  },
  {
    "id": "campbells-condensed-soup-tomato",
    "brand": "Campbell's",
    "name": "Tomato Soup Can",
    "imageUrl": "https://shop.coles.com.au/wcsstore/Coles-CAS/images/1/2/8/128911-th.jpg",
    "categories": ["winter"],
    "tags": ["soups-and-stock", "canned-soups"],
    "locations": {
      "vic": {
        "price": 1,
        "promoText": "$0.80 ",
        "packageSize": "420g",
        "packagePrice": "$0.24 per 100G"
      }
    }
  },
  {
    "id": "campbells-country-ladle-garden-vegetable-soup",
    "brand": "Campbell's",
    "name": "Country Ladle Garden Vegetable Soup Can",
    "imageUrl": "https://shop.coles.com.au/wcsstore/Coles-CAS/images/6/8/1/6815812-th.jpg",
    "categories": ["winter"],
    "tags": ["soups-and-stock", "canned-soups"],
    "locations": {
      "vic": {
        "price": 1.75,
        "promoText": "$1.75 ",
        "packageSize": "500g",
        "packagePrice": "$0.35 per 100G"
      }
    }
  },
  {
    "id": "heinz-classic-creamy-tomato-soup-can",
    "brand": "Heinz",
    "name": "Classic Creamy Tomato Soup Can",
    "imageUrl": "https://shop.coles.com.au/wcsstore/Coles-CAS/images/2/2/8/2288920-th.jpg",
    "categories": ["winter"],
    "tags": ["soups-and-stock", "canned-soups"],
    "locations": {
      "vic": {
        "price": 2.5,
        "promoText": "Was $3.49 on Jul 2017 ",
        "packageSize": "535g",
        "packagePrice": "$0.47 per 100G"
      }
    }
  },
  {
    "id": "campbells-country-ladle-soup-pumpkin-rich-creamy",
    "brand": "Campbell's",
    "name": "Country Ladle Rich & Creamy Pumpkin Soup Can",
    "imageUrl": "https://shop.coles.com.au/wcsstore/Coles-CAS/images/8/0/2/8027055-th.jpg",
    "categories": ["winter"],
    "tags": ["soups-and-stock", "canned-soups"],
    "locations": {
      "vic": {
        "price": 1.75,
        "promoText": "$1.75 ",
        "packageSize": "500g",
        "packagePrice": "$0.35 per 100G"
      }
    }
  },
  {
    "id": "rosella-condensed-soup-tomato",
    "brand": "Rosella",
    "name": "Tomato Condensed Soup Can",
    "imageUrl": "https://shop.coles.com.au/wcsstore/Coles-CAS/images/6/8/1/6811039-th.jpg",
    "categories": ["winter"],
    "tags": ["soups-and-stock", "canned-soups"],
    "locations": {
      "vic": {
        "price": 2.25,
        "promoText": " ",
        "packageSize": "500g",
        "packagePrice": "$0.45 per 100G"
      }
    }
  },
  {
    "id": "campbells-chunky-soup-potato-bacon",
    "brand": "Campbell's",
    "name": "Chunky Soup Potato Bacon",
    "imageUrl": "https://shop.coles.com.au/wcsstore/Coles-CAS/images/4/9/1/4915361-th.jpg",
    "categories": ["winter"],
    "tags": ["soups-and-stock", "canned-soups"],
    "locations": {
      "vic": {
        "price": 1.75,
        "promoText": "$1.75 ",
        "packageSize": "505g",
        "packagePrice": "$0.35 per 100G"
      }
    }
  },
  {
    "id": "campbells-condensed-soup-cream-of-chicken",
    "brand": "Campbell's",
    "name": "Cream of Chicken Condensed Soup Can",
    "imageUrl": "https://shop.coles.com.au/wcsstore/Coles-CAS/images/1/2/8/128999-th.jpg",
    "categories": ["winter"],
    "tags": ["soups-and-stock", "canned-soups"],
    "locations": {
      "vic": {
        "price": 1,
        "promoText": "$0.80 ",
        "packageSize": "420g",
        "packagePrice": "$0.24 per 100G"
      }
    }
  },
  {
    "id": "campbells-chunky-soup-beef-stroganoff",
    "brand": "Campbell's",
    "name": "Chunky Beef Stroganoff Soup",
    "imageUrl": "https://shop.coles.com.au/wcsstore/Coles-CAS/images/3/4/1/3414305-th.jpg",
    "categories": ["winter"],
    "tags": ["soups-and-stock", "canned-soups"],
    "locations": {
      "vic": {
        "price": 1.75,
        "promoText": "$1.75 ",
        "packageSize": "505g",
        "packagePrice": "$0.35 per 100G"
      }
    }
  },
  {
    "id": "heinz-classic-soup-creamy-pumpkin",
    "brand": "Heinz",
    "name": "Classic Creamy Pumpkin Soup Can",
    "imageUrl": "https://shop.coles.com.au/wcsstore/Coles-CAS/images/7/9/7/7977128-th.jpg",
    "categories": ["winter"],
    "tags": ["soups-and-stock", "canned-soups"],
    "locations": {
      "vic": {
        "price": 2.5,
        "promoText": "Was $3.49 on Jul 2017 ",
        "packageSize": "535g",
        "packagePrice": "$0.47 per 100G"
      }
    }
  },
  {
    "id": "campbells-chunky-soup-chicken-roast-vegetable",
    "brand": "Campbell's",
    "name": "Chunky Chicken Roast Vegetable Soup Can",
    "imageUrl": "https://shop.coles.com.au/wcsstore/Coles-CAS/images/4/9/1/4915350-th.jpg",
    "categories": ["winter"],
    "tags": ["soups-and-stock", "canned-soups"],
    "locations": {
      "vic": {
        "price": 1.75,
        "promoText": "$1.75 ",
        "packageSize": "505g",
        "packagePrice": "$0.35 per 100G"
      }
    }
  },
  {
    "id": "campbells-chunky-soup-hearty-irish-stew",
    "brand": "Campbell's",
    "name": "Chunky Soup Irish Stew Style",
    "imageUrl": "https://shop.coles.com.au/wcsstore/Coles-CAS/images/4/9/0/4905947-th.jpg",
    "categories": ["winter"],
    "tags": ["soups-and-stock", "canned-soups"],
    "locations": {
      "vic": {
        "price": 1.75,
        "promoText": "$1.75 ",
        "packageSize": "505g",
        "packagePrice": "$0.35 per 100G"
      }
    }
  },
  {
    "id": "campbells-chunky-soup-pea-ham",
    "brand": "Campbell's",
    "name": "Chunky Pea & Ham Soup Can",
    "imageUrl": "https://shop.coles.com.au/wcsstore/Coles-CAS/images/4/9/0/4905448-th.jpg",
    "categories": ["winter"],
    "tags": ["soups-and-stock", "canned-soups"],
    "locations": {
      "vic": {
        "price": 1.75,
        "promoText": "$1.75 ",
        "packageSize": "505g",
        "packagePrice": "$0.35 per 100G"
      }
    }
  },
  {
    "id": "campbells-condensed-soup-cream-of-asparagus",
    "brand": "Campbell's",
    "name": "Cream of Asparagus Condensed Soup Can",
    "imageUrl": "https://shop.coles.com.au/wcsstore/Coles-CAS/images/1/2/9/129062-th.jpg",
    "categories": ["winter"],
    "tags": ["soups-and-stock", "canned-soups"],
    "locations": {
      "vic": {
        "price": 1,
        "promoText": "$0.80 ",
        "packageSize": "420g",
        "packagePrice": "$0.24 per 100G"
      }
    }
  },
  {
    "id": "well-yes-hearty-lentil-vegetable-soup",
    "brand": "Well Yes",
    "name": "Hearty Lentil With Vegetable Soup",
    "imageUrl": "https://shop.coles.com.au/wcsstore/Coles-CAS/images/3/4/1/3414167-th.jpg",
    "categories": ["winter"],
    "tags": ["soups-and-stock", "canned-soups"],
    "locations": {
      "vic": {
        "price": 1.75,
        "promoText": "$1.75 ",
        "packageSize": "463g",
        "packagePrice": "$0.38 per 100G"
      }
    }
  },
  {
    "id": "campbells-country-ladle-soup-chicken-noodle",
    "brand": "Campbell's",
    "name": "Country Ladle Chicken Noodle Soup Can",
    "imageUrl": "https://shop.coles.com.au/wcsstore/Coles-CAS/images/8/0/2/8027044-th.jpg",
    "categories": ["winter"],
    "tags": ["soups-and-stock", "canned-soups"],
    "locations": {
      "vic": {
        "price": 1.75,
        "promoText": "$1.75 ",
        "packageSize": "500g",
        "packagePrice": "$0.35 per 100G"
      }
    }
  },
  {
    "id": "campbells-chunky-soup-stockpot",
    "brand": "Campbell's",
    "name": "Chunky Soup Stockpot",
    "imageUrl": "https://shop.coles.com.au/wcsstore/Coles-CAS/images/4/9/1/4915372-th.jpg",
    "categories": ["winter"],
    "tags": ["soups-and-stock", "canned-soups"],
    "locations": {
      "vic": {
        "price": 1.75,
        "promoText": "$1.75 ",
        "packageSize": "505g",
        "packagePrice": "$0.35 per 100G"
      }
    }
  },
  {
    "id": "well-yes-roasted-chicken-with-wild-rice-soup",
    "brand": "Well Yes",
    "name": "Roasted Chicken With Wild Rice Soup",
    "imageUrl": "https://shop.coles.com.au/wcsstore/Coles-CAS/images/3/4/1/3414156-th.jpg",
    "categories": ["winter"],
    "tags": ["soups-and-stock", "canned-soups"],
    "locations": {
      "vic": {
        "price": 1.75,
        "promoText": "$1.75 ",
        "packageSize": "463g",
        "packagePrice": "$0.38 per 100G"
      }
    }
  },
  {
    "id": "amys-kitchen-organic-tomato-soup-canned",
    "brand": "Amy's Kitchen",
    "name": "Organic Tomato Soup Canned",
    "imageUrl": "https://shop.coles.com.au/wcsstore/Coles-CAS/images/2/3/0/2303411-th.jpg",
    "categories": ["winter"],
    "tags": ["soups-and-stock", "canned-soups"],
    "locations": {
      "vic": {
        "price": 3.9,
        "promoText": " ",
        "packageSize": "411g",
        "packagePrice": "$0.95 per 100G"
      }
    }
  },
  {
    "id": "amys-kitchen-organic-lentil-vegetable-soup-canned",
    "brand": "Amy's Kitchen",
    "name": "Organic Lentil & Vegetable Soup Canned",
    "imageUrl": "https://shop.coles.com.au/wcsstore/Coles-CAS/images/2/3/0/2303400-th.jpg",
    "categories": ["winter"],
    "tags": ["soups-and-stock", "canned-soups"],
    "locations": {
      "vic": {
        "price": 3.9,
        "promoText": " ",
        "packageSize": "411g",
        "packagePrice": "$0.95 per 100G"
      }
    }
  },
  {
    "id": "campbells-condensed-soup-chicken-noodle",
    "brand": "Campbell's",
    "name": "Chicken Noodle Condensed Soup Can",
    "imageUrl": "https://shop.coles.com.au/wcsstore/Coles-CAS/images/5/8/7/5874929-th.jpg",
    "categories": ["winter"],
    "tags": ["soups-and-stock", "canned-soups"],
    "locations": {
      "vic": {
        "price": 1,
        "promoText": "$0.80 ",
        "packageSize": "400g",
        "packagePrice": "$0.25 per 100G"
      }
    }
  },
  {
    "id": "campbells-chunky-soup-chicken-korma",
    "brand": "Campbell's",
    "name": "Chunky Soup Chicken Korma",
    "imageUrl": "https://shop.coles.com.au/wcsstore/Coles-CAS/images/3/7/1/3714670-th.jpg",
    "categories": ["winter"],
    "tags": ["soups-and-stock", "canned-soups"],
    "locations": {
      "vic": {
        "price": 1.75,
        "promoText": "$1.75 ",
        "packageSize": "505g",
        "packagePrice": "$0.35 per 100G"
      }
    }
  },
  {
    "id": "heinz-condensed-soup-tomato",
    "brand": "Heinz",
    "name": "Big Red Tomato Soup Can",
    "imageUrl": "https://shop.coles.com.au/wcsstore/Coles-CAS/images/8/4/1/8416240-th.jpg",
    "categories": ["winter"],
    "tags": ["soups-and-stock", "canned-soups"],
    "locations": {
      "vic": {
        "price": 3.65,
        "promoText": " ",
        "packageSize": "820g",
        "packagePrice": "$0.45 per 100G"
      }
    }
  },
  {
    "id": "heinz-condensed-soup-big-red-tomato-salt-reduced",
    "brand": "Heinz",
    "name": "Big Red Tomato Soup Can Salt Reduced",
    "imageUrl": "https://shop.coles.com.au/wcsstore/Coles-CAS/images/4/6/0/460441-th.jpg",
    "categories": ["winter"],
    "tags": ["soups-and-stock", "canned-soups"],
    "locations": {
      "vic": {
        "price": 2.2,
        "promoText": "Any 2 $3",
        "packageSize": "420g",
        "packagePrice": "$0.52 per 100G"
      }
    }
  },
  {
    "id": "well-yes-chicken-noodle-soup",
    "brand": "Well Yes",
    "name": "Chicken Noodle Soup",
    "imageUrl": "https://shop.coles.com.au/wcsstore/Coles-CAS/images/3/4/1/3414123-th.jpg",
    "categories": ["winter"],
    "tags": ["soups-and-stock", "canned-soups"],
    "locations": {
      "vic": {
        "price": 1.75,
        "promoText": "$1.75 ",
        "packageSize": "458g",
        "packagePrice": "$0.38 per 100G"
      }
    }
  },
  {
    "id": "campbells-condensed-soup-cream-of-chicken-corn",
    "brand": "Campbell's",
    "name": "Cream of Chicken & Corn Condensed Soup Can",
    "imageUrl": "https://shop.coles.com.au/wcsstore/Coles-CAS/images/2/9/8/298263-th.jpg",
    "categories": ["winter"],
    "tags": ["soups-and-stock", "canned-soups"],
    "locations": {
      "vic": {
        "price": 1,
        "promoText": "$0.80 ",
        "packageSize": "420g",
        "packagePrice": "$0.24 per 100G"
      }
    }
  },
  {
    "id": "well-yes-minestrone-with-kale-soup",
    "brand": "Campbell's",
    "name": "Well Yes Minestrone With Kale Soup",
    "imageUrl": "https://shop.coles.com.au/wcsstore/Coles-CAS/images/3/4/1/3414190-th.jpg",
    "categories": ["winter"],
    "tags": ["soups-and-stock", "canned-soups"],
    "locations": {
      "vic": {
        "price": 1.75,
        "promoText": "$1.75 ",
        "packageSize": "458g",
        "packagePrice": "$0.38 per 100G"
      }
    }
  },
  {
    "id": "coles-brand-soup-condensed-tomato",
    "brand": "Coles",
    "name": "Condensed Tomato Soup Can",
    "imageUrl": "https://shop.coles.com.au/wcsstore/Coles-CAS/images/7/3/9/7390413-th.jpg",
    "categories": ["winter"],
    "tags": ["soups-and-stock", "canned-soups"],
    "locations": {
      "vic": {
        "price": 0.8,
        "promoText": " ",
        "packageSize": "420g",
        "packagePrice": "$0.19 per 100G"
      }
    }
  },
  {
    "id": "campbells-chunky-soup-ravioli-bef-tom",
    "brand": "Campbell's",
    "name": "Chunky Soup Ravioli Beef Tom",
    "imageUrl": "https://shop.coles.com.au/wcsstore/Coles-CAS/images/3/7/1/3714692-th.jpg",
    "categories": ["winter"],
    "tags": ["soups-and-stock", "canned-soups"],
    "locations": {
      "vic": {
        "price": 1.75,
        "promoText": "$1.75 ",
        "packageSize": "505g",
        "packagePrice": "$0.35 per 100G"
      }
    }
  },
  {
    "id": "campbells-chunky-soup-chilli-bef",
    "brand": "Campbell's",
    "name": "Chunky Soup Chilli Beef",
    "imageUrl": "https://shop.coles.com.au/wcsstore/Coles-CAS/images/3/7/1/3714681-th.jpg",
    "categories": ["winter"],
    "tags": ["soups-and-stock", "canned-soups"],
    "locations": {
      "vic": {
        "price": 1.75,
        "promoText": "$1.75 ",
        "packageSize": "505g",
        "packagePrice": "$0.35 per 100G"
      }
    }
  },
  {
    "id": "mckenzies-barley-pearl",
    "brand": "McKenzie's",
    "name": "Barley Pearl",
    "imageUrl": "https://shop.coles.com.au/wcsstore/Coles-CAS/images/1/3/0/130039-th.jpg",
    "categories": ["winter"],
    "tags": ["soups-and-stock", "soup-mix"],
    "locations": {
      "vic": {
        "price": 1.7,
        "promoText": " ",
        "packageSize": "500g",
        "packagePrice": "$0.34 per 100G"
      }
    }
  },
  {
    "id": "mckenzies-lentils-red-split",
    "brand": "McKenzie's",
    "name": "Split Red Lentils",
    "imageUrl": "https://shop.coles.com.au/wcsstore/Coles-CAS/images/9/1/9/9190991-th.jpg",
    "categories": ["winter"],
    "tags": ["soups-and-stock", "soup-mix"],
    "locations": {
      "vic": {
        "price": 4.4,
        "promoText": " ",
        "packageSize": "1kg",
        "packagePrice": "$0.44 per 100G"
      }
    }
  },
  {
    "id": "mckenzies-lentils-green-whole",
    "brand": "McKenzie's",
    "name": "Whole Green Lentils",
    "imageUrl": "https://shop.coles.com.au/wcsstore/Coles-CAS/images/1/3/0/130050-th.jpg",
    "categories": ["winter"],
    "tags": ["soups-and-stock", "soup-mix"],
    "locations": {
      "vic": {
        "price": 2.3,
        "promoText": " ",
        "packageSize": "375g",
        "packagePrice": "$0.61 per 100G"
      }
    }
  },
  {
    "id": "mckenzies-lentils-red",
    "brand": "McKenzie's",
    "name": "Split Red Lentils",
    "imageUrl": "https://shop.coles.com.au/wcsstore/Coles-CAS/images/1/3/0/130061-th.jpg",
    "categories": ["winter"],
    "tags": ["soups-and-stock", "soup-mix"],
    "locations": {
      "vic": {
        "price": 1.8,
        "promoText": "$0.50 ",
        "packageSize": "375g",
        "packagePrice": "$0.48 per 100G"
      }
    }
  },
  {
    "id": "mckenzies-split-peas-green",
    "brand": "McKenzie's",
    "name": "Split Green Peas",
    "imageUrl": "https://shop.coles.com.au/wcsstore/Coles-CAS/images/3/5/3/353521-th.jpg",
    "categories": ["winter"],
    "tags": ["soups-and-stock", "soup-mix"],
    "locations": {
      "vic": {
        "price": 1.7,
        "promoText": " ",
        "packageSize": "500g",
        "packagePrice": "$0.34 per 100G"
      }
    }
  },
  {
    "id": "mckenzies-chick-peas",
    "brand": "McKenzie's",
    "name": "Chickpeas",
    "imageUrl": "https://shop.coles.com.au/wcsstore/Coles-CAS/images/4/0/5/405986-th.jpg",
    "categories": ["winter"],
    "tags": ["soups-and-stock", "soup-mix"],
    "locations": {
      "vic": {
        "price": 1.45,
        "promoText": "$0.35 ",
        "packageSize": "375g",
        "packagePrice": "$0.39 per 100G"
      }
    }
  },
  {
    "id": "mckenzies-lentils-french-style-green",
    "brand": "McKenzie's",
    "name": "French Style Black Lentils",
    "imageUrl": "https://shop.coles.com.au/wcsstore/Coles-CAS/images/6/2/8/6288116-th.jpg",
    "categories": ["winter"],
    "tags": ["soups-and-stock", "soup-mix"],
    "locations": {
      "vic": {
        "price": 2.6,
        "promoText": "$0.70 ",
        "packageSize": "375g",
        "packagePrice": "$0.69 per 100G"
      }
    }
  },
  {
    "id": "mckenzies-split-peas-yellow",
    "brand": "McKenzie's",
    "name": "Split Yellow Peas",
    "imageUrl": "https://shop.coles.com.au/wcsstore/Coles-CAS/images/1/3/0/130017-th.jpg",
    "categories": ["winter"],
    "tags": ["soups-and-stock", "soup-mix"],
    "locations": {
      "vic": {
        "price": 1.7,
        "promoText": " ",
        "packageSize": "500g",
        "packagePrice": "$0.34 per 100G"
      }
    }
  },
  {
    "id": "mckenzies-soup-mix-130028p",
    "brand": "McKenzie's",
    "name": "Soup Mix",
    "imageUrl": "https://shop.coles.com.au/wcsstore/Coles-CAS/images/1/3/0/130028-th.jpg",
    "categories": ["winter"],
    "tags": ["soups-and-stock", "soup-mix"],
    "locations": {
      "vic": {
        "price": 1.7,
        "promoText": " ",
        "packageSize": "500g",
        "packagePrice": "$0.34 per 100G"
      }
    }
  },
  {
    "id": "mckenzies-soup-mix-italian-style",
    "brand": "McKenzie's",
    "name": "Italian Style Soup Mix",
    "imageUrl": "https://shop.coles.com.au/wcsstore/Coles-CAS/images/1/3/0/130072-th.jpg",
    "categories": ["winter"],
    "tags": ["soups-and-stock", "soup-mix"],
    "locations": {
      "vic": {
        "price": 1.8,
        "promoText": "$0.50 ",
        "packageSize": "375g",
        "packagePrice": "$0.48 per 100G"
      }
    }
  },
  {
    "id": "mckenzies-yellow-lentils",
    "brand": "McKenzie's",
    "name": "Yellow Lentils",
    "imageUrl": "https://shop.coles.com.au/wcsstore/Coles-CAS/images/2/2/9/2292279-th.jpg",
    "categories": ["winter"],
    "tags": ["soups-and-stock", "soup-mix"],
    "locations": {
      "vic": {
        "price": 1.7,
        "promoText": "$0.45 ",
        "packageSize": "375g",
        "packagePrice": "$0.45 per 100G"
      }
    }
  },
  {
    "id": "mckenzies-dried-black-beans",
    "brand": "McKenzie's",
    "name": "Dried Black Beans",
    "imageUrl": "https://shop.coles.com.au/wcsstore/Coles-CAS/images/2/2/9/2292315-th.jpg",
    "categories": ["winter"],
    "tags": ["soups-and-stock", "soup-mix"],
    "locations": {
      "vic": {
        "price": 2,
        "promoText": "$0.25 ",
        "packageSize": "375g",
        "packagePrice": "$0.53 per 100G"
      }
    }
  },
  {
    "id": "mckenzies--super-blend-soup-mix",
    "brand": "McKenzie's",
    "name": "Super Blend Soup Mix",
    "imageUrl": "https://shop.coles.com.au/wcsstore/Coles-CAS/images/2/6/6/2668319-th.jpg",
    "categories": ["winter"],
    "tags": ["soups-and-stock", "soup-mix"],
    "locations": {
      "vic": {
        "price": 3.95,
        "promoText": " ",
        "packageSize": "350g",
        "packagePrice": "$1.13 per 100G"
      }
    }
  },
  {
    "id": "mckenzies-green-lentil",
    "brand": "Mckenzie's",
    "name": "Whole Green Lentils",
    "imageUrl": "https://shop.coles.com.au/wcsstore/Coles-CAS/images/3/4/6/3465667-th.jpg",
    "categories": ["winter"],
    "tags": ["soups-and-stock", "soup-mix"],
    "locations": {
      "vic": {
        "price": 4.4,
        "promoText": " ",
        "packageSize": "1kg",
        "packagePrice": "$4.40 per 1Kg"
      }
    }
  },
  {
    "id": "mckenzies-12-blend-soup-mix",
    "brand": "McKenzie's",
    "name": "12 Blend Soup Mix",
    "imageUrl": "https://shop.coles.com.au/wcsstore/Coles-CAS/images/3/1/8/3188658-th.jpg",
    "categories": ["winter"],
    "tags": ["soups-and-stock", "soup-mix"],
    "locations": {
      "vic": {
        "price": 1.8,
        "promoText": "$0.50 ",
        "packageSize": "375g",
        "packagePrice": "$0.48 per 100G"
      }
    }
  },
  {
    "id": "mckenzies-super-blend-fibre",
    "brand": "McKenzie's",
    "name": "SuperBlend Fibre Freekeh Lentils & Beans",
    "imageUrl": "https://shop.coles.com.au/wcsstore/Coles-CAS/images/2/6/6/2668320-th.jpg",
    "categories": ["winter"],
    "tags": ["soups-and-stock", "soup-mix"],
    "locations": {
      "vic": {
        "price": 3.95,
        "promoText": " ",
        "packageSize": "350g",
        "packagePrice": "$1.13 per 100G"
      }
    }
  },
  {
    "id": "mckenzies-white-beans",
    "brand": "Mckenzie's",
    "name": "White Beans",
    "imageUrl": "https://shop.coles.com.au/wcsstore/Coles-CAS/images/1/7/1/1717703-th.jpg",
    "categories": ["winter"],
    "tags": ["soups-and-stock", "soup-mix"],
    "locations": {
      "vic": {
        "price": 2.4,
        "promoText": "$0.60 ",
        "packageSize": "375g",
        "packagePrice": "$0.64 per 100G"
      }
    }
  },
  {
    "id": "hart-soul-coconut-pumpkin-pouch-400g",
    "brand": "Hart & Soul",
    "name": "Coconut Pumpkin Soup Pouch",
    "imageUrl": "https://shop.coles.com.au/wcsstore/Coles-CAS/images/3/2/7/3270679-th.jpg",
    "categories": ["winter"],
    "tags": ["soups-and-stock", "soup-pouches"],
    "locations": {
      "vic": {
        "price": 4,
        "promoText": " ",
        "packageSize": "400g",
        "packagePrice": "$1.00 per 100G"
      }
    }
  },
  {
    "id": "hart-soul-soup-pouch-sweet-potato",
    "brand": "Hart & Soul",
    "name": "Gluten Free Sweet Potato Ginger Soup With Turmeric Pouch",
    "imageUrl": "https://shop.coles.com.au/wcsstore/Coles-CAS/images/3/3/9/3399438-th.jpg",
    "categories": ["winter"],
    "tags": ["soups-and-stock", "soup-pouches"],
    "locations": {
      "vic": {
        "price": 4,
        "promoText": " ",
        "packageSize": "400g",
        "packagePrice": "$1.00 per 100G"
      }
    }
  },
  {
    "id": "hart-soul-soup-pouch-spiced-lentil",
    "brand": "Hart & Soul",
    "name": "Gluten Free Spiced Lentil Soup Pouch",
    "imageUrl": "https://shop.coles.com.au/wcsstore/Coles-CAS/images/3/3/9/3399416-th.jpg",
    "categories": ["winter"],
    "tags": ["soups-and-stock", "soup-pouches"],
    "locations": {
      "vic": {
        "price": 4,
        "promoText": " ",
        "packageSize": "400g",
        "packagePrice": "$1.00 per 100G"
      }
    }
  },
  {
    "id": "la-zuppa-soup-pouches-roasted-pumpkin",
    "brand": "La Zuppa",
    "name": "Roasted Pumpkin Soup Pouch",
    "imageUrl": "https://shop.coles.com.au/wcsstore/Coles-CAS/images/1/1/6/1163328-th.jpg",
    "categories": ["winter"],
    "tags": ["soups-and-stock", "soup-pouches"],
    "locations": {
      "vic": {
        "price": 3.5,
        "promoText": "$0.90 ",
        "packageSize": "540g",
        "packagePrice": "$0.65 per 100G"
      }
    }
  },
  {
    "id": "hart-soul-pho-pouch-400-gram",
    "brand": "Hart & Soul",
    "name": "All Natural Pho Soup With Konjac Pouch",
    "imageUrl": "https://shop.coles.com.au/wcsstore/Coles-CAS/images/3/2/7/3270704-th.jpg",
    "categories": ["winter"],
    "tags": ["soups-and-stock", "soup-pouches"],
    "locations": {
      "vic": {
        "price": 4,
        "promoText": " ",
        "packageSize": "400g",
        "packagePrice": "$1.00 per 100G"
      }
    }
  },
  {
    "id": "coles-pouch-soup-cauli-brocolli",
    "brand": "Coles",
    "name": "Cauliflower & Broccoli Soup With Cashew Nuts",
    "imageUrl": "https://shop.coles.com.au/wcsstore/Coles-CAS/images/3/2/7/3272018-th.jpg",
    "categories": ["winter"],
    "tags": ["soups-and-stock", "soup-pouches"],
    "locations": {
      "vic": {
        "price": 2.7,
        "promoText": " ",
        "packageSize": "430g",
        "packagePrice": "$0.63 per 100G"
      }
    }
  },
  {
    "id": "coles-japanese-style-miso-nodle-soup",
    "brand": "Coles",
    "name": "Japanese Style Miso & Noodle Soup Pouch",
    "imageUrl": "https://shop.coles.com.au/wcsstore/Coles-CAS/images/3/7/0/3705104-th.jpg",
    "categories": ["winter"],
    "tags": ["soups-and-stock", "soup-pouches"],
    "locations": {
      "vic": {
        "price": 2.7,
        "promoText": " ",
        "packageSize": "430g",
        "packagePrice": "$0.63 per 100G"
      }
    }
  },
  {
    "id": "hart-soul-soup-pouch-coconut-thai",
    "brand": "Hart & Soul",
    "name": "Gluten Free Thai Coconut Tom Kha Soup Pouch",
    "imageUrl": "https://shop.coles.com.au/wcsstore/Coles-CAS/images/3/4/0/3402576-th.jpg",
    "categories": ["winter"],
    "tags": ["soups-and-stock", "soup-pouches"],
    "locations": {
      "vic": {
        "price": 4,
        "promoText": " ",
        "packageSize": "400g",
        "packagePrice": "$1.00 per 100G"
      }
    }
  },
  {
    "id": "coles-chicken-corn-soup-pouch",
    "brand": "Coles",
    "name": "Chicken & Corn Soup Pouch",
    "imageUrl": "https://shop.coles.com.au/wcsstore/Coles-CAS/images/2/2/5/2258419-th.jpg",
    "categories": ["winter"],
    "tags": ["soups-and-stock", "soup-pouches"],
    "locations": {
      "vic": {
        "price": 2.7,
        "promoText": " ",
        "packageSize": "430g",
        "packagePrice": "$0.63 per 100mL"
      }
    }
  },
  {
    "id": "coles-pouch-soup-coconut-lentil",
    "brand": "Coles",
    "name": "Pouch Soup Coconut Lentil",
    "imageUrl": "https://shop.coles.com.au/wcsstore/Coles-CAS/images/3/2/7/3272030-th.jpg",
    "categories": ["winter"],
    "tags": ["soups-and-stock", "soup-pouches"],
    "locations": {
      "vic": {
        "price": 2.7,
        "promoText": " ",
        "packageSize": "430g",
        "packagePrice": "$0.63 per 100G"
      }
    }
  },
  {
    "id": "heinz-soup-of-the-day-soup-old-fashioned-chicken",
    "brand": "Heinz",
    "name": "Soup of The Day Old Fashioned Chicken Pouch",
    "imageUrl": "https://shop.coles.com.au/wcsstore/Coles-CAS/images/1/1/6/1163725-th.jpg",
    "categories": ["winter"],
    "tags": ["soups-and-stock", "soup-pouches"],
    "locations": {
      "vic": {
        "price": 3,
        "promoText": "Was $3.89 on Jul 2017 ",
        "packageSize": "430g",
        "packagePrice": "$0.70 per 100G"
      }
    }
  },
  {
    "id": "coles-beef-vegetable-soup-pouch",
    "brand": "Coles",
    "name": "Beef & Vegetable Soup Pouch",
    "imageUrl": "https://shop.coles.com.au/wcsstore/Coles-CAS/images/2/2/5/2258420-th.jpg",
    "categories": ["winter"],
    "tags": ["soups-and-stock", "soup-pouches"],
    "locations": {
      "vic": {
        "price": 2.7,
        "promoText": " ",
        "packageSize": "430g",
        "packagePrice": "$0.63 per 100mL"
      }
    }
  },
  {
    "id": "coles-pouch-soup",
    "brand": "Coles",
    "name": "Minestrone Soup with Quinoa",
    "imageUrl": "https://shop.coles.com.au/wcsstore/Coles-CAS/images/3/2/7/3272164-th.jpg",
    "categories": ["winter"],
    "tags": ["soups-and-stock", "soup-pouches"],
    "locations": {
      "vic": {
        "price": 2.7,
        "promoText": " ",
        "packageSize": "430g",
        "packagePrice": "$0.63 per 100G"
      }
    }
  },
  {
    "id": "coles-pouch-soup-laksa-with-noodles",
    "brand": "Coles",
    "name": "Laksa Soup with Konjac Noodles",
    "imageUrl": "https://shop.coles.com.au/wcsstore/Coles-CAS/images/3/2/7/3272040-th.jpg",
    "categories": ["winter"],
    "tags": ["soups-and-stock", "soup-pouches"],
    "locations": {
      "vic": {
        "price": 2.7,
        "promoText": " ",
        "packageSize": "430g",
        "packagePrice": "$0.63 per 100G"
      }
    }
  },
  {
    "id": "la-zuppa-soup-pouches-chicken-tuscan-veg-rice",
    "brand": "La Zuppa",
    "name": "Tuscan Chicken & Vegetables With Rice Soup Pouch",
    "imageUrl": "https://shop.coles.com.au/wcsstore/Coles-CAS/images/1/1/6/1163317-th.jpg",
    "categories": ["winter"],
    "tags": ["soups-and-stock", "soup-pouches"],
    "locations": {
      "vic": {
        "price": 3.5,
        "promoText": "$0.90 ",
        "packageSize": "540g",
        "packagePrice": "$0.65 per 100G"
      }
    }
  },
  {
    "id": "la-zuppa-creamy-chicken-vegetable-soup-pouch",
    "brand": "La Zuppa",
    "name": "Creamy Chicken & Vegetable Soup Pouch",
    "imageUrl": "https://shop.coles.com.au/wcsstore/Coles-CAS/images/1/7/2/1727570-th.jpg",
    "categories": ["winter"],
    "tags": ["soups-and-stock", "soup-pouches"],
    "locations": {
      "vic": {
        "price": 3.5,
        "promoText": "$0.90 ",
        "packageSize": "540g",
        "packagePrice": "$0.65 per 100G"
      }
    }
  },
  {
    "id": "coles-creamy-pumpkin-soup-pouch",
    "brand": "Coles",
    "name": "Creamy Pumpkin Soup Pouch",
    "imageUrl": "https://shop.coles.com.au/wcsstore/Coles-CAS/images/2/2/5/2258340-th.jpg",
    "categories": ["winter"],
    "tags": ["soups-and-stock", "soup-pouches"],
    "locations": {
      "vic": {
        "price": 2.7,
        "promoText": " ",
        "packageSize": "430g",
        "packagePrice": "$0.63 per 100mL"
      }
    }
  },
  {
    "id": "coles-chinese-chicken-corn-soup",
    "brand": "Coles",
    "name": "Chinese Chicken & Corn Soup Pouch",
    "imageUrl": "https://shop.coles.com.au/wcsstore/Coles-CAS/images/3/7/0/3705159-th.jpg",
    "categories": ["winter"],
    "tags": ["soups-and-stock", "soup-pouches"],
    "locations": {
      "vic": {
        "price": 2.7,
        "promoText": " ",
        "packageSize": "430g",
        "packagePrice": "$0.63 per 100G"
      }
    }
  },
  {
    "id": "coles-pulled-lamb-pearl-barley-lentil-soup",
    "brand": "Coles",
    "name": "Pulled Lamb Pearl Barley & Lentil Soup Pouch",
    "imageUrl": "https://shop.coles.com.au/wcsstore/Coles-CAS/images/3/7/0/3704972-th.jpg",
    "categories": ["winter"],
    "tags": ["soups-and-stock", "soup-pouches"],
    "locations": {
      "vic": {
        "price": 2.7,
        "promoText": " ",
        "packageSize": "430g",
        "packagePrice": "$0.63 per 100G"
      }
    }
  },
  {
    "id": "coles-bombay-style-cauliflower-soup",
    "brand": "Coles",
    "name": "Bombay Style Cauliflower Soup Pouch",
    "imageUrl": "https://shop.coles.com.au/wcsstore/Coles-CAS/images/3/7/0/3704859-th.jpg",
    "categories": ["winter"],
    "tags": ["soups-and-stock", "soup-pouches"],
    "locations": {
      "vic": {
        "price": 2.7,
        "promoText": " ",
        "packageSize": "430g",
        "packagePrice": "$0.63 per 100G"
      }
    }
  },
  {
    "id": "heinz-soup-of-the-day-7-veg-with-garden-herbs-soup-pouch",
    "brand": "Heinz",
    "name": "Soup Of The Day 7 Veg With Garden Herbs Soup Pouch",
    "imageUrl": "https://shop.coles.com.au/wcsstore/Coles-CAS/images/2/2/8/2289015-th.jpg",
    "categories": ["winter"],
    "tags": ["soups-and-stock", "soup-pouches"],
    "locations": {
      "vic": {
        "price": 3,
        "promoText": "Was $3.89 on Jul 2017 ",
        "packageSize": "430g",
        "packagePrice": "$0.70 per 100G"
      }
    }
  },
  {
    "id": "la-zuppa-pouches-soup-italian-tomato-veg",
    "brand": "La Zuppa",
    "name": "Gluten Free Italian Style Tomato & Vegetable Soup",
    "imageUrl": "https://shop.coles.com.au/wcsstore/Coles-CAS/images/3/4/0/3402565-th.jpg",
    "categories": ["winter"],
    "tags": ["soups-and-stock", "soup-pouches"],
    "locations": {
      "vic": {
        "price": 3.5,
        "promoText": "$0.90 ",
        "packageSize": "540g",
        "packagePrice": "$0.65 per 100G"
      }
    }
  },
  {
    "id": "coles-chick-vegetable-buckwheat-soup-pouch",
    "brand": "Coles",
    "name": "Chicken Vegetable & Buckwheat Soup Pouch",
    "imageUrl": "https://shop.coles.com.au/wcsstore/Coles-CAS/images/2/6/6/2666970-th.jpg",
    "categories": ["winter"],
    "tags": ["soups-and-stock", "soup-pouches"],
    "locations": {
      "vic": {
        "price": 2.7,
        "promoText": " ",
        "packageSize": "430g",
        "packagePrice": "$0.63 per 100G"
      }
    }
  },
  {
    "id": "heinz-soup-of-the-day-soup-pumpkin-mixed-vegetables",
    "brand": "Heinz",
    "name": "Soup Of The Day Buttercup Pumpkin & Veg",
    "imageUrl": "https://shop.coles.com.au/wcsstore/Coles-CAS/images/1/1/6/1163689-th.jpg",
    "categories": ["winter"],
    "tags": ["soups-and-stock", "soup-pouches"],
    "locations": {
      "vic": {
        "price": 3,
        "promoText": "Was $3.89 on Jul 2017 ",
        "packageSize": "430g",
        "packagePrice": "$0.70 per 100G"
      }
    }
  },
  {
    "id": "massel-ultra-stock-cubes-chicken-style",
    "brand": "Massel",
    "name": "Chicken Style Stock Cubes",
    "imageUrl": "https://shop.coles.com.au/wcsstore/Coles-CAS/images/9/3/7/93737-th.jpg",
    "categories": ["winter"],
    "tags": ["soups-and-stock", "stock-cubes"],
    "locations": {
      "vic": {
        "price": 2.4,
        "promoText": "$0.60 ",
        "packageSize": "105g",
        "packagePrice": "$0.23 per 10G"
      }
    }
  },
  {
    "id": "massel-ultracube-stock-cubes-chicken-salt-reduced",
    "brand": "Massel",
    "name": "Salt Reduced Chicken Stock Cubes",
    "imageUrl": "https://shop.coles.com.au/wcsstore/Coles-CAS/images/9/4/9/9490725-th.jpg",
    "categories": ["winter"],
    "tags": ["soups-and-stock", "stock-cubes"],
    "locations": {
      "vic": {
        "price": 2.4,
        "promoText": "$0.60 ",
        "packageSize": "105g",
        "packagePrice": "$0.23 per 10G"
      }
    }
  },
  {
    "id": "massel-ultracube--stock-cubes-vegetable-salt-reduced",
    "brand": "Massel",
    "name": "Salt Reduced Vegetable Stock Cubes",
    "imageUrl": "https://shop.coles.com.au/wcsstore/Coles-CAS/images/9/4/9/9490554-th.jpg",
    "categories": ["winter"],
    "tags": ["soups-and-stock", "stock-cubes"],
    "locations": {
      "vic": {
        "price": 2.4,
        "promoText": "$0.60 ",
        "packageSize": "105g",
        "packagePrice": "$0.23 per 10G"
      }
    }
  },
  {
    "id": "massel-ultra-stock-cubes-beef-style",
    "brand": "Massel",
    "name": "Beef Style Stock Cubes",
    "imageUrl": "https://shop.coles.com.au/wcsstore/Coles-CAS/images/9/3/7/93726-th.jpg",
    "categories": ["winter"],
    "tags": ["soups-and-stock", "stock-cubes"],
    "locations": {
      "vic": {
        "price": 2.4,
        "promoText": "$0.60 ",
        "packageSize": "105g",
        "packagePrice": "$0.23 per 10G"
      }
    }
  },
  {
    "id": "massel-bullion-chicken-stock-cubes-7-pack",
    "brand": "Massel",
    "name": "7 Bouillon Cubes Chicken Style",
    "imageUrl": "https://shop.coles.com.au/wcsstore/Coles-CAS/images/1/8/1/1814153-th.jpg",
    "categories": ["winter"],
    "tags": ["soups-and-stock", "stock-cubes"],
    "locations": {
      "vic": {
        "price": 1,
        "promoText": " ",
        "packageSize": "35g",
        "packagePrice": "$0.29 per 10G"
      }
    }
  },
  {
    "id": "massel-ultra-stock-cubes-vegetable",
    "brand": "Massel",
    "name": "Vegetable Stock Cubes",
    "imageUrl": "https://shop.coles.com.au/wcsstore/Coles-CAS/images/9/8/5/98548-th.jpg",
    "categories": ["winter"],
    "tags": ["soups-and-stock", "stock-cubes"],
    "locations": {
      "vic": {
        "price": 2.4,
        "promoText": "$0.60 ",
        "packageSize": "105g",
        "packagePrice": "$0.23 per 10G"
      }
    }
  },
  {
    "id": "massel-bullion-beef-stock-cubes-7-pack",
    "brand": "Massel",
    "name": "7 Bouillon Cubes Beef Style",
    "imageUrl": "https://shop.coles.com.au/wcsstore/Coles-CAS/images/1/8/1/1814142-th.jpg",
    "categories": ["winter"],
    "tags": ["soups-and-stock", "stock-cubes"],
    "locations": {
      "vic": {
        "price": 1,
        "promoText": " ",
        "packageSize": "35g",
        "packagePrice": "$0.29 per 10G"
      }
    }
  },
  {
    "id": "oxo-stock-cubes-beef",
    "brand": "Oxo",
    "name": "Beef Stock Cubes",
    "imageUrl": "https://shop.coles.com.au/wcsstore/Coles-CAS/images/1/5/7/157079-th.jpg",
    "categories": ["winter"],
    "tags": ["soups-and-stock", "stock-cubes"],
    "locations": {
      "vic": {
        "price": 2.5,
        "promoText": " ",
        "packageSize": "71g",
        "packagePrice": "$0.35 per 10G"
      }
    }
  },
  {
    "id": "coles-stock-cubes-21pk-vegetable",
    "brand": "Coles",
    "name": "Vegetable Stock Cubes 21 pack",
    "imageUrl": "https://shop.coles.com.au/wcsstore/Coles-CAS/images/3/4/5/3455696-th.jpg",
    "categories": ["winter"],
    "tags": ["soups-and-stock", "stock-cubes"],
    "locations": {
      "vic": {
        "price": 2,
        "promoText": " ",
        "packageSize": "105g",
        "packagePrice": "$1.90 per 100G"
      }
    }
  },
  {
    "id": "oxo-stock-cubes-chicken",
    "brand": "Oxo",
    "name": "Chicken Stock Cubes",
    "imageUrl": "https://shop.coles.com.au/wcsstore/Coles-CAS/images/2/4/6/246102-th.jpg",
    "categories": ["winter"],
    "tags": ["soups-and-stock", "stock-cubes"],
    "locations": {
      "vic": {
        "price": 2.5,
        "promoText": " ",
        "packageSize": "71g",
        "packagePrice": "$0.35 per 10G"
      }
    }
  },
  {
    "id": "coles-stock-cubes-21pk-chicken",
    "brand": "Coles",
    "name": "Chicken Stock Cubes 21 pack",
    "imageUrl": "https://shop.coles.com.au/wcsstore/Coles-CAS/images/3/4/5/3455685-th.jpg",
    "categories": ["winter"],
    "tags": ["soups-and-stock", "stock-cubes"],
    "locations": {
      "vic": {
        "price": 2,
        "promoText": " ",
        "packageSize": "105g",
        "packagePrice": "$0.19 per 10G"
      }
    }
  },
  {
    "id": "coles-stock-cubes-21pk-beef",
    "brand": "Coles",
    "name": "Beef Style Stock Cubes 21 pack",
    "imageUrl": "https://shop.coles.com.au/wcsstore/Coles-CAS/images/3/4/5/3455674-th.jpg",
    "categories": ["winter"],
    "tags": ["soups-and-stock", "stock-cubes"],
    "locations": {
      "vic": {
        "price": 2,
        "promoText": " ",
        "packageSize": "105g",
        "packagePrice": "$0.19 per 10G"
      }
    }
  },
  {
    "id": "continental-instant-soup-chicken-noodle",
    "brand": "Continental",
    "name": "Chicken Noodle Simmer Soup 4 Serves",
    "imageUrl": "https://shop.coles.com.au/wcsstore/Coles-CAS/images/1/2/9/129335-th.jpg",
    "categories": ["winter"],
    "tags": ["soups-and-stock", "soup-packets"],
    "locations": {
      "vic": {
        "price": 1,
        "promoText": " ",
        "packageSize": "45g",
        "packagePrice": "$2.22 per 100G"
      }
    }
  },
  {
    "id": "continental-instant-soup-french-onion",
    "brand": "Continental",
    "name": "Simmer Soup French Onion 4 Serves",
    "imageUrl": "https://shop.coles.com.au/wcsstore/Coles-CAS/images/1/2/9/129426-th.jpg",
    "categories": ["winter"],
    "tags": ["soups-and-stock", "soup-packets"],
    "locations": {
      "vic": {
        "price": 1,
        "promoText": " ",
        "packageSize": "40g",
        "packagePrice": "$2.50 per 100G"
      }
    }
  },
  {
    "id": "continental-cup-a-soup-tomato",
    "brand": "Continental",
    "name": "Cup A Soup Tomato 4 Pack",
    "imageUrl": "https://shop.coles.com.au/wcsstore/Coles-CAS/images/1/2/9/129765-th.jpg",
    "categories": ["winter"],
    "tags": ["soups-and-stock", "soup-packets"],
    "locations": {
      "vic": {
        "price": 2,
        "promoText": " ",
        "packageSize": "80g",
        "packagePrice": "$2.50 per 100G"
      }
    }
  },
  {
    "id": "coles-soup-packet-chicken-noodle",
    "brand": "Coles",
    "name": "Chicken Noodle Soup Mix",
    "imageUrl": "https://shop.coles.com.au/wcsstore/Coles-CAS/images/8/8/8/8880269-th.jpg",
    "categories": ["winter"],
    "tags": ["soups-and-stock", "soup-packets"],
    "locations": {
      "vic": {
        "price": 0.45,
        "promoText": " ",
        "packageSize": "50g",
        "packagePrice": "$0.90 per 100G"
      }
    }
  },
  {
    "id": "coles-brand-soup-packet-french-onion",
    "brand": "Coles",
    "name": "French Onion Soup Mix",
    "imageUrl": "https://shop.coles.com.au/wcsstore/Coles-CAS/images/1/2/9/129619-th.jpg",
    "categories": ["winter"],
    "tags": ["soups-and-stock", "soup-packets"],
    "locations": {
      "vic": {
        "price": 0.45,
        "promoText": " ",
        "packageSize": "40g",
        "packagePrice": "$11.25 per 1Kg"
      }
    }
  },
  {
    "id": "continental-cup-a-soup-chicken-noodle",
    "brand": "Continental",
    "name": "Cup A Soup Chicken Noodle 4 pack",
    "imageUrl": "https://shop.coles.com.au/wcsstore/Coles-CAS/images/1/2/9/129696-th.jpg",
    "categories": ["winter"],
    "tags": ["soups-and-stock", "soup-packets"],
    "locations": {
      "vic": {
        "price": 2,
        "promoText": " ",
        "packageSize": "40g",
        "packagePrice": "$5.00 per 100G"
      }
    }
  },
  {
    "id": "continental-instant-soup-french-onion-salt-reduced",
    "brand": "Continental",
    "name": "Simmer Soup French Onion Salt Reduced 4 Serves",
    "imageUrl": "https://shop.coles.com.au/wcsstore/Coles-CAS/images/1/0/5/105280-th.jpg",
    "categories": ["winter"],
    "tags": ["soups-and-stock", "soup-packets"],
    "locations": {
      "vic": {
        "price": 1,
        "promoText": " ",
        "packageSize": "35g",
        "packagePrice": "$2.86 per 100G"
      }
    }
  },
  {
    "id": "continental-cup-a-soup-cream-of-chicken",
    "brand": "Continental",
    "name": "Cup A Soup Cream of Chicken 4 pack",
    "imageUrl": "https://shop.coles.com.au/wcsstore/Coles-CAS/images/1/2/9/129674-th.jpg",
    "categories": ["winter"],
    "tags": ["soups-and-stock", "soup-packets"],
    "locations": {
      "vic": {
        "price": 2,
        "promoText": " ",
        "packageSize": "75g",
        "packagePrice": "$2.67 per 100G"
      }
    }
  },
  {
    "id": "continental-cup-a-soup-hearty-beef",
    "brand": "Continental",
    "name": "Cup A Soup Hearty Beef 4 pack",
    "imageUrl": "https://shop.coles.com.au/wcsstore/Coles-CAS/images/1/2/9/129685-th.jpg",
    "categories": ["winter"],
    "tags": ["soups-and-stock", "soup-packets"],
    "locations": {
      "vic": {
        "price": 2,
        "promoText": " ",
        "packageSize": "55g",
        "packagePrice": "$3.64 per 100G"
      }
    }
  },
  {
    "id": "continental-instant-soup-spring-vegetable",
    "brand": "Continental",
    "name": "Simmer Soup Spring Vegetable 4 Serves",
    "imageUrl": "https://shop.coles.com.au/wcsstore/Coles-CAS/images/1/2/9/129437-th.jpg",
    "categories": ["winter"],
    "tags": ["soups-and-stock", "soup-packets"],
    "locations": {
      "vic": {
        "price": 1.4,
        "promoText": " ",
        "packageSize": "30g",
        "packagePrice": "$4.67 per 100G"
      }
    }
  },
  {
    "id": "continental-stock-powder-chicken",
    "brand": "Continental",
    "name": "Superb Chicken Stock Powder",
    "imageUrl": "https://shop.coles.com.au/wcsstore/Coles-CAS/images/5/0/8/5086105-th.jpg",
    "categories": ["winter"],
    "tags": ["soups-and-stock", "stock-powder"],
    "locations": {
      "vic": {
        "price": 2.4,
        "promoText": "$0.45 ",
        "packageSize": "130g",
        "packagePrice": "$0.18 per 10G"
      }
    }
  },
  {
    "id": "continental-stock-powder-instant-beef-salt-reduced",
    "brand": "Continental",
    "name": "Superb Salt Reduced Beef Stock Powder",
    "imageUrl": "https://shop.coles.com.au/wcsstore/Coles-CAS/images/5/3/8/5382006-th.jpg",
    "categories": ["winter"],
    "tags": ["soups-and-stock", "stock-powder"],
    "locations": {
      "vic": {
        "price": 2.4,
        "promoText": "$0.45 ",
        "packageSize": "120g",
        "packagePrice": "$0.20 per 10G"
      }
    }
  },
  {
    "id": "continental-instant-stock-powder-chicken-salt-reduced",
    "brand": "Continental",
    "name": "Superb Salt Reduced Chicken Stock Powder",
    "imageUrl": "https://shop.coles.com.au/wcsstore/Coles-CAS/images/5/3/8/5387247-th.jpg",
    "categories": ["winter"],
    "tags": ["soups-and-stock", "stock-powder"],
    "locations": {
      "vic": {
        "price": 2.4,
        "promoText": " ",
        "packageSize": "120g",
        "packagePrice": "$0.20 per 10G"
      }
    }
  },
  {
    "id": "massel-stock-powder-chicken",
    "brand": "Massel",
    "name": "Chicken Stock Powder",
    "imageUrl": "https://shop.coles.com.au/wcsstore/Coles-CAS/images/4/2/9/4298593-th.jpg",
    "categories": ["winter"],
    "tags": ["soups-and-stock", "stock-powder"],
    "locations": {
      "vic": {
        "price": 2.4,
        "promoText": "$0.60 ",
        "packageSize": "168g",
        "packagePrice": "$0.14 per 10G"
      }
    }
  },
  {
    "id": "massel-stock-powder-vegetable",
    "brand": "Massel",
    "name": "Vegetable Stock Powder",
    "imageUrl": "https://shop.coles.com.au/wcsstore/Coles-CAS/images/4/2/9/4298607-th.jpg",
    "categories": ["winter"],
    "tags": ["soups-and-stock", "stock-powder"],
    "locations": {
      "vic": {
        "price": 2.4,
        "promoText": "$0.60 ",
        "packageSize": "168g",
        "packagePrice": "$0.14 per 10G"
      }
    }
  },
  {
    "id": "massel-salt-reduced-stock-powder-chicken-style",
    "brand": "Massel",
    "name": "Salt Reduced Chicken Style Stock Powder",
    "imageUrl": "https://shop.coles.com.au/wcsstore/Coles-CAS/images/9/0/2/9026499-th.jpg",
    "categories": ["winter"],
    "tags": ["soups-and-stock", "stock-powder"],
    "locations": {
      "vic": {
        "price": 2.4,
        "promoText": "$0.60 ",
        "packageSize": "140g",
        "packagePrice": "$0.17 per 10G"
      }
    }
  },
  {
    "id": "massel-stock-powder-beef",
    "brand": "Massel",
    "name": "Beef Stock Powder",
    "imageUrl": "https://shop.coles.com.au/wcsstore/Coles-CAS/images/4/2/9/4298582-th.jpg",
    "categories": ["winter"],
    "tags": ["soups-and-stock", "stock-powder"],
    "locations": {
      "vic": {
        "price": 2.4,
        "promoText": "$0.60 ",
        "packageSize": "168g",
        "packagePrice": "$0.14 per 10G"
      }
    }
  },
  {
    "id": "podravka-vegeta-stock-powder-gourmet",
    "brand": "Vegeta",
    "name": "Gluten Free Real Gourmet Stock Powder Canned",
    "imageUrl": "https://shop.coles.com.au/wcsstore/Coles-CAS/images/1/3/4/134110-th.jpg",
    "categories": ["winter"],
    "tags": ["soups-and-stock", "stock-powder"],
    "locations": {
      "vic": {
        "price": 3.7,
        "promoText": " ",
        "packageSize": "250g",
        "packagePrice": "$1.48 per 100G"
      }
    }
  },
  {
    "id": "podravka-vegeta-stock-gourmet-5728508p",
    "brand": "Vegeta",
    "name": "Real Gourmet Stock",
    "imageUrl": "https://shop.coles.com.au/wcsstore/Coles-CAS/images/5/7/2/5728508-th.jpg",
    "categories": ["winter"],
    "tags": ["soups-and-stock", "stock-powder"],
    "locations": {
      "vic": {
        "price": 5.7,
        "promoText": "Was $6.40 on Jun 2019 ",
        "packageSize": "500g",
        "packagePrice": "$1.14 per 100G"
      }
    }
  },
  {
    "id": "podravka-vegeta-chicken-stock",
    "brand": "Vegeta",
    "name": "Gluten Free Real Chicken Stock Powder Canned",
    "imageUrl": "https://shop.coles.com.au/wcsstore/Coles-CAS/images/8/4/9/8496985-th.jpg",
    "categories": ["winter"],
    "tags": ["soups-and-stock", "stock-powder"],
    "locations": {
      "vic": {
        "price": 3.7,
        "promoText": " ",
        "packageSize": "200g",
        "packagePrice": "$1.85 per 100G"
      }
    }
  },
  {
    "id": "podravka-vegeta-beef-stock",
    "brand": "Vegeta",
    "name": "Gluten Free Real Beef Stock Powder Canned",
    "imageUrl": "https://shop.coles.com.au/wcsstore/Coles-CAS/images/2/3/7/2379264-th.jpg",
    "categories": ["winter"],
    "tags": ["soups-and-stock", "stock-powder"],
    "locations": {
      "vic": {
        "price": 3.7,
        "promoText": " ",
        "packageSize": "180g",
        "packagePrice": "$2.06 per 100G"
      }
    }
  },
  {
    "id": "continental-stock-pot-chicken",
    "brand": "Continental",
    "name": "Chicken Stock Pot",
    "imageUrl": "https://shop.coles.com.au/wcsstore/Coles-CAS/images/8/3/9/8392935-th.jpg",
    "categories": ["winter"],
    "tags": ["soups-and-stock", "liquid-stocks"],
    "locations": {
      "vic": {
        "price": 3.5,
        "promoText": " ",
        "packageSize": "112g",
        "packagePrice": "$3.13 per 100G"
      }
    }
  },
  {
    "id": "continental-stock-pot-beef",
    "brand": "Continental",
    "name": "Beef Stock Pot",
    "imageUrl": "https://shop.coles.com.au/wcsstore/Coles-CAS/images/8/3/9/8392913-th.jpg",
    "categories": ["winter"],
    "tags": ["soups-and-stock", "liquid-stocks"],
    "locations": {
      "vic": {
        "price": 3.5,
        "promoText": " ",
        "packageSize": "112g",
        "packagePrice": "$3.13 per 100G"
      }
    }
  },
  {
    "id": "coles-rr-9x7-beef-lean-mince-3449773p",
    "brand": "Coles",
    "name": "Lean Beef Mince",
    "imageUrl": "https://shop.coles.com.au/wcsstore/Coles-CAS/images/3/4/4/3449773-th.jpg",
    "categories": ["winter"],
    "tags": ["soups-and-stock", "liquid-stocks"],
    "locations": {
      "vic": {
        "price": 11,
        "promoText": " ",
        "packageSize": "800g",
        "packagePrice": "$1.38 per 100G"
      }
    }
  },
  {
    "id": "continental-stock-pot-vegetable",
    "brand": "Continental",
    "name": "Vegetable Stock Pot",
    "imageUrl": "https://shop.coles.com.au/wcsstore/Coles-CAS/images/8/3/9/8392946-th.jpg",
    "categories": ["winter"],
    "tags": ["soups-and-stock", "liquid-stocks"],
    "locations": {
      "vic": {
        "price": 3.5,
        "promoText": " ",
        "packageSize": "112g",
        "packagePrice": "$3.13 per 100G"
      }
    }
  },
  {
    "id": "campbells-real-stock-chicken",
    "brand": "Campbell's",
    "name": "Real Chicken Stock",
    "imageUrl": "https://shop.coles.com.au/wcsstore/Coles-CAS/images/8/1/5/8157935-th.jpg",
    "categories": ["winter"],
    "tags": ["soups-and-stock", "liquid-stocks"],
    "locations": {
      "vic": {
        "price": 2,
        "promoText": "$2.00 ",
        "packageSize": "1L",
        "packagePrice": "$0.20 per 100mL"
      }
    }
  },
  {
    "id": "campbells-stock-real-chicken-salt-reduced-8837306p",
    "brand": "Campbell's",
    "name": "Real Salt Reduced Chicken Stock",
    "imageUrl": "https://shop.coles.com.au/wcsstore/Coles-CAS/images/8/8/3/8837306-th.jpg",
    "categories": ["winter"],
    "tags": ["soups-and-stock", "liquid-stocks"],
    "locations": {
      "vic": {
        "price": 2,
        "promoText": "$2.00 ",
        "packageSize": "1L",
        "packagePrice": "$2.00 per 1L"
      }
    }
  },
  {
    "id": "campbells-real-stock-vegetable",
    "brand": "Campbell's",
    "name": "Real Vegetable Stock",
    "imageUrl": "https://shop.coles.com.au/wcsstore/Coles-CAS/images/8/0/5/8053838-th.jpg",
    "categories": ["winter"],
    "tags": ["soups-and-stock", "liquid-stocks"],
    "locations": {
      "vic": {
        "price": 2,
        "promoText": "$2.00 ",
        "packageSize": "1L",
        "packagePrice": "$0.20 per 100mL"
      }
    }
  },
  {
    "id": "campbells-real-stock-beef",
    "brand": "Campbell's",
    "name": "Real Beef Stock",
    "imageUrl": "https://shop.coles.com.au/wcsstore/Coles-CAS/images/8/0/5/8055800-th.jpg",
    "categories": ["winter"],
    "tags": ["soups-and-stock", "liquid-stocks"],
    "locations": {
      "vic": {
        "price": 2,
        "promoText": "$2.00 ",
        "packageSize": "1L",
        "packagePrice": "$0.20 per 100mL"
      }
    }
  },
  {
    "id": "campbells-stock-real-vegetable-salt-reduced",
    "brand": "Campbell's",
    "name": "Real Salt Reduced Vegetable Stock",
    "imageUrl": "https://shop.coles.com.au/wcsstore/Coles-CAS/images/9/2/0/9209229-th.jpg",
    "categories": ["winter"],
    "tags": ["soups-and-stock", "liquid-stocks"],
    "locations": {
      "vic": {
        "price": 2,
        "promoText": "$2.00 ",
        "packageSize": "1L",
        "packagePrice": "$0.20 per 100mL"
      }
    }
  },
  {
    "id": "campbells-stock-real-beef-salt-reduced",
    "brand": "Campbell's",
    "name": "Real Salt Reduced Beef  Stock",
    "imageUrl": "https://shop.coles.com.au/wcsstore/Coles-CAS/images/9/2/0/9209230-th.jpg",
    "categories": ["winter"],
    "tags": ["soups-and-stock", "liquid-stocks"],
    "locations": {
      "vic": {
        "price": 2,
        "promoText": "$2.00 ",
        "packageSize": "1L",
        "packagePrice": "$0.20 per 100mL"
      }
    }
  },
  {
    "id": "campbells-real-stock-vegetable-7198416p",
    "brand": "Campbell's",
    "name": "Real Vegetable Stock",
    "imageUrl": "https://shop.coles.com.au/wcsstore/Coles-CAS/images/7/1/9/7198416-th.jpg",
    "categories": ["winter"],
    "tags": ["soups-and-stock", "liquid-stocks"],
    "locations": {
      "vic": {
        "price": 2.3,
        "promoText": " ",
        "packageSize": "500mL",
        "packagePrice": "$0.46 per 100mL"
      }
    }
  },
  {
    "id": "campbells-stock-real-chicken-salt-reduced",
    "brand": "Campbell's",
    "name": "Real Salt Reduced  Chicken  Stock",
    "imageUrl": "https://shop.coles.com.au/wcsstore/Coles-CAS/images/8/8/5/8851078-th.jpg",
    "categories": ["winter"],
    "tags": ["soups-and-stock", "liquid-stocks"],
    "locations": {
      "vic": {
        "price": 2.3,
        "promoText": " ",
        "packageSize": "500mL",
        "packagePrice": "$0.46 per 100mL"
      }
    }
  },
  {
    "id": "massel-liquid-stock-chicken-gourmet-plus",
    "brand": "Massel",
    "name": "Chicken Style Stock",
    "imageUrl": "https://shop.coles.com.au/wcsstore/Coles-CAS/images/4/4/5/4455465-th.jpg",
    "categories": ["winter"],
    "tags": ["soups-and-stock", "liquid-stocks"],
    "locations": {
      "vic": {
        "price": 3,
        "promoText": "Was $3.80 on Dec 2017 ",
        "packageSize": "1L",
        "packagePrice": "$0.30 per 100mL"
      }
    }
  },
  {
    "id": "coles-stock-liquid-real-chicken",
    "brand": "Coles",
    "name": "Real Chicken Stock",
    "imageUrl": "https://shop.coles.com.au/wcsstore/Coles-CAS/images/7/1/5/7152073-th.jpg",
    "categories": ["winter"],
    "tags": ["soups-and-stock", "liquid-stocks"],
    "locations": {
      "vic": {
        "price": 1.9,
        "promoText": " ",
        "packageSize": "1L",
        "packagePrice": "$0.19 per 100mL"
      }
    }
  },
  {
    "id": "massel-salt-reduced-liquid-stock-chicken-style",
    "brand": "Massel",
    "name": "Salt Reduced Chicken Style Stock",
    "imageUrl": "https://shop.coles.com.au/wcsstore/Coles-CAS/images/5/0/0/5000303-th.jpg",
    "categories": ["winter"],
    "tags": ["soups-and-stock", "liquid-stocks"],
    "locations": {
      "vic": {
        "price": 3,
        "promoText": "Was $3.80 on Dec 2017 ",
        "packageSize": "1L",
        "packagePrice": "$0.30 per 100mL"
      }
    }
  },
  {
    "id": "campbells-real-stock-chicken-6149845p",
    "brand": "Campbell's",
    "name": "Real Chicken Stock",
    "imageUrl": "https://shop.coles.com.au/wcsstore/Coles-CAS/images/6/1/4/6149845-th.jpg",
    "categories": ["winter"],
    "tags": ["soups-and-stock", "liquid-stocks"],
    "locations": {
      "vic": {
        "price": 2.3,
        "promoText": " ",
        "packageSize": "500mL",
        "packagePrice": "$0.46 per 100mL"
      }
    }
  },
  {
    "id": "cambells-bone-broth-free-range-chicken",
    "brand": "Campbell's",
    "name": "Bone Broth From Free Range Chicken",
    "imageUrl": "https://shop.coles.com.au/wcsstore/Coles-CAS/images/3/2/2/3224751-th.jpg",
    "categories": ["winter"],
    "tags": ["soups-and-stock", "liquid-stocks"],
    "locations": {
      "vic": {
        "price": 7,
        "promoText": " ",
        "packageSize": "500mL",
        "packagePrice": "$1.40 per 100mL"
      }
    }
  },
  {
    "id": "massel--liquid-stock-vegetable-gourmet-plus",
    "brand": "Massel",
    "name": "Vegetable Stock",
    "imageUrl": "https://shop.coles.com.au/wcsstore/Coles-CAS/images/4/4/5/4455476-th.jpg",
    "categories": ["winter"],
    "tags": ["soups-and-stock", "liquid-stocks"],
    "locations": {
      "vic": {
        "price": 3,
        "promoText": "Was $3.80 on Dec 2017 ",
        "packageSize": "1L",
        "packagePrice": "$0.30 per 100mL"
      }
    }
  },
  {
    "id": "campbells-stock-real-chicken",
    "brand": "Campbell's",
    "name": "Real Chicken Stock",
    "imageUrl": "https://shop.coles.com.au/wcsstore/Coles-CAS/images/1/1/9/1190150-th.jpg",
    "categories": ["winter"],
    "tags": ["soups-and-stock", "liquid-stocks"],
    "locations": {
      "vic": {
        "price": 1.65,
        "promoText": " ",
        "packageSize": "250mL",
        "packagePrice": "$0.66 per 100mL"
      }
    }
  },
  {
    "id": "campbells-stock-real-beef-6149743p",
    "brand": "Campbell's",
    "name": "Real Beef Stock",
    "imageUrl": "https://shop.coles.com.au/wcsstore/Coles-CAS/images/6/1/4/6149743-th.jpg",
    "categories": ["winter"],
    "tags": ["soups-and-stock", "liquid-stocks"],
    "locations": {
      "vic": {
        "price": 2.3,
        "promoText": " ",
        "packageSize": "500mL",
        "packagePrice": "$0.46 per 100mL"
      }
    }
  },
  {
    "id": "coles-liquid-stock-chicken-pho",
    "brand": "Coles",
    "name": "Vietnamese Inspired Chicken Pho Liquid Stock",
    "imageUrl": "https://shop.coles.com.au/wcsstore/Coles-CAS/images/3/4/5/3455594-th.jpg",
    "categories": ["winter"],
    "tags": ["soups-and-stock", "liquid-stocks"],
    "locations": {
      "vic": {
        "price": 3,
        "promoText": " ",
        "packageSize": "1L",
        "packagePrice": "$0.30 per 100mL"
      }
    }
  },
  {
    "id": "bovril-vegetable-extract",
    "brand": "Bovril",
    "name": "Vegetable Extract",
    "imageUrl": "https://shop.coles.com.au/wcsstore/Coles-CAS/images/9/5/0/9506042-th.jpg",
    "categories": ["winter"],
    "tags": ["soups-and-stock", "liquid-stocks"],
    "locations": {
      "vic": {
        "price": 6,
        "promoText": " ",
        "packageSize": "125g",
        "packagePrice": "$4.80 per 100G"
      }
    }
  },
  {
    "id": "campbells-stock-real-beef",
    "brand": "Campbell's",
    "name": "Real Beef Stock",
    "imageUrl": "https://shop.coles.com.au/wcsstore/Coles-CAS/images/1/1/9/1190149-th.jpg",
    "categories": ["winter"],
    "tags": ["soups-and-stock", "liquid-stocks"],
    "locations": {
      "vic": {
        "price": 1.65,
        "promoText": " ",
        "packageSize": "250mL",
        "packagePrice": "$0.66 per 100mL"
      }
    }
  },
  {
    "id": "campbells-real-stock-thai",
    "brand": "Campbell's",
    "name": "Real Stock Thai Base Soup",
    "imageUrl": "https://shop.coles.com.au/wcsstore/Coles-CAS/images/3/4/3/3434255-th.jpg",
    "categories": ["winter"],
    "tags": ["soups-and-stock", "liquid-stocks"],
    "locations": {
      "vic": {
        "price": 2,
        "promoText": "$2.00 ",
        "packageSize": "1L",
        "packagePrice": "$2.00 per 1L"
      }
    }
  },
  {
    "id": "campbells-bone-broth-grass-fed-beef",
    "brand": "Campbell's",
    "name": "Bone Broth From Grass Fed Beef",
    "imageUrl": "https://shop.coles.com.au/wcsstore/Coles-CAS/images/3/2/2/3224740-th.jpg",
    "categories": ["winter"],
    "tags": ["soups-and-stock", "liquid-stocks"],
    "locations": {
      "vic": {
        "price": 7,
        "promoText": " ",
        "packageSize": "500mL",
        "packagePrice": "$1.40 per 100mL"
      }
    }
  },
  {
    "id": "coles-brand-stock-liquid-real-vegetable",
    "brand": "Coles",
    "name": "Real Vegetable Stock",
    "imageUrl": "https://shop.coles.com.au/wcsstore/Coles-CAS/images/7/1/5/7152084-th.jpg",
    "categories": ["winter"],
    "tags": ["soups-and-stock", "liquid-stocks"],
    "locations": {
      "vic": {
        "price": 1.9,
        "promoText": " ",
        "packageSize": "1L",
        "packagePrice": "$0.19 per 100mL"
      }
    }
  },
  {
    "id": "coles-vegan-style-chicken-stock",
    "brand": "Coles",
    "name": "Vegan Chicken Style Stock",
    "imageUrl": "https://shop.coles.com.au/wcsstore/Coles-CAS/images/3/4/5/3455481-th.jpg",
    "categories": ["winter"],
    "tags": ["soups-and-stock", "liquid-stocks"],
    "locations": {
      "vic": {
        "price": 1.9,
        "promoText": " ",
        "packageSize": "1L",
        "packagePrice": "$0.19 per 100mL"
      }
    }
  },
  {
    "id": "coles-liquid-stock-chicken-ramen",
    "brand": "Coles",
    "name": "Japanese Inspired Chicken Ramen Liquid Stock",
    "imageUrl": "https://shop.coles.com.au/wcsstore/Coles-CAS/images/3/4/5/3455572-th.jpg",
    "categories": ["winter"],
    "tags": ["soups-and-stock", "liquid-stocks"],
    "locations": {
      "vic": {
        "price": 3,
        "promoText": " ",
        "packageSize": "1L",
        "packagePrice": "$0.30 per 100mL"
      }
    }
  },
  {
    "id": "massel-stock-beef-gourmet-liquid",
    "brand": "Massel",
    "name": "Beef Style Liquid Stock",
    "imageUrl": "https://shop.coles.com.au/wcsstore/Coles-CAS/images/6/2/7/6275952-th.jpg",
    "categories": ["winter"],
    "tags": ["soups-and-stock", "liquid-stocks"],
    "locations": {
      "vic": {
        "price": 3,
        "promoText": "Was $3.80 on Dec 2017 ",
        "packageSize": "1L",
        "packagePrice": "$3.00 per 1L"
      }
    }
  },
  {
    "id": "momos-meals-free-range-chicken-stock",
    "brand": "Momos Meals",
    "name": "Free Range Chicken Stock",
    "imageUrl": "https://shop.coles.com.au/wcsstore/Coles-CAS/images/1/8/1/1814200-th.jpg",
    "categories": ["winter"],
    "tags": ["soups-and-stock", "liquid-stocks"],
    "locations": {
      "vic": {
        "price": 6.25,
        "promoText": " ",
        "packageSize": "500mL",
        "packagePrice": "$1.25 per 100mL"
      }
    }
  },
  {
    "id": "momos-meals-free-range-beef-stock",
    "brand": "Momo's Meals",
    "name": "Free Range Beef Stock",
    "imageUrl": "https://shop.coles.com.au/wcsstore/Coles-CAS/images/1/8/1/1814197-th.jpg",
    "categories": ["winter"],
    "tags": ["soups-and-stock", "liquid-stocks"],
    "locations": {
      "vic": {
        "price": 6.25,
        "promoText": " ",
        "packageSize": "500mL",
        "packagePrice": "$1.25 per 100mL"
      }
    }
  },
  {
    "id": "campbells-stock-real-fish",
    "brand": "Campbell's",
    "name": "Real Fish Stock",
    "imageUrl": "https://shop.coles.com.au/wcsstore/Coles-CAS/images/1/1/9/1190182-th.jpg",
    "categories": ["winter"],
    "tags": ["soups-and-stock", "liquid-stocks"],
    "locations": {
      "vic": {
        "price": 2.3,
        "promoText": " ",
        "packageSize": "500mL",
        "packagePrice": "$0.46 per 100mL"
      }
    }
  },
  {
    "id": "coles-brand-stock-liquid-real-beef",
    "brand": "Coles",
    "name": "Real Beef Stock",
    "imageUrl": "https://shop.coles.com.au/wcsstore/Coles-CAS/images/7/1/5/7152062-th.jpg",
    "categories": ["winter"],
    "tags": ["soups-and-stock", "liquid-stocks"],
    "locations": {
      "vic": {
        "price": 1.9,
        "promoText": " ",
        "packageSize": "1L",
        "packagePrice": "$1.90 per 1L"
      }
    }
  },
  {
    "id": "coles-real-chicken-salt-reduced-liquid-stock",
    "brand": "Coles",
    "name": "Real Chicken Salt Reduced Liquid Stock",
    "imageUrl": "https://shop.coles.com.au/wcsstore/Coles-CAS/images/8/5/8/8588336-th.jpg",
    "categories": ["winter"],
    "tags": ["soups-and-stock", "liquid-stocks"],
    "locations": {
      "vic": {
        "price": 1.9,
        "promoText": " ",
        "packageSize": "1L",
        "packagePrice": "$0.19 per 100mL"
      }
    }
  },
  {
    "id": "coles-liquid-stock-mushroom-and-miso",
    "brand": "Coles",
    "name": "Japanese Inspired Mushroom & Miso Liquid Stock",
    "imageUrl": "https://shop.coles.com.au/wcsstore/Coles-CAS/images/3/4/5/3455583-th.jpg",
    "categories": ["winter"],
    "tags": ["soups-and-stock", "liquid-stocks"],
    "locations": {
      "vic": {
        "price": 3,
        "promoText": " ",
        "packageSize": "1L",
        "packagePrice": "$0.30 per 100mL"
      }
    }
  },
  {
    "id": "kraft-bonox",
    "brand": "Bonox",
    "name": "Concentrated Beef Stock",
    "imageUrl": "https://shop.coles.com.au/wcsstore/Coles-CAS/images/1/1/5/115909-th.jpg",
    "categories": ["winter"],
    "tags": ["soups-and-stock", "liquid-stocks"],
    "locations": {
      "vic": {
        "price": 5.2,
        "promoText": " ",
        "packageSize": "230g",
        "packagePrice": "$2.26 per 100G"
      }
    }
  },
  {
    "id": "campbells-chinese-dumpling-stock",
    "brand": "Campbells",
    "name": "Chinese Dumpling Stock",
    "imageUrl": "https://shop.coles.com.au/wcsstore/Coles-CAS/images/3/7/2/3729500-th.jpg",
    "categories": ["winter"],
    "tags": ["soups-and-stock", "liquid-stocks"],
    "locations": {
      "vic": {
        "price": 2,
        "promoText": "$2.00 ",
        "packageSize": "1L",
        "packagePrice": "$2.00 per 1L"
      }
    }
  },
  {
    "id": "simple-moisturiser-light",
    "brand": "Simple",
    "name": "Light Moisturiser",
    "imageUrl": "https://shop.coles.com.au/wcsstore/Coles-CAS/images/4/9/2/4920882-th.jpg",
    "categories": ["winter"],
    "tags": ["personal-care", "moisturisers"],
    "locations": {
      "vic": {
        "price": 10.5,
        "promoText": " ",
        "packageSize": "125mL",
        "packagePrice": "$8.40 per 100mL"
      }
    }
  },
  {
    "id": "olay-regenerist-micro-sculpting-night-cream",
    "brand": "Olay",
    "name": "Regenerist Micro-Sculpting Night Face Cream Moisturiser",
    "imageUrl": "https://shop.coles.com.au/wcsstore/Coles-CAS/images/1/6/5/1651354-th.jpg",
    "categories": ["winter"],
    "tags": ["personal-care", "moisturisers"],
    "locations": {
      "vic": {
        "price": 49,
        "promoText": " ",
        "packageSize": "50g",
        "packagePrice": "$98.00 per 100G"
      }
    }
  },
  {
    "id": "olay-total-effects-normal-spf-15",
    "brand": "Olay",
    "name": "Total Effects 7 In One Normal Day Face Cream SPF 15",
    "imageUrl": "https://shop.coles.com.au/wcsstore/Coles-CAS/images/5/9/9/5998138-th.jpg",
    "categories": ["winter"],
    "tags": ["personal-care", "moisturisers"],
    "locations": {
      "vic": {
        "price": 33.5,
        "promoText": " ",
        "packageSize": "50g",
        "packagePrice": "$67.00 per 100G"
      }
    }
  },
  {
    "id": "olay-complete-moisturising-lotion-uv-protection-spf15-sensitive",
    "brand": "Olay",
    "name": "Complete UV Protection Sensitive Moisturiser Lotion SPF 15+",
    "imageUrl": "https://shop.coles.com.au/wcsstore/Coles-CAS/images/5/2/9/5293529-th.jpg",
    "categories": ["winter"],
    "tags": ["personal-care", "moisturisers"],
    "locations": {
      "vic": {
        "price": 15.4,
        "promoText": " ",
        "packageSize": "150mL",
        "packagePrice": "$10.27 per 100mL"
      }
    }
  },
  {
    "id": "nivea-soft-intensive-moisturising-creme",
    "brand": "Nivea",
    "name": "Soft Cream Lotion Moisturiser  + Jojoba Oil & Vitamin E",
    "imageUrl": "https://shop.coles.com.au/wcsstore/Coles-CAS/images/6/0/8/6086596-th.jpg",
    "categories": ["winter"],
    "tags": ["personal-care", "moisturisers"],
    "locations": {
      "vic": {
        "price": 5,
        "promoText": "$5.00 ",
        "packageSize": "200mL",
        "packagePrice": "$2.50 per 100mL"
      }
    }
  },
  {
    "id": "nivea-visage-fluid-moisturiser-spf15",
    "brand": "Nivea",
    "name": "Moisturising Day Face Cream Fluid Spf15",
    "imageUrl": "https://shop.coles.com.au/wcsstore/Coles-CAS/images/5/1/4/5143435-th.jpg",
    "categories": ["winter"],
    "tags": ["personal-care", "moisturisers"],
    "locations": {
      "vic": {
        "price": 5.35,
        "promoText": "$2.30 ",
        "packageSize": "50mL",
        "packagePrice": "$10.70 per 100mL"
      }
    }
  },
  {
    "id": "sukin-facial-moisturiser-pump",
    "brand": "Sukin",
    "name": "Facial Moisturiser Pump",
    "imageUrl": "https://shop.coles.com.au/wcsstore/Coles-CAS/images/2/9/9/2994458-th.jpg",
    "categories": ["winter"],
    "tags": ["personal-care", "moisturisers"],
    "locations": {
      "vic": {
        "price": 13,
        "promoText": " ",
        "packageSize": "125mL",
        "packagePrice": "$10.40 per 100mL"
      }
    }
  },
  {
    "id": "garnier-bb-cream-sheer",
    "brand": "Garnier",
    "name": "BB Cream Nude Effect Universal Shade",
    "imageUrl": "https://shop.coles.com.au/wcsstore/Coles-CAS/images/2/8/5/2859510-th.jpg",
    "categories": ["winter"],
    "tags": ["personal-care", "moisturisers"],
    "locations": {
      "vic": {
        "price": 7.45,
        "promoText": "$7.45 ",
        "packageSize": "50mL",
        "packagePrice": "$14.90 per 100mL"
      }
    }
  },
  {
    "id": "olay-face-cream-base-normal",
    "brand": "Olay",
    "name": "Moisturising Cream",
    "imageUrl": "https://shop.coles.com.au/wcsstore/Coles-CAS/images/6/9/6/69696-th.jpg",
    "categories": ["winter"],
    "tags": ["personal-care", "moisturisers"],
    "locations": {
      "vic": {
        "price": 13,
        "promoText": " ",
        "packageSize": "100g",
        "packagePrice": "$13.00 per 100G"
      }
    }
  },
  {
    "id": "olay-face-lotion-moisturising-hydrating-normal",
    "brand": "Olay",
    "name": "Moisturising Lotion",
    "imageUrl": "https://shop.coles.com.au/wcsstore/Coles-CAS/images/1/4/8/148850-th.jpg",
    "categories": ["winter"],
    "tags": ["personal-care", "moisturisers"],
    "locations": {
      "vic": {
        "price": 13,
        "promoText": " ",
        "packageSize": "150mL",
        "packagePrice": "$8.67 per 100mL"
      }
    }
  },
  {
    "id": "rosehip-by-essano-rejuvenating-facial-moisturiser",
    "brand": "Essano",
    "name": "Rosehip Facial Moisturiser",
    "imageUrl": "https://shop.coles.com.au/wcsstore/Coles-CAS/images/1/9/5/1955359-th.jpg",
    "categories": ["winter"],
    "tags": ["personal-care", "moisturisers"],
    "locations": {
      "vic": {
        "price": 14,
        "promoText": "$6.00 ",
        "packageSize": "140mL",
        "packagePrice": "$10.00 per 100mL"
      }
    }
  },
  {
    "id": "garnier-miracle-skin-perfector-cream-medium",
    "brand": "Garnier",
    "name": "BB Cream Medium For Normal Skin",
    "imageUrl": "https://shop.coles.com.au/wcsstore/Coles-CAS/images/8/5/7/8573066-th.jpg",
    "categories": ["winter"],
    "tags": ["personal-care", "moisturisers"],
    "locations": {
      "vic": {
        "price": 7.85,
        "promoText": "$7.85 ",
        "packageSize": "50mL",
        "packagePrice": "$15.70 per 100mL"
      }
    }
  },
  {
    "id": "nivea-visage-daily-night-cream-dry-sensitive-skin",
    "brand": "Nivea",
    "name": "Daily Essentials Rich Regenerating Night Cream Face Moisturiser + Shea Butter for Dry Skin",
    "imageUrl": "https://shop.coles.com.au/wcsstore/Coles-CAS/images/8/5/8/8581982-th.jpg",
    "categories": ["winter"],
    "tags": ["personal-care", "moisturisers"],
    "locations": {
      "vic": {
        "price": 9.35,
        "promoText": "$4.05 ",
        "packageSize": "50mL",
        "packagePrice": "$18.70 per 100mL"
      }
    }
  },
  {
    "id": "nivea-soft-intensive-moisturising-creme-114451p",
    "brand": "Nivea",
    "name": "Soft Cream Lotion Moisturiser + Jojoba Oil & Vitamin E",
    "imageUrl": "https://shop.coles.com.au/wcsstore/Coles-CAS/images/1/1/4/114451-th.jpg",
    "categories": ["winter"],
    "tags": ["personal-care", "moisturisers"],
    "locations": {
      "vic": {
        "price": 3.75,
        "promoText": "$1.65 ",
        "packageSize": "75mL",
        "packagePrice": "$5.00 per 100mL"
      }
    }
  },
  {
    "id": "olay-complete-face-lotion-uv-dry-skin",
    "brand": "Olay",
    "name": "Complete UV Protection Normal To Dry Skin Moisturiser Lotion SPF 15+",
    "imageUrl": "https://shop.coles.com.au/wcsstore/Coles-CAS/images/5/2/9/5293540-th.jpg",
    "categories": ["winter"],
    "tags": ["personal-care", "moisturisers"],
    "locations": {
      "vic": {
        "price": 15.4,
        "promoText": " ",
        "packageSize": "150mL",
        "packagePrice": "$10.27 per 100mL"
      }
    }
  },
  {
    "id": "sukin-hydration-hyd-night-cream-60ml",
    "brand": "Sukin",
    "name": "Hydration Hydrafusion Night Cream 60ml",
    "imageUrl": "https://shop.coles.com.au/wcsstore/Coles-CAS/images/3/7/2/3728766-th.jpg",
    "categories": ["winter"],
    "tags": ["personal-care", "moisturisers"],
    "locations": {
      "vic": {
        "price": 23,
        "promoText": " ",
        "packageSize": "",
        "packagePrice": "$38.33 per 100mL"
      }
    }
  },
  {
    "id": "cca-face-dw-bb-medium-cream",
    "brand": "Cancer Council",
    "name": "Face day Wear BB Cream Matte Cream",
    "imageUrl": "https://shop.coles.com.au/wcsstore/Coles-CAS/images/3/2/4/3248385-th.jpg",
    "categories": ["winter"],
    "tags": ["personal-care", "moisturisers"],
    "locations": {
      "vic": {
        "price": 15,
        "promoText": " ",
        "packageSize": "50mL",
        "packagePrice": "$30.00 per 100mL"
      }
    }
  },
  {
    "id": "garnier-miracle-skin-perfector-cream-light",
    "brand": "Garnier",
    "name": "BB Cream Original Light",
    "imageUrl": "https://shop.coles.com.au/wcsstore/Coles-CAS/images/8/5/7/8573088-th.jpg",
    "categories": ["winter"],
    "tags": ["personal-care", "moisturisers"],
    "locations": {
      "vic": {
        "price": 7.87,
        "promoText": "$7.88 ",
        "packageSize": "50mL",
        "packagePrice": "$15.74 per 100mL"
      }
    }
  },
  {
    "id": "loreal-age-perfect-cream-intense-nutr-day",
    "brand": "L'Oreal",
    "name": "Paris Intense Nutrition Day Cream",
    "imageUrl": "https://shop.coles.com.au/wcsstore/Coles-CAS/images/8/5/7/8571887-th.jpg",
    "categories": ["winter"],
    "tags": ["personal-care", "moisturisers"],
    "locations": {
      "vic": {
        "price": 24.5,
        "promoText": "$10.50 ",
        "packageSize": "50mL",
        "packagePrice": "$49.00 per 100mL"
      }
    }
  },
  {
    "id": "loreal-revitalift-cream-anti-wrinkle-night",
    "brand": "L'Oreal",
    "name": "Paris Revitalift Night Cream",
    "imageUrl": "https://shop.coles.com.au/wcsstore/Coles-CAS/images/7/2/3/7231985-th.jpg",
    "categories": ["winter"],
    "tags": ["personal-care", "moisturisers"],
    "locations": {
      "vic": {
        "price": 23,
        "promoText": "$9.90 ",
        "packageSize": "50mL",
        "packagePrice": "$46.00 per 100mL"
      }
    }
  },
  {
    "id": "loreal-revitalift-day-cream",
    "brand": "L'Oreal",
    "name": "Revitalift Day Cream",
    "imageUrl": "https://shop.coles.com.au/wcsstore/Coles-CAS/images/6/0/8/6089030-th.jpg",
    "categories": ["winter"],
    "tags": ["personal-care", "moisturisers"],
    "locations": {
      "vic": {
        "price": 23,
        "promoText": "$9.90 ",
        "packageSize": "50mL",
        "packagePrice": "$46.00 per 100mL"
      }
    }
  },
  {
    "id": "loreal-revitalift-laser-renew-moisturiser-1161435p",
    "brand": "L'Oreal",
    "name": "Revitalift Laser Antiaging Day Moisturiser",
    "imageUrl": "https://shop.coles.com.au/wcsstore/Coles-CAS/images/1/1/6/1161435-th.jpg",
    "categories": ["winter"],
    "tags": ["personal-care", "moisturisers"],
    "locations": {
      "vic": {
        "price": 31.5,
        "promoText": "$13.50 ",
        "packageSize": "50mL",
        "packagePrice": "$63.00 per 100mL"
      }
    }
  },
  {
    "id": "loreal-revitalift-moisturiser-spf-15-1982260p",
    "brand": "L'Oreal",
    "name": "Revitalift Moisturiser SPF 15+",
    "imageUrl": "https://shop.coles.com.au/wcsstore/Coles-CAS/images/1/9/8/1982260-th.jpg",
    "categories": ["winter"],
    "tags": ["personal-care", "moisturisers"],
    "locations": {
      "vic": {
        "price": 23,
        "promoText": "$9.90 ",
        "packageSize": "50mL",
        "packagePrice": "$46.00 per 100mL"
      }
    }
  },
  {
    "id": "loreal-revitalist-filler-day-cream",
    "brand": "L'Oreal",
    "name": "Revitalift Filler Day Cream",
    "imageUrl": "https://shop.coles.com.au/wcsstore/Coles-CAS/images/2/4/2/2428541-th.jpg",
    "categories": ["winter"],
    "tags": ["personal-care", "moisturisers"],
    "locations": {
      "vic": {
        "price": 31.5,
        "promoText": "$13.50 ",
        "packageSize": "50mL",
        "packagePrice": "$63.00 per 100mL"
      }
    }
  },
  {
    "id": "loreal--revitalift-laser-x3-night-cream",
    "brand": "L'Oreal",
    "name": "Revitalift Laser X3 Night Cream",
    "imageUrl": "https://shop.coles.com.au/wcsstore/Coles-CAS/images/1/6/8/1685640-th.jpg",
    "categories": ["winter"],
    "tags": ["personal-care", "moisturisers"],
    "locations": {
      "vic": {
        "price": 31.5,
        "promoText": "$13.50 ",
        "packageSize": "50mL",
        "packagePrice": "$63.00 per 100mL"
      }
    }
  },
  {
    "id": "loreal-paris-revitalift-moisturiser-night-filler",
    "brand": "L'Oreal",
    "name": "Paris Revitalift Moisturiser Night Filler",
    "imageUrl": "https://shop.coles.com.au/wcsstore/Coles-CAS/images/3/2/3/3239486-th.jpg",
    "categories": ["winter"],
    "tags": ["personal-care", "moisturisers"],
    "locations": {
      "vic": {
        "price": 31.5,
        "promoText": "$13.50 ",
        "packageSize": "50mL",
        "packagePrice": "$63.00 per 100mL"
      }
    }
  },
  {
    "id": "loreal-revitalift-ginsng-glow-enrgsng-d-crm",
    "brand": "L'Oreal",
    "name": "Revitalift Ginseng Glow Energising Red Day Cream",
    "imageUrl": "https://shop.coles.com.au/wcsstore/Coles-CAS/images/3/5/5/3557889-th.jpg",
    "categories": ["winter"],
    "tags": ["personal-care", "moisturisers"],
    "locations": {
      "vic": {
        "price": 27.3,
        "promoText": "$11.70 ",
        "packageSize": "50mL",
        "packagePrice": "$54.60 per 100mL"
      }
    }
  },
  {
    "id": "neutrogena-hydroboost-night-concentrator",
    "brand": "Neutrogena",
    "name": "Hydro Boost Night Concentrator",
    "imageUrl": "https://shop.coles.com.au/wcsstore/Coles-CAS/images/2/2/0/2207360-th.jpg",
    "categories": ["winter"],
    "tags": ["personal-care", "moisturisers"],
    "locations": {
      "vic": {
        "price": 27,
        "promoText": " ",
        "packageSize": "50g",
        "packagePrice": "$54.00 per 100G"
      }
    }
  },
  {
    "id": "neutrogena-hydroboost-water-gel",
    "brand": "Neutrogena",
    "name": "Hydro Boost Water Gel",
    "imageUrl": "https://shop.coles.com.au/wcsstore/Coles-CAS/images/2/2/0/2207350-th.jpg",
    "categories": ["winter"],
    "tags": ["personal-care", "moisturisers"],
    "locations": {
      "vic": {
        "price": 27,
        "promoText": " ",
        "packageSize": "50g",
        "packagePrice": "$54.00 per 100G"
      }
    }
  },
  {
    "id": "nivea-visage-daily-night-cream-normal-combination-skin",
    "brand": "Nivea",
    "name": "Daily Essentials Night Cream Face Moisturiser + Vitamin E",
    "imageUrl": "https://shop.coles.com.au/wcsstore/Coles-CAS/images/8/5/8/8581938-th.jpg",
    "categories": ["winter"],
    "tags": ["personal-care", "moisturisers"],
    "locations": {
      "vic": {
        "price": 9.35,
        "promoText": "$4.05 ",
        "packageSize": "50mL",
        "packagePrice": "$18.70 per 100mL"
      }
    }
  },
  {
    "id": "nivea-daily-essentials-moisturiser-cream-dry-sensitive",
    "brand": "Nivea",
    "name": "Rich Day Cream Face Moisturiser + Shea Butter & SPF30",
    "imageUrl": "https://shop.coles.com.au/wcsstore/Coles-CAS/images/9/8/7/9875763-th.jpg",
    "categories": ["winter"],
    "tags": ["personal-care", "moisturisers"],
    "locations": {
      "vic": {
        "price": 9.45,
        "promoText": "$4.05 ",
        "packageSize": "50mL",
        "packagePrice": "$18.90 per 100mL"
      }
    }
  },
  {
    "id": "nivea-daily-essentials-moisturiser-cream-normal-combination",
    "brand": "Nivea",
    "name": "Daily Essentials Light Day Cream Face Moisturiser + Vitamin E & SPF30",
    "imageUrl": "https://shop.coles.com.au/wcsstore/Coles-CAS/images/9/8/7/9875774-th.jpg",
    "categories": ["winter"],
    "tags": ["personal-care", "moisturisers"],
    "locations": {
      "vic": {
        "price": 9.45,
        "promoText": "$4.05 ",
        "packageSize": "50mL",
        "packagePrice": "$18.90 per 100mL"
      }
    }
  },
  {
    "id": "nivea-creme-tin-moisturiser",
    "brand": "Nivea",
    "name": "All Purpose Cream Moisturiser for Body Face & Hands",
    "imageUrl": "https://shop.coles.com.au/wcsstore/Coles-CAS/images/2/8/5/2857934-th.jpg",
    "categories": ["winter"],
    "tags": ["personal-care", "moisturisers"],
    "locations": {
      "vic": {
        "price": 4,
        "promoText": "$4.00 ",
        "packageSize": "150mL",
        "packagePrice": "$2.67 per 100mL"
      }
    }
  },
  {
    "id": "nivea-q10-power-day-cream-mature-sfp15",
    "brand": "Nivea",
    "name": "Q10 Mature Anti-Wrinkle Day Cream Face Moisturiser + Argan Oil & SPF15",
    "imageUrl": "https://shop.coles.com.au/wcsstore/Coles-CAS/images/3/7/2/3727184-th.jpg",
    "categories": ["winter"],
    "tags": ["personal-care", "moisturisers"],
    "locations": {
      "vic": {
        "price": 15.4,
        "promoText": "$6.60 ",
        "packageSize": "50mL",
        "packagePrice": "$30.80 per 100mL"
      }
    }
  },
  {
    "id": "nivea-q10-power-night-cream-mature",
    "brand": "Nivea",
    "name": "Q10 Mature Anti-Wrinkle Night Cream Face Moisturiser + Argan Oil",
    "imageUrl": "https://shop.coles.com.au/wcsstore/Coles-CAS/images/3/7/2/3727195-th.jpg",
    "categories": ["winter"],
    "tags": ["personal-care", "moisturisers"],
    "locations": {
      "vic": {
        "price": 15.4,
        "promoText": "$6.60 ",
        "packageSize": "50mL",
        "packagePrice": "$30.80 per 100mL"
      }
    }
  },
  {
    "id": "olay-provital-revitalizing-night-cream",
    "brand": "Olay",
    "name": "Provital Revitalizing Night Cream",
    "imageUrl": "https://shop.coles.com.au/wcsstore/Coles-CAS/images/7/7/8/7782628-th.jpg",
    "categories": ["winter"],
    "tags": ["personal-care", "moisturisers"],
    "locations": {
      "vic": {
        "price": 17.5,
        "promoText": " ",
        "packageSize": "50g",
        "packagePrice": "$35.00 per 100G"
      }
    }
  },
  {
    "id": "olay-total-effects-a-touch-of-foundation-spf-15",
    "brand": "Olay",
    "name": "Total Effects 7 in One Touch of Foundation BB Crème Face Cream SPF 15",
    "imageUrl": "https://shop.coles.com.au/wcsstore/Coles-CAS/images/6/8/8/6889761-th.jpg",
    "categories": ["winter"],
    "tags": ["personal-care", "moisturisers"],
    "locations": {
      "vic": {
        "price": 33.5,
        "promoText": " ",
        "packageSize": "50g",
        "packagePrice": "$67.00 per 100G"
      }
    }
  },
  {
    "id": "olay-face-cream-for-sensitive-skin",
    "brand": "Olay",
    "name": "Sensitive Skin Moisturiser Cream",
    "imageUrl": "https://shop.coles.com.au/wcsstore/Coles-CAS/images/5/0/3/5037201-th.jpg",
    "categories": ["winter"],
    "tags": ["personal-care", "moisturisers"],
    "locations": {
      "vic": {
        "price": 13,
        "promoText": " ",
        "packageSize": "100g",
        "packagePrice": "$13.00 per 100G"
      }
    }
  },
  {
    "id": "olay-total-effects-moisturiser-normal-8944259p",
    "brand": "Olay",
    "name": "Total Effects 7 in One Normal Day Face Cream",
    "imageUrl": "https://shop.coles.com.au/wcsstore/Coles-CAS/images/8/9/4/8944259-th.jpg",
    "categories": ["winter"],
    "tags": ["personal-care", "moisturisers"],
    "locations": {
      "vic": {
        "price": 33.5,
        "promoText": " ",
        "packageSize": "50g",
        "packagePrice": "$67.00 per 100G"
      }
    }
  },
  {
    "id": "olay-total-effects-moisturiser-cream-uv-protection-9245969p",
    "brand": "Olay",
    "name": "Total Effects 7 in One UV Protection Gentle Day Face Cream SPF 15",
    "imageUrl": "https://shop.coles.com.au/wcsstore/Coles-CAS/images/9/2/4/9245969-th.jpg",
    "categories": ["winter"],
    "tags": ["personal-care", "moisturisers"],
    "locations": {
      "vic": {
        "price": 33.5,
        "promoText": " ",
        "packageSize": "50g",
        "packagePrice": "$67.00 per 100G"
      }
    }
  },
  {
    "id": "olay-whips-face-cream-regenerist",
    "brand": "Olay",
    "name": "Regenerist Whip Active Moisturiser",
    "imageUrl": "https://shop.coles.com.au/wcsstore/Coles-CAS/images/3/4/4/3445590-th.jpg",
    "categories": ["winter"],
    "tags": ["personal-care", "moisturisers"],
    "locations": {
      "vic": {
        "price": 49,
        "promoText": " ",
        "packageSize": "50g",
        "packagePrice": "$9.80 per 10G"
      }
    }
  },
  {
    "id": "olay-face-cream-rg-uv-whip-spf30",
    "brand": "Olay",
    "name": "Regenerist UV Whip Active Moisturiser SPF 30",
    "imageUrl": "https://shop.coles.com.au/wcsstore/Coles-CAS/images/3/5/3/3537462-th.jpg",
    "categories": ["winter"],
    "tags": ["personal-care", "moisturisers"],
    "locations": {
      "vic": {
        "price": 49,
        "promoText": " ",
        "packageSize": "50g",
        "packagePrice": "$98.00 per 100G"
      }
    }
  },
  {
    "id": "thursday-plantation-tea-tree-face-cream",
    "brand": "Thursday Plantation",
    "name": "Tea Tree Face Cream",
    "imageUrl": "https://shop.coles.com.au/wcsstore/Coles-CAS/images/2/8/5/2859816-th.jpg",
    "categories": ["winter"],
    "tags": ["personal-care", "moisturisers"],
    "locations": {
      "vic": {
        "price": 12,
        "promoText": " ",
        "packageSize": "65g",
        "packagePrice": "$18.46 per 100G"
      }
    }
  },
  {
    "id": "head-shoulders-anti-dandruff-clean-balanced-shampoo",
    "brand": "Head & Shoulders",
    "name": "Clean & Balanced Anti-Dandruff Shampoo",
    "imageUrl": "https://shop.coles.com.au/wcsstore/Coles-CAS/images/9/0/1/9015390-th.jpg",
    "categories": ["winter"],
    "tags": ["personal-care", "anti-dandruff-shampo"],
    "locations": {
      "vic": {
        "price": 11,
        "promoText": " ",
        "packageSize": "400mL",
        "packagePrice": "$2.75 per 100mL"
      }
    }
  },
  {
    "id": "head-shoulders-anti-dandruff-dry-scalp-care-shampoo-9269898p",
    "brand": "Head & Shoulders",
    "name": "Anti-Dandruff Dry Scalp Care Shampoo",
    "imageUrl": "https://shop.coles.com.au/wcsstore/Coles-CAS/images/9/2/6/9269898-th.jpg",
    "categories": ["winter"],
    "tags": ["personal-care", "anti-dandruff-shampo"],
    "locations": {
      "vic": {
        "price": 11,
        "promoText": " ",
        "packageSize": "400mL",
        "packagePrice": "$2.75 per 100mL"
      }
    }
  },
  {
    "id": "head-shoulders-shampoo-conditioner-2in1-dry-scalp",
    "brand": "Head & Shoulders",
    "name": "2 in 1 Dry Scalp Shampoo & Conditioner",
    "imageUrl": "https://shop.coles.com.au/wcsstore/Coles-CAS/images/1/5/9/1593098-th.jpg",
    "categories": ["winter"],
    "tags": ["personal-care", "anti-dandruff-shampo"],
    "locations": {
      "vic": {
        "price": 11,
        "promoText": " ",
        "packageSize": "350mL",
        "packagePrice": "$3.14 per 100mL"
      }
    }
  },
  {
    "id": "head-shoulders-clean-balanced-shampoo",
    "brand": "Head & Shoulders",
    "name": "Clean & Balanced Shampoo",
    "imageUrl": "https://shop.coles.com.au/wcsstore/Coles-CAS/images/2/3/5/2350273-th.jpg",
    "categories": ["winter"],
    "tags": ["personal-care", "anti-dandruff-shampo"],
    "locations": {
      "vic": {
        "price": 12,
        "promoText": "Was $16.00 on Feb 2018 ",
        "packageSize": "620mL",
        "packagePrice": "$1.94 per 100mL"
      }
    }
  },
  {
    "id": "head-shoulders-supreme-shampoo-moisture-3164070p",
    "brand": "Head & Shoulders",
    "name": "Supreme Moisture Anti-Dandruff Shampoo",
    "imageUrl": "https://shop.coles.com.au/wcsstore/Coles-CAS/images/3/1/6/3164070-th.jpg",
    "categories": ["winter"],
    "tags": ["personal-care", "anti-dandruff-shampo"],
    "locations": {
      "vic": {
        "price": 15,
        "promoText": " ",
        "packageSize": "400mL",
        "packagePrice": "$3.75 per 100mL"
      }
    }
  },
  {
    "id": "head-shoulders-supreme-conditioner-moisture-3164081p",
    "brand": "Head & Shoulders",
    "name": "Supreme Moisture Conditioner",
    "imageUrl": "https://shop.coles.com.au/wcsstore/Coles-CAS/images/3/1/6/3164081-th.jpg",
    "categories": ["winter"],
    "tags": ["personal-care", "anti-dandruff-shampo"],
    "locations": {
      "vic": {
        "price": 15,
        "promoText": " ",
        "packageSize": "400mL",
        "packagePrice": "$3.75 per 100mL"
      }
    }
  },
  {
    "id": "head-shoulders-shampoo-itchy-scalp-7833886p",
    "brand": "Head & Shoulders",
    "name": "Itchy Scalp Shampoo",
    "imageUrl": "https://shop.coles.com.au/wcsstore/Coles-CAS/images/7/8/3/7833886-th.jpg",
    "categories": ["winter"],
    "tags": ["personal-care", "anti-dandruff-shampo"],
    "locations": {
      "vic": {
        "price": 11,
        "promoText": " ",
        "packageSize": "400mL",
        "packagePrice": "$2.75 per 100mL"
      }
    }
  },
  {
    "id": "head-shoulders-ultramen-shampoo-old-spice-2in1-3416195p",
    "brand": "Head & Shoulders",
    "name": "Ultra Men 2 In 1 Old Spice Shampoo",
    "imageUrl": "https://shop.coles.com.au/wcsstore/Coles-CAS/images/3/4/1/3416195-th.jpg",
    "categories": ["winter"],
    "tags": ["personal-care", "anti-dandruff-shampo"],
    "locations": {
      "vic": {
        "price": 15,
        "promoText": " ",
        "packageSize": "400mL",
        "packagePrice": "$3.75 per 100mL"
      }
    }
  },
  {
    "id": "head-shoulders-shampoo-deep-clean-2in1",
    "brand": "Head & Shoulders",
    "name": "Ultra Men 2 in 1 Deep Clean Shampoo + Conditioner",
    "imageUrl": "https://shop.coles.com.au/wcsstore/Coles-CAS/images/3/4/1/3416130-th.jpg",
    "categories": ["winter"],
    "tags": ["personal-care", "anti-dandruff-shampo"],
    "locations": {
      "vic": {
        "price": 19,
        "promoText": " ",
        "packageSize": "550mL",
        "packagePrice": "$3.45 per 100mL"
      }
    }
  },
  {
    "id": "selsun-medicated-scalp-treatment-shampoo",
    "brand": "Selsun",
    "name": "Gold Dandruff Treatment Shampoo",
    "imageUrl": "https://shop.coles.com.au/wcsstore/Coles-CAS/images/9/6/9/9695590-th.jpg",
    "categories": ["winter"],
    "tags": ["personal-care", "anti-dandruff-shampo"],
    "locations": {
      "vic": {
        "price": 8.8,
        "promoText": "$2.20 ",
        "packageSize": "200mL",
        "packagePrice": "$4.40 per 100mL"
      }
    }
  },
  {
    "id": "head-shoulders-conditioner-anti-dandruff-clean-balanced",
    "brand": "Head & Shoulders",
    "name": "Clean & Balanced Anti-Dandruff Conditioner",
    "imageUrl": "https://shop.coles.com.au/wcsstore/Coles-CAS/images/6/0/9/6094889-th.jpg",
    "categories": ["winter"],
    "tags": ["personal-care", "anti-dandruff-shampo"],
    "locations": {
      "vic": {
        "price": 11,
        "promoText": " ",
        "packageSize": "400mL",
        "packagePrice": "$2.75 per 100mL"
      }
    }
  },
  {
    "id": "head-shoulders-conditioner-anti-dandruff-smooth-silky",
    "brand": "Head & Shoulders",
    "name": "Smooth & Silky Anti-Dandruff Conditioner",
    "imageUrl": "https://shop.coles.com.au/wcsstore/Coles-CAS/images/4/7/1/4714202-th.jpg",
    "categories": ["winter"],
    "tags": ["personal-care", "anti-dandruff-shampo"],
    "locations": {
      "vic": {
        "price": 11,
        "promoText": " ",
        "packageSize": "400mL",
        "packagePrice": "$2.75 per 100mL"
      }
    }
  },
  {
    "id": "head-shoulders-conditioner-anti-dandruff-dry-scalp-care",
    "brand": "Head & Shoulders",
    "name": "Dry Scalp Care Anti-Dandruff Conditioner",
    "imageUrl": "https://shop.coles.com.au/wcsstore/Coles-CAS/images/4/7/1/4714188-th.jpg",
    "categories": ["winter"],
    "tags": ["personal-care", "anti-dandruff-shampo"],
    "locations": {
      "vic": {
        "price": 11,
        "promoText": " ",
        "packageSize": "400mL",
        "packagePrice": "$2.75 per 100mL"
      }
    }
  },
  {
    "id": "head-shoulders-anti-dandruff-smooth-silky-shampoo-9015380p",
    "brand": "Head & Shoulders",
    "name": "Smooth & Silky Anti-Dandruff Shampoo",
    "imageUrl": "https://shop.coles.com.au/wcsstore/Coles-CAS/images/9/0/1/9015380-th.jpg",
    "categories": ["winter"],
    "tags": ["personal-care", "anti-dandruff-shampo"],
    "locations": {
      "vic": {
        "price": 11,
        "promoText": " ",
        "packageSize": "400mL",
        "packagePrice": "$2.75 per 100mL"
      }
    }
  },
  {
    "id": "head-and-shoulders-apple-fresh-shampoo-9932801p",
    "brand": "Head & Shoulders",
    "name": "Apple Fresh Shampoo",
    "imageUrl": "https://shop.coles.com.au/wcsstore/Coles-CAS/images/9/9/3/9932801-th.jpg",
    "categories": ["winter"],
    "tags": ["personal-care", "anti-dandruff-shampo"],
    "locations": {
      "vic": {
        "price": 11,
        "promoText": " ",
        "packageSize": "400mL",
        "packagePrice": "$2.75 per 100mL"
      }
    }
  },
  {
    "id": "head-shoulders-anti-dandruff-clean-balanced-shampoo-9015404p",
    "brand": "Head & Shoulders",
    "name": "Clean & Balanced Anti-Dandruff Shampoo",
    "imageUrl": "https://shop.coles.com.au/wcsstore/Coles-CAS/images/9/0/1/9015404-th.jpg",
    "categories": ["winter"],
    "tags": ["personal-care", "anti-dandruff-shampo"],
    "locations": {
      "vic": {
        "price": 4.45,
        "promoText": "$1.95 ",
        "packageSize": "200mL",
        "packagePrice": "$2.23 per 100mL"
      }
    }
  },
  {
    "id": "head-shoulders-shampoo-conditioner-2in1-itchy-scalp",
    "brand": "Head & Shoulders",
    "name": "Itchy Scalp 2 In 1 Shampoo & Conditioner",
    "imageUrl": "https://shop.coles.com.au/wcsstore/Coles-CAS/images/1/5/9/1593087-th.jpg",
    "categories": ["winter"],
    "tags": ["personal-care", "anti-dandruff-shampo"],
    "locations": {
      "vic": {
        "price": 11,
        "promoText": " ",
        "packageSize": "350mL",
        "packagePrice": "$3.14 per 100mL"
      }
    }
  },
  {
    "id": "head-shoulders-itchy-scalp-shampoo",
    "brand": "Head & Shoulders",
    "name": "Itchy Scalp Care Shampoo",
    "imageUrl": "https://shop.coles.com.au/wcsstore/Coles-CAS/images/2/3/5/2350310-th.jpg",
    "categories": ["winter"],
    "tags": ["personal-care", "anti-dandruff-shampo"],
    "locations": {
      "vic": {
        "price": 12,
        "promoText": "Was $16.00 on Feb 2018 ",
        "packageSize": "620mL",
        "packagePrice": "$1.94 per 100mL"
      }
    }
  },
  {
    "id": "head-shoulders-ultramen-shampoo-hair-retain-2in1",
    "brand": "Head & Shoulders",
    "name": "Ultra Men 2 In 1 Hair Retain Shampoo",
    "imageUrl": "https://shop.coles.com.au/wcsstore/Coles-CAS/images/3/4/1/3416162-th.jpg",
    "categories": ["winter"],
    "tags": ["personal-care", "anti-dandruff-shampo"],
    "locations": {
      "vic": {
        "price": 15,
        "promoText": " ",
        "packageSize": "400mL",
        "packagePrice": "$3.75 per 100mL"
      }
    }
  },
  {
    "id": "head-shoulders-ultramen-shampoo-deep-clean-2in1-3416173p",
    "brand": "Head & Shoulders",
    "name": "Ultra Men 2 In1 Deep Clean Anti-Dandruff Shampoo + Conditioner",
    "imageUrl": "https://shop.coles.com.au/wcsstore/Coles-CAS/images/3/4/1/3416173-th.jpg",
    "categories": ["winter"],
    "tags": ["personal-care", "anti-dandruff-shampo"],
    "locations": {
      "vic": {
        "price": 15,
        "promoText": " ",
        "packageSize": "400mL",
        "packagePrice": "$3.75 per 100mL"
      }
    }
  },
  {
    "id": "head-shoulders-supreme-moisture-shampoo",
    "brand": "Head & Shoulders",
    "name": "Supreme Moisture Shampoo",
    "imageUrl": "https://shop.coles.com.au/wcsstore/Coles-CAS/images/3/4/1/3418736-th.jpg",
    "categories": ["winter"],
    "tags": ["personal-care", "anti-dandruff-shampo"],
    "locations": {
      "vic": {
        "price": 19,
        "promoText": " ",
        "packageSize": "550mL",
        "packagePrice": "$3.45 per 100mL"
      }
    }
  },
  {
    "id": "selsun-blue-5-shampoo",
    "brand": "Selsun",
    "name": "Blue Replenishing Anti-Dandruff Shampoo",
    "imageUrl": "https://shop.coles.com.au/wcsstore/Coles-CAS/images/2/5/6/256591-th.jpg",
    "categories": ["winter"],
    "tags": ["personal-care", "anti-dandruff-shampo"],
    "locations": {
      "vic": {
        "price": 4.4,
        "promoText": "$1.10 ",
        "packageSize": "200mL",
        "packagePrice": "$2.20 per 100mL"
      }
    }
  },
  {
    "id": "head-shoulders-conditioner-anti-dandruff-balanced",
    "brand": "Head & Shoulders",
    "name": "Clean & Balanced Hair Anti-Dandruff Conditioner",
    "imageUrl": "https://shop.coles.com.au/wcsstore/Coles-CAS/images/4/7/1/4712998-th.jpg",
    "categories": ["winter"],
    "tags": ["personal-care", "anti-dandruff-shampo"],
    "locations": {
      "vic": {
        "price": 4.45,
        "promoText": "$1.95 ",
        "packageSize": "200mL",
        "packagePrice": "$2.23 per 100mL"
      }
    }
  },
  {
    "id": "head-shoulders-2-in-1-dry-scalp-shampoo",
    "brand": "Head & Shoulders",
    "name": "2 in 1 Dry Scalp Shampoo & Conditioner",
    "imageUrl": "https://shop.coles.com.au/wcsstore/Coles-CAS/images/2/1/2/2123760-th.jpg",
    "categories": ["winter"],
    "tags": ["personal-care", "anti-dandruff-shampo"],
    "locations": {
      "vic": {
        "price": 4.45,
        "promoText": "$1.95 ",
        "packageSize": "180mL",
        "packagePrice": "$2.47 per 100mL"
      }
    }
  },
  {
    "id": "head-shoulders-smooth-silky-conditioner",
    "brand": "Head & Shoulders",
    "name": "Smooth & Silky Conditioner",
    "imageUrl": "https://shop.coles.com.au/wcsstore/Coles-CAS/images/2/3/5/2350284-th.jpg",
    "categories": ["winter"],
    "tags": ["personal-care", "anti-dandruff-shampo"],
    "locations": {
      "vic": {
        "price": 12,
        "promoText": "Was $16.00 on Feb 2018 ",
        "packageSize": "620mL",
        "packagePrice": "$1.94 per 100mL"
      }
    }
  },
  {
    "id": "head-shoulders-apple-fresh-shampoo",
    "brand": "Head & Shoulders",
    "name": "Apple Fresh Shampoo",
    "imageUrl": "https://shop.coles.com.au/wcsstore/Coles-CAS/images/2/3/5/2350240-th.jpg",
    "categories": ["winter"],
    "tags": ["personal-care", "anti-dandruff-shampo"],
    "locations": {
      "vic": {
        "price": 12,
        "promoText": "Was $16.00 on Feb 2018 ",
        "packageSize": "620mL",
        "packagePrice": "$1.94 per 100mL"
      }
    }
  },
  {
    "id": "head-shoulders-dry-scalp-shampoo",
    "brand": "Head & Shoulders",
    "name": "Dry Scalp Shampoo",
    "imageUrl": "https://shop.coles.com.au/wcsstore/Coles-CAS/images/2/3/5/2350295-th.jpg",
    "categories": ["winter"],
    "tags": ["personal-care", "anti-dandruff-shampo"],
    "locations": {
      "vic": {
        "price": 12,
        "promoText": "Was $16.00 on Feb 2018 ",
        "packageSize": "620mL",
        "packagePrice": "$1.94 per 100mL"
      }
    }
  },
  {
    "id": "head-shoulders-smooth-silky-shampoo",
    "brand": "Head & Shoulders",
    "name": "Smooth & Silky Shampoo",
    "imageUrl": "https://shop.coles.com.au/wcsstore/Coles-CAS/images/2/3/5/2350320-th.jpg",
    "categories": ["winter"],
    "tags": ["personal-care", "anti-dandruff-shampo"],
    "locations": {
      "vic": {
        "price": 12,
        "promoText": "Was $16.00 on Feb 2018 ",
        "packageSize": "620mL",
        "packagePrice": "$1.94 per 100mL"
      }
    }
  },
  {
    "id": "head-shoulders-supreme-conditioner-smooth-3164139p",
    "brand": "Head & Shoulders",
    "name": "Supreme Smooth Conditioner",
    "imageUrl": "https://shop.coles.com.au/wcsstore/Coles-CAS/images/3/1/6/3164139-th.jpg",
    "categories": ["winter"],
    "tags": ["personal-care", "anti-dandruff-shampo"],
    "locations": {
      "vic": {
        "price": 15,
        "promoText": " ",
        "packageSize": "400mL",
        "packagePrice": "$3.75 per 100mL"
      }
    }
  },
  {
    "id": "head-shoulders-supreme-shampoo-smooth-3164106p",
    "brand": "Head & Shoulders",
    "name": "Supreme Smooth Anti Dandruff Shampoo",
    "imageUrl": "https://shop.coles.com.au/wcsstore/Coles-CAS/images/3/1/6/3164106-th.jpg",
    "categories": ["winter"],
    "tags": ["personal-care", "anti-dandruff-shampo"],
    "locations": {
      "vic": {
        "price": 15,
        "promoText": " ",
        "packageSize": "400mL",
        "packagePrice": "$3.75 per 100mL"
      }
    }
  },
  {
    "id": "head-shoulders-shampoo-old-spice-2in1",
    "brand": "Head & Shoulders",
    "name": "2 in 1 Ultra Men Old Spice Shampoo",
    "imageUrl": "https://shop.coles.com.au/wcsstore/Coles-CAS/images/3/4/1/3416140-th.jpg",
    "categories": ["winter"],
    "tags": ["personal-care", "anti-dandruff-shampo"],
    "locations": {
      "vic": {
        "price": 19,
        "promoText": " ",
        "packageSize": "550mL",
        "packagePrice": "$3.45 per 100mL"
      }
    }
  },
  {
    "id": "head-shoulders-ultramen-shampoo-sports-2in1",
    "brand": "Head & Shoulders",
    "name": "Ultra Men 2 In1 Sports Fresh Anti-Dandruff Shampoo + Conditioner",
    "imageUrl": "https://shop.coles.com.au/wcsstore/Coles-CAS/images/3/4/1/3416151-th.jpg",
    "categories": ["winter"],
    "tags": ["personal-care", "anti-dandruff-shampo"],
    "locations": {
      "vic": {
        "price": 15,
        "promoText": " ",
        "packageSize": "400mL",
        "packagePrice": "$3.75 per 100mL"
      }
    }
  },
  {
    "id": "neutrogena-t-gel-hair-shampoo",
    "brand": "Neutrogena",
    "name": "T Gel Hair Shampoo",
    "imageUrl": "https://shop.coles.com.au/wcsstore/Coles-CAS/images/5/5/5/5552773-th.jpg",
    "categories": ["winter"],
    "tags": ["personal-care", "anti-dandruff-shampo"],
    "locations": {
      "vic": {
        "price": 13,
        "promoText": " ",
        "packageSize": "200mL",
        "packagePrice": "$6.50 per 100mL"
      }
    }
  },
  {
    "id": "neutrogena-t-gel-anti-dandruff-shampoo-2-in-1",
    "brand": "Neutrogena",
    "name": "T Gel Anti Dandruff  2 in 1 Shampoo",
    "imageUrl": "https://shop.coles.com.au/wcsstore/Coles-CAS/images/4/7/1/4716060-th.jpg",
    "categories": ["winter"],
    "tags": ["personal-care", "anti-dandruff-shampo"],
    "locations": {
      "vic": {
        "price": 6.3,
        "promoText": " ",
        "packageSize": "200mL",
        "packagePrice": "$3.15 per 100mL"
      }
    }
  },
  {
    "id": "sukin-hand-wash-lime-coconut",
    "brand": "Sukin",
    "name": "Lime & Coconut Cleansing Hand Wash",
    "imageUrl": "https://shop.coles.com.au/wcsstore/Coles-CAS/images/3/5/5/3552149-th.jpg",
    "categories": ["winter"],
    "tags": ["personal-care", "hand-wash-sanitisers"],
    "locations": {
      "vic": {
        "price": 9.95,
        "promoText": "Was $13.00 on Jan 2020 ",
        "packageSize": "500mL",
        "packagePrice": "$1.99 per 100mL"
      }
    }
  },
  {
    "id": "coles-antibacterial-hand-wash-sensitive",
    "brand": "Coles",
    "name": "Antibacterial Hand Wash Sensitive",
    "imageUrl": "https://shop.coles.com.au/wcsstore/Coles-CAS/images/3/2/3/3234562-th.jpg",
    "categories": ["winter"],
    "tags": ["personal-care", "hand-wash-sanitisers"],
    "locations": {
      "vic": {
        "price": 3,
        "promoText": " ",
        "packageSize": "1L",
        "packagePrice": "$0.30 per 100mL"
      }
    }
  },
  {
    "id": "dettol-2in1-hand-surfaces-antibacterial-wipes-15s",
    "brand": "Dettol",
    "name": "2 in 1 Hands and Surfaces Antibacterial 15 Wipes",
    "imageUrl": "https://shop.coles.com.au/wcsstore/Coles-CAS/images/3/0/1/3013632-th.jpg",
    "categories": ["winter"],
    "tags": ["personal-care", "hand-wash-sanitisers"],
    "locations": {
      "vic": {
        "price": 3,
        "promoText": " ",
        "packageSize": "1 pack",
        "packagePrice": "$3.00 per 1Ea"
      }
    }
  },
  {
    "id": "thankyou-lemon-lime-sanitizer",
    "brand": "Thankyou",
    "name": "Lemon & Lime Sanitizer",
    "imageUrl": "https://shop.coles.com.au/wcsstore/Coles-CAS/images/1/8/7/1878280-th.jpg",
    "categories": ["winter"],
    "tags": ["personal-care", "hand-wash-sanitisers"],
    "locations": {
      "vic": {
        "price": 3.5,
        "promoText": " ",
        "packageSize": "50mL",
        "packagePrice": "$7.00 per 100mL"
      }
    }
  },
  {
    "id": "sukin-signature-cleansing-hand-wash-pump",
    "brand": "Sukin",
    "name": "Signature Cleansing Hand Wash",
    "imageUrl": "https://shop.coles.com.au/wcsstore/Coles-CAS/images/3/5/1/3516724-th.jpg",
    "categories": ["winter"],
    "tags": ["personal-care", "hand-wash-sanitisers"],
    "locations": {
      "vic": {
        "price": 9.95,
        "promoText": "Was $13.00 on Jan 2020 ",
        "packageSize": "500mL",
        "packagePrice": "$1.99 per 100mL"
      }
    }
  },
  {
    "id": "palmoive-raspberry-hand-sanitiser",
    "brand": "Palmolive",
    "name": "Cherry Blossom Hand Sanitiser",
    "imageUrl": "https://shop.coles.com.au/wcsstore/Coles-CAS/images/1/8/8/1888852-th.jpg",
    "categories": ["winter"],
    "tags": ["personal-care", "hand-wash-sanitisers"],
    "locations": {
      "vic": {
        "price": 3,
        "promoText": "Was $3.80 on Oct 2017 ",
        "packageSize": "48mL",
        "packagePrice": "$6.25 per 100mL"
      }
    }
  },
  {
    "id": "dettol-foam-hand-wash-refill-rose-cherry",
    "brand": "Dettol",
    "name": "Rose & Cherry In Bloom Foam Hand Wash Refill",
    "imageUrl": "https://shop.coles.com.au/wcsstore/Coles-CAS/images/2/8/1/2814625-th.jpg",
    "categories": ["winter"],
    "tags": ["personal-care", "hand-wash-sanitisers"],
    "locations": {
      "vic": {
        "price": 7,
        "promoText": "Was $8.50 on Sep 2017 ",
        "packageSize": "900mL",
        "packagePrice": "$0.78 per 100mL"
      }
    }
  },
  {
    "id": "coles-antibacterial-hand-wash-lime-fresh",
    "brand": "Coles",
    "name": "Lime Fresh Antibacterial Hand Wash Refill",
    "imageUrl": "https://shop.coles.com.au/wcsstore/Coles-CAS/images/3/2/3/3234529-th.jpg",
    "categories": ["winter"],
    "tags": ["personal-care", "hand-wash-sanitisers"],
    "locations": {
      "vic": {
        "price": 3,
        "promoText": " ",
        "packageSize": "1L",
        "packagePrice": "$3.00 per 1L"
      }
    }
  },
  {
    "id": "dettol-hand-sanitizer-refresh",
    "brand": "Dettol",
    "name": "Refresh Hand Sanitizer",
    "imageUrl": "https://shop.coles.com.au/wcsstore/Coles-CAS/images/6/4/4/6445098-th.jpg",
    "categories": ["winter"],
    "tags": ["personal-care", "hand-wash-sanitisers"],
    "locations": {
      "vic": {
        "price": 7.5,
        "promoText": " ",
        "packageSize": "200mL",
        "packagePrice": "$3.75 per 100mL"
      }
    }
  },
  {
    "id": "thankyou-lime-coriander-hand-wash-refill",
    "brand": "Thankyou",
    "name": "Botanical Lime & Coriander Hand Wash Refill",
    "imageUrl": "https://shop.coles.com.au/wcsstore/Coles-CAS/images/3/2/2/3227432-th.jpg",
    "categories": ["winter"],
    "tags": ["personal-care", "hand-wash-sanitisers"],
    "locations": {
      "vic": {
        "price": 12.5,
        "promoText": " ",
        "packageSize": "1L",
        "packagePrice": "$1.25 per 100mL"
      }
    }
  },
  {
    "id": "palmolive-foam-hand-wash-cherry-blossom-pump",
    "brand": "Palmolive",
    "name": "Cherry Blossom Foaming Hand Wash",
    "imageUrl": "https://shop.coles.com.au/wcsstore/Coles-CAS/images/2/8/1/2814603-th.jpg",
    "categories": ["winter"],
    "tags": ["personal-care", "hand-wash-sanitisers"],
    "locations": {
      "vic": {
        "price": 3.5,
        "promoText": " ",
        "packageSize": "250mL",
        "packagePrice": "$1.40 per 100mL"
      }
    }
  },
  {
    "id": "palmolive-hand-sanitiser-japanese-cherry-blossom",
    "brand": "Palmolive",
    "name": "Japanese Cherry Blossom Hand Sanitiser",
    "imageUrl": "https://shop.coles.com.au/wcsstore/Coles-CAS/images/3/2/3/3232261-th.jpg",
    "categories": ["winter"],
    "tags": ["personal-care", "hand-wash-sanitisers"],
    "locations": {
      "vic": {
        "price": 7.5,
        "promoText": " ",
        "packageSize": "200mL",
        "packagePrice": "$3.75 per 100mL"
      }
    }
  },
  {
    "id": "koi-hand-wash-orange-ginger",
    "brand": "KOi",
    "name": "Blood Orange & Ginger Hand Wash",
    "imageUrl": "https://shop.coles.com.au/wcsstore/Coles-CAS/images/3/5/1/3519609-th.jpg",
    "categories": ["winter"],
    "tags": ["personal-care", "hand-wash-sanitisers"],
    "locations": {
      "vic": {
        "price": 7,
        "promoText": " ",
        "packageSize": "500mL",
        "packagePrice": "$1.40 per 100mL"
      }
    }
  },
  {
    "id": "only-good-hand-wash-soothe",
    "brand": "Only Good",
    "name": "Natural Hand Wash Soothe",
    "imageUrl": "https://shop.coles.com.au/wcsstore/Coles-CAS/images/3/0/1/3012050-th.jpg",
    "categories": ["winter"],
    "tags": ["personal-care", "hand-wash-sanitisers"],
    "locations": {
      "vic": {
        "price": 6,
        "promoText": " ",
        "packageSize": "300mL",
        "packagePrice": "$2.00 per 100mL"
      }
    }
  },
  {
    "id": "thankyou-hand-wash-aloe-vera-lemon",
    "brand": "Thankyou",
    "name": "Botanical Aloe Vera & Lemon Oil Hand Wash",
    "imageUrl": "https://shop.coles.com.au/wcsstore/Coles-CAS/images/3/5/0/3509740-th.jpg",
    "categories": ["winter"],
    "tags": ["personal-care", "hand-wash-sanitisers"],
    "locations": {
      "vic": {
        "price": 8.5,
        "promoText": " ",
        "packageSize": "500mL",
        "packagePrice": "$1.70 per 100mL"
      }
    }
  },
  {
    "id": "ecostore-hand-wash-vanilla-coconut",
    "brand": "Ecostore",
    "name": "Vanilla & Coconut Hand Wash",
    "imageUrl": "https://shop.coles.com.au/wcsstore/Coles-CAS/images/3/5/1/3516994-th.jpg",
    "categories": ["winter"],
    "tags": ["personal-care", "hand-wash-sanitisers"],
    "locations": {
      "vic": {
        "price": 5.5,
        "promoText": " ",
        "packageSize": "250mL",
        "packagePrice": "$2.20 per 100mL"
      }
    }
  },
  {
    "id": "palmolive-liquid-hand-wash-foam-3014566p",
    "brand": "Palmolive",
    "name": "Lime & Mint Foaming Liquid Hand Wash Refill",
    "imageUrl": "https://shop.coles.com.au/wcsstore/Coles-CAS/images/3/0/1/3014566-th.jpg",
    "categories": ["winter"],
    "tags": ["personal-care", "hand-wash-sanitisers"],
    "locations": {
      "vic": {
        "price": 8.5,
        "promoText": " ",
        "packageSize": "1L",
        "packagePrice": "$0.85 per 100mL"
      }
    }
  },
  {
    "id": "thankyou-milk-hand-wash-lemon-myrtle-goats-milk",
    "brand": "Thankyou",
    "name": "Milk Hand Wash Lemon Myrtle & Goats Milk",
    "imageUrl": "https://shop.coles.com.au/wcsstore/Coles-CAS/images/3/0/1/3012200-th.jpg",
    "categories": ["winter"],
    "tags": ["personal-care", "hand-wash-sanitisers"],
    "locations": {
      "vic": {
        "price": 7.5,
        "promoText": " ",
        "packageSize": "500mL",
        "packagePrice": "$1.50 per 100mL"
      }
    }
  },
  {
    "id": "coles-antibacterial-hand-wash-sweet-orange",
    "brand": "Coles",
    "name": "Antibacterial Hand Wash Sweet Orange",
    "imageUrl": "https://shop.coles.com.au/wcsstore/Coles-CAS/images/3/2/3/3234551-th.jpg",
    "categories": ["winter"],
    "tags": ["personal-care", "hand-wash-sanitisers"],
    "locations": {
      "vic": {
        "price": 3,
        "promoText": " ",
        "packageSize": "1L",
        "packagePrice": "$0.30 per 100mL"
      }
    }
  },
  {
    "id": "koi-hand-sanitiser-no-alcohol",
    "brand": "KOi",
    "name": "Antibacterial Hand Sanitiser Spray",
    "imageUrl": "https://shop.coles.com.au/wcsstore/Coles-CAS/images/3/5/1/3519733-th.jpg",
    "categories": ["winter"],
    "tags": ["personal-care", "hand-wash-sanitisers"],
    "locations": {
      "vic": {
        "price": 5,
        "promoText": " ",
        "packageSize": "50mL",
        "packagePrice": "$10.00 per 100mL"
      }
    }
  },
  {
    "id": "only-good-hand-wash-nourish",
    "brand": "Only Good",
    "name": "Hand Wash Nourish",
    "imageUrl": "https://shop.coles.com.au/wcsstore/Coles-CAS/images/3/0/1/3011943-th.jpg",
    "categories": ["winter"],
    "tags": ["personal-care", "hand-wash-sanitisers"],
    "locations": {
      "vic": {
        "price": 6,
        "promoText": " ",
        "packageSize": "300mL",
        "packagePrice": "$2.00 per 100mL"
      }
    }
  },
  {
    "id": "organic-lemongrass-ginger-antibact-hand-wash",
    "brand": "Organic Care",
    "name": "Lemongrass & Ginger Anti-Bacterial Hand Wash",
    "imageUrl": "https://shop.coles.com.au/wcsstore/Coles-CAS/images/3/0/1/3012800-th.jpg",
    "categories": ["winter"],
    "tags": ["personal-care", "hand-wash-sanitisers"],
    "locations": {
      "vic": {
        "price": 3.5,
        "promoText": " ",
        "packageSize": "250mL",
        "packagePrice": "$1.40 per 100mL"
      }
    }
  },
  {
    "id": "thankyou-sweet-org-almd-hand-wash-refill",
    "brand": "Thankyou",
    "name": "Botanical Sweet Orange & Almond Hand Wash Refill",
    "imageUrl": "https://shop.coles.com.au/wcsstore/Coles-CAS/images/3/2/2/3227443-th.jpg",
    "categories": ["winter"],
    "tags": ["personal-care", "hand-wash-sanitisers"],
    "locations": {
      "vic": {
        "price": 12.5,
        "promoText": " ",
        "packageSize": "1L",
        "packagePrice": "$1.25 per 100mL"
      }
    }
  },
  {
    "id": "bosistos-desert-lime-eucalyptus-3519438p",
    "brand": "Bosisto's",
    "name": "Desert Lime & Eucalyptus Revitalising Hand Wash",
    "imageUrl": "https://shop.coles.com.au/wcsstore/Coles-CAS/images/3/5/1/3519438-th.jpg",
    "categories": ["winter"],
    "tags": ["personal-care", "hand-wash-sanitisers"],
    "locations": {
      "vic": {
        "price": 6,
        "promoText": " ",
        "packageSize": "300mL",
        "packagePrice": "$2.00 per 100mL"
      }
    }
  },
  {
    "id": "sukin-signature-cleansing-hand-wash-refill",
    "brand": "Sukin",
    "name": "Signature Cleansing Hand Wash",
    "imageUrl": "https://shop.coles.com.au/wcsstore/Coles-CAS/images/3/5/1/3516848-th.jpg",
    "categories": ["winter"],
    "tags": ["personal-care", "hand-wash-sanitisers"],
    "locations": {
      "vic": {
        "price": 17.95,
        "promoText": "Was $21.00 on Jan 2020 ",
        "packageSize": "1L",
        "packagePrice": "$17.95 per 1L"
      }
    }
  },
  {
    "id": "dettol-foam-lime-orange-pump",
    "brand": "Dettol",
    "name": "Lime & Orange Foam Hand wash Pump",
    "imageUrl": "https://shop.coles.com.au/wcsstore/Coles-CAS/images/3/5/2/3525500-th.jpg",
    "categories": ["winter"],
    "tags": ["personal-care", "hand-wash-sanitisers"],
    "locations": {
      "vic": {
        "price": 2.5,
        "promoText": " ",
        "packageSize": "250mL",
        "packagePrice": "$1.00 per 100mL"
      }
    }
  },
  {
    "id": "organic-soft-vanilla-shea-replen-hand-wash",
    "brand": "Organic Care",
    "name": "Soft Vanilla Shea Replen Hand Wash",
    "imageUrl": "https://shop.coles.com.au/wcsstore/Coles-CAS/images/3/0/1/3012844-th.jpg",
    "categories": ["winter"],
    "tags": ["personal-care", "hand-wash-sanitisers"],
    "locations": {
      "vic": {
        "price": 3.5,
        "promoText": " ",
        "packageSize": "250mL",
        "packagePrice": "$1.40 per 100mL"
      }
    }
  },
  {
    "id": "palmolive-foam-hand-wash-refill-cherry-blossom",
    "brand": "Palmolive",
    "name": "Cherry Blossom Foaming Hand Wash Refill",
    "imageUrl": "https://shop.coles.com.au/wcsstore/Coles-CAS/images/2/8/1/2814636-th.jpg",
    "categories": ["winter"],
    "tags": ["personal-care", "hand-wash-sanitisers"],
    "locations": {
      "vic": {
        "price": 5.5,
        "promoText": " ",
        "packageSize": "500mL",
        "packagePrice": "$1.10 per 100mL"
      }
    }
  },
  {
    "id": "bosistos-desert-lime-eucalyptus",
    "brand": "Bosisto's",
    "name": "Desert Lime & Eucalyptus Revitalising Hand Wash Refill",
    "imageUrl": "https://shop.coles.com.au/wcsstore/Coles-CAS/images/3/5/1/3519493-th.jpg",
    "categories": ["winter"],
    "tags": ["personal-care", "hand-wash-sanitisers"],
    "locations": {
      "vic": {
        "price": 12,
        "promoText": " ",
        "packageSize": "1L",
        "packagePrice": "$12.00 per 1L"
      }
    }
  },
  {
    "id": "bosistos-banksia-flower-lavender",
    "brand": "Bosisto's",
    "name": "Banksia Flower & Lavender Moisturising Hand Wash",
    "imageUrl": "https://shop.coles.com.au/wcsstore/Coles-CAS/images/3/5/1/3519449-th.jpg",
    "categories": ["winter"],
    "tags": ["personal-care", "hand-wash-sanitisers"],
    "locations": {
      "vic": {
        "price": 6,
        "promoText": " ",
        "packageSize": "300mL",
        "packagePrice": "$2.00 per 100mL"
      }
    }
  },
  {
    "id": "bosistos-banksia-flower-lavender-3519471p",
    "brand": "Bosisto's",
    "name": "Banksia Flower & Lavender Moisturising Hand Wash Refill",
    "imageUrl": "https://shop.coles.com.au/wcsstore/Coles-CAS/images/3/5/1/3519471-th.jpg",
    "categories": ["winter"],
    "tags": ["personal-care", "hand-wash-sanitisers"],
    "locations": {
      "vic": {
        "price": 12,
        "promoText": " ",
        "packageSize": "1L",
        "packagePrice": "$12.00 per 1L"
      }
    }
  },
  {
    "id": "dettol-healthy-touch-instant-hand-sanitizer-refresh",
    "brand": "Dettol",
    "name": "Healthy Touch Liquid Antibacterial Instant Hand Sanitiser",
    "imageUrl": "https://shop.coles.com.au/wcsstore/Coles-CAS/images/6/4/4/6445236-th.jpg",
    "categories": ["winter"],
    "tags": ["personal-care", "hand-wash-sanitisers"],
    "locations": {
      "vic": {
        "price": 3.5,
        "promoText": " ",
        "packageSize": "50mL",
        "packagePrice": "$0.70 per 10mL"
      }
    }
  },
  {
    "id": "dettol-instant-clip-hand-sanitiser",
    "brand": "Dettol",
    "name": "Instant Hand Sanitiser Clip",
    "imageUrl": "https://shop.coles.com.au/wcsstore/Coles-CAS/images/3/5/1/3517319-th.jpg",
    "categories": ["winter"],
    "tags": ["personal-care", "hand-wash-sanitisers"],
    "locations": {
      "vic": {
        "price": 4,
        "promoText": " ",
        "packageSize": "50mL",
        "packagePrice": "$8.00 per 100mL"
      }
    }
  },
  {
    "id": "ecostore-hand-wash-rose-geranium",
    "brand": "Ecostore",
    "name": "Rose & Geranium Hand Wash",
    "imageUrl": "https://shop.coles.com.au/wcsstore/Coles-CAS/images/3/5/1/3516983-th.jpg",
    "categories": ["winter"],
    "tags": ["personal-care", "hand-wash-sanitisers"],
    "locations": {
      "vic": {
        "price": 5.5,
        "promoText": " ",
        "packageSize": "250mL",
        "packagePrice": "$2.20 per 100mL"
      }
    }
  },
  {
    "id": "koi-hand-wash-jasmine-sandalwood",
    "brand": "KOi",
    "name": "Jasmine & Sandalwood Hand Wash",
    "imageUrl": "https://shop.coles.com.au/wcsstore/Coles-CAS/images/3/5/1/3519610-th.jpg",
    "categories": ["winter"],
    "tags": ["personal-care", "hand-wash-sanitisers"],
    "locations": {
      "vic": {
        "price": 7,
        "promoText": " ",
        "packageSize": "500mL",
        "packagePrice": "$1.40 per 100mL"
      }
    }
  },
  {
    "id": "koi-hand-wash-bergamot-magnolia",
    "brand": "KOi",
    "name": "Bergamot & Magnolia Hand Wash",
    "imageUrl": "https://shop.coles.com.au/wcsstore/Coles-CAS/images/3/5/1/3519584-th.jpg",
    "categories": ["winter"],
    "tags": ["personal-care", "hand-wash-sanitisers"],
    "locations": {
      "vic": {
        "price": 7,
        "promoText": " ",
        "packageSize": "500mL",
        "packagePrice": "$1.40 per 100mL"
      }
    }
  },
  {
    "id": "lifebuoy-hs-total",
    "brand": "Lifebuoy",
    "name": "Hs Total",
    "imageUrl": "https://shop.coles.com.au/wcsstore/ColesResponsiveStorefrontAssetStore/dist/ccfc54aed6e361b650bcf0582f7b576b/img/img_product-placeholder.png",
    "categories": ["winter"],
    "tags": ["personal-care", "hand-wash-sanitisers"],
    "locations": {
      "vic": {
        "price": 3.7,
        "promoText": " ",
        "packageSize": "50mL",
        "packagePrice": "$7.40 per 100mL"
      }
    }
  },
  {
    "id": "oc-anti-bacterial-orange-ginger-handwash",
    "brand": "OC",
    "name": "Anti Bacterial Orange & Ginger Handwash",
    "imageUrl": "https://shop.coles.com.au/wcsstore/Coles-CAS/images/3/7/9/3798502-th.jpg",
    "categories": ["winter"],
    "tags": ["personal-care", "hand-wash-sanitisers"],
    "locations": {
      "vic": {
        "price": 0,
        "promoText": " ",
        "packageSize": "400mL",
        "packagePrice": ""
      }
    }
  },
  {
    "id": "only-good-hand-wash-refresh",
    "brand": "Only Good",
    "name": "Hand Wash Refresh",
    "imageUrl": "https://shop.coles.com.au/wcsstore/Coles-CAS/images/3/0/1/3011987-th.jpg",
    "categories": ["winter"],
    "tags": ["personal-care", "hand-wash-sanitisers"],
    "locations": {
      "vic": {
        "price": 6,
        "promoText": " ",
        "packageSize": "300mL",
        "packagePrice": "$2.00 per 100mL"
      }
    }
  },
  {
    "id": "our-oure-planet-hand-sanitiser",
    "brand": "Our Pure Planet",
    "name": "Hand Sanitiser",
    "imageUrl": "https://shop.coles.com.au/wcsstore/Coles-CAS/images/3/8/0/3803170-th.jpg",
    "categories": ["winter"],
    "tags": ["personal-care", "hand-wash-sanitisers"],
    "locations": {
      "vic": {
        "price": 3.5,
        "promoText": " ",
        "packageSize": "50mL",
        "packagePrice": "$7.00 per 100mL"
      }
    }
  },
  {
    "id": "palmolive-decor-van-swt-almond-foaming-hand-wash",
    "brand": "Palmolive",
    "name": "Vanilla & Sweet Almond Foaming Hand Wash",
    "imageUrl": "https://shop.coles.com.au/wcsstore/Coles-CAS/images/3/2/2/3227115-th.jpg",
    "categories": ["winter"],
    "tags": ["personal-care", "hand-wash-sanitisers"],
    "locations": {
      "vic": {
        "price": 7,
        "promoText": " ",
        "packageSize": "400mL",
        "packagePrice": "$1.75 per 100mL"
      }
    }
  },
  {
    "id": "palmolive-foaming-pump-hand-wash-magnla-argan",
    "brand": "Palmolive",
    "name": "Magnolia + Argan Oil Foaming Hand Wash",
    "imageUrl": "https://shop.coles.com.au/wcsstore/Coles-CAS/images/3/5/1/3510091-th.jpg",
    "categories": ["winter"],
    "tags": ["personal-care", "hand-wash-sanitisers"],
    "locations": {
      "vic": {
        "price": 7,
        "promoText": " ",
        "packageSize": "400mL",
        "packagePrice": "$1.75 per 100mL"
      }
    }
  },
  {
    "id": "palmolive-luminous-oils-invigorating-hand-wash",
    "brand": "Palmolive",
    "name": "Luminous Oils Macadamia Oil With Peony Invigorating Hand Wash",
    "imageUrl": "https://shop.coles.com.au/wcsstore/Coles-CAS/images/3/5/1/3515266-th.jpg",
    "categories": ["winter"],
    "tags": ["personal-care", "hand-wash-sanitisers"],
    "locations": {
      "vic": {
        "price": 7,
        "promoText": " ",
        "packageSize": "500mL",
        "packagePrice": "$1.40 per 100mL"
      }
    }
  },
  {
    "id": "palmolive-elements-micellar-hand-wash",
    "brand": "Palmolive",
    "name": "Elements Micellar Hand Wash",
    "imageUrl": "https://shop.coles.com.au/wcsstore/Coles-CAS/images/3/7/2/3726104-th.jpg",
    "categories": ["winter"],
    "tags": ["personal-care", "hand-wash-sanitisers"],
    "locations": {
      "vic": {
        "price": 7.5,
        "promoText": " ",
        "packageSize": "500mL",
        "packagePrice": "$1.50 per 100mL"
      }
    }
  },
  {
    "id": "palmolive-elements-charcoal-hand-wash",
    "brand": "Palmolive",
    "name": "Elements Charcoal Hand Wash",
    "imageUrl": "https://shop.coles.com.au/wcsstore/Coles-CAS/images/3/7/2/3726068-th.jpg",
    "categories": ["winter"],
    "tags": ["personal-care", "hand-wash-sanitisers"],
    "locations": {
      "vic": {
        "price": 7.5,
        "promoText": " ",
        "packageSize": "500mL",
        "packagePrice": "$1.50 per 100mL"
      }
    }
  },
  {
    "id": "pears-hand-wash-pump",
    "brand": "Pears",
    "name": "Hand Wash Pump",
    "imageUrl": "https://shop.coles.com.au/wcsstore/Coles-CAS/images/3/2/4/3247553-th.jpg",
    "categories": ["winter"],
    "tags": ["personal-care", "hand-wash-sanitisers"],
    "locations": {
      "vic": {
        "price": 3.5,
        "promoText": " ",
        "packageSize": "250mL",
        "packagePrice": "$1.40 per 100mL"
      }
    }
  }
]

