[
  {
    "id": "freedom-foods-active-balance-multigrain-cranberry",
    "brand": "Freedom Foods",
    "name": "Active Balance Multigrain & Cranberry",
    "imageUrl": "https://shop.coles.com.au/wcsstore/Coles-CAS/images/1/8/3/1838537-th.jpg",
    "categories": ["back-to-school"],
    "tags": ["whats-for-breakfast", "something-healthier"],
    "locations": {
      "vic": {
        "price": 3,
        "promoText": "$3.00 ",
        "packageSize": "350g",
        "packagePrice": "$0.86 per 100G"
      }
    }
  },
  {
    "id": "coles-eggs-free-range-12-pack-9453456p",
    "brand": "Coles",
    "name": "Free Range Large Eggs 12 Pack",
    "imageUrl": "https://shop.coles.com.au/wcsstore/Coles-CAS/images/9/4/5/9453456-th.jpg",
    "categories": ["back-to-school"],
    "tags": ["whats-for-breakfast", "something-healthier"],
    "locations": {
      "vic": {
        "price": 4.1,
        "promoText": " ",
        "packageSize": "600g",
        "packagePrice": "$0.68 per 100G"
      }
    }
  },
  {
    "id": "sunny-queen-farms-eggs-free-range-18-pack",
    "brand": "Sunny Queen",
    "name": "Free Range Large Eggs 18 pack",
    "imageUrl": "https://shop.coles.com.au/wcsstore/Coles-CAS/images/8/9/5/8953577-th.jpg",
    "categories": ["back-to-school"],
    "tags": ["whats-for-breakfast", "something-healthier"],
    "locations": {
      "vic": {
        "price": 8.75,
        "promoText": " ",
        "packageSize": "900g",
        "packagePrice": "$0.97 per 100G"
      }
    }
  },
  {
    "id": "farm-fresh-cage-eggs-12pk-700g",
    "brand": "Farm Fresh",
    "name": "Cage Eggs 12 pack",
    "imageUrl": "https://shop.coles.com.au/wcsstore/Coles-CAS/images/2/9/1/2915961-th.jpg",
    "categories": ["back-to-school"],
    "tags": ["whats-for-breakfast", "something-healthier"],
    "locations": {
      "vic": {
        "price": 3.5,
        "promoText": " ",
        "packageSize": "700g",
        "packagePrice": "$0.50 per 100G"
      }
    }
  },
  {
    "id": "coles-eggs-free-range-jumbo-12-pack",
    "brand": "Coles",
    "name": "Free Range Jumbo Eggs 12 pack",
    "imageUrl": "https://shop.coles.com.au/wcsstore/Coles-CAS/images/1/0/3/1034234-th.jpg",
    "categories": ["back-to-school"],
    "tags": ["whats-for-breakfast", "something-healthier"],
    "locations": {
      "vic": {
        "price": 5,
        "promoText": " ",
        "packageSize": "800g",
        "packagePrice": "$0.63 per 100G"
      }
    }
  },
  {
    "id": "myrtle-creek-cage-free-x-large-eggs-12pk",
    "brand": "Myrtle Creek",
    "name": "Cage Free Extra Large Eggs 12 Pack",
    "imageUrl": "https://shop.coles.com.au/wcsstore/Coles-CAS/images/3/2/0/3208879-th.jpg",
    "categories": ["back-to-school"],
    "tags": ["whats-for-breakfast", "something-healthier"],
    "locations": {
      "vic": {
        "price": 3.95,
        "promoText": " ",
        "packageSize": "700g",
        "packagePrice": "$0.56 per 100G"
      }
    }
  },
  {
    "id": "sunny-queen-farms-eggs-organic-large",
    "brand": "Sunny Queen",
    "name": "Organic Free Range Large Eggs 10 pack",
    "imageUrl": "https://shop.coles.com.au/wcsstore/Coles-CAS/images/3/0/5/3052747-th.jpg",
    "categories": ["back-to-school"],
    "tags": ["whats-for-breakfast", "something-healthier"],
    "locations": {
      "vic": {
        "price": 9.4,
        "promoText": " ",
        "packageSize": "590g",
        "packagePrice": "$1.59 per 100G"
      }
    }
  },
  {
    "id": "coles-organic-free-range-eggs-12pk-600g",
    "brand": "Coles",
    "name": "Organic Free Range Eggs 12 Pack",
    "imageUrl": "https://shop.coles.com.au/wcsstore/Coles-CAS/images/3/1/6/3169697-th.jpg",
    "categories": ["back-to-school"],
    "tags": ["whats-for-breakfast", "something-healthier"],
    "locations": {
      "vic": {
        "price": 8.95,
        "promoText": " ",
        "packageSize": "600g",
        "packagePrice": "$1.49 per 100G"
      }
    }
  },
  {
    "id": "freedom-foods-cereal-rice-puffs--gluten-free",
    "brand": "Freedom Foods",
    "name": "Cereal Rice Puffs",
    "imageUrl": "https://shop.coles.com.au/wcsstore/Coles-CAS/images/4/6/0/4604703-th.jpg",
    "categories": ["back-to-school"],
    "tags": ["whats-for-breakfast", "something-healthier"],
    "locations": {
      "vic": {
        "price": 2,
        "promoText": "$2.00 ",
        "packageSize": "250g",
        "packagePrice": "$0.80 per 100G"
      }
    }
  },
  {
    "id": "melrose-naturals-spread-gluten-free-almond",
    "brand": "Melrose",
    "name": "Almond Naturals Gluten Free Spread",
    "imageUrl": "https://shop.coles.com.au/wcsstore/Coles-CAS/images/5/3/6/5367625-th.jpg",
    "categories": ["back-to-school"],
    "tags": ["whats-for-breakfast", "something-healthier"],
    "locations": {
      "vic": {
        "price": 8.95,
        "promoText": " ",
        "packageSize": "250g",
        "packagePrice": "$3.58 per 100G"
      }
    }
  },
  {
    "id": "freedom-foods-active-balance-buckwheat-quinoa-cereal",
    "brand": "Freedom Foods",
    "name": "Active Balance Buckwheat & Quinoa Cereal",
    "imageUrl": "https://shop.coles.com.au/wcsstore/Coles-CAS/images/1/8/3/1838548-th.jpg",
    "categories": ["back-to-school"],
    "tags": ["whats-for-breakfast", "something-healthier"],
    "locations": {
      "vic": {
        "price": 3,
        "promoText": "$3.00 ",
        "packageSize": "350g",
        "packagePrice": "$0.86 per 100G"
      }
    }
  },
  {
    "id": "freedom-foods-xo-crunch",
    "brand": "Freedom Foods",
    "name": "XO Crunch",
    "imageUrl": "https://shop.coles.com.au/wcsstore/Coles-CAS/images/1/9/9/1992606-th.jpg",
    "categories": ["back-to-school"],
    "tags": ["whats-for-breakfast", "something-healthier"],
    "locations": {
      "vic": {
        "price": 2,
        "promoText": "$2.00 ",
        "packageSize": "285g",
        "packagePrice": "$0.70 per 100G"
      }
    }
  },
  {
    "id": "freedom-foods-corn-flakes",
    "brand": "Freedom Foods",
    "name": "Corn Flakes",
    "imageUrl": "https://shop.coles.com.au/wcsstore/Coles-CAS/images/2/4/7/2471391-th.jpg",
    "categories": ["back-to-school"],
    "tags": ["whats-for-breakfast", "something-healthier"],
    "locations": {
      "vic": {
        "price": 2,
        "promoText": "$2.00 ",
        "packageSize": "260g",
        "packagePrice": "$0.77 per 100G"
      }
    }
  },
  {
    "id": "coles-simply-gluten-free-cereal-corn-flakes",
    "brand": "Coles",
    "name": "I'M Free From Corn Flakes",
    "imageUrl": "https://shop.coles.com.au/wcsstore/Coles-CAS/images/1/2/5/1250466-th.jpg",
    "categories": ["back-to-school"],
    "tags": ["whats-for-breakfast", "something-healthier"],
    "locations": {
      "vic": {
        "price": 3,
        "promoText": " ",
        "packageSize": "375g",
        "packagePrice": "$0.80 per 100G"
      }
    }
  },
  {
    "id": "sunny-queen-farms-eggs-cage-free-large-18-pack",
    "brand": "Sunny Queen",
    "name": "Cage Free Large Eggs 18 pack",
    "imageUrl": "https://shop.coles.com.au/wcsstore/Coles-CAS/images/8/9/4/8946775-th.jpg",
    "categories": ["back-to-school"],
    "tags": ["whats-for-breakfast", "something-healthier"],
    "locations": {
      "vic": {
        "price": 7.6,
        "promoText": " ",
        "packageSize": "900g",
        "packagePrice": "$0.84 per 100G"
      }
    }
  },
  {
    "id": "wellness-road-organic-hulled-tahini",
    "brand": "Wellness Road",
    "name": "Organic Hulled Tahini",
    "imageUrl": "https://shop.coles.com.au/wcsstore/Coles-CAS/images/3/6/2/3624603-th.jpg",
    "categories": ["back-to-school"],
    "tags": ["whats-for-breakfast", "something-healthier"],
    "locations": {
      "vic": {
        "price": 5,
        "promoText": " ",
        "packageSize": "375g",
        "packagePrice": "$1.33 per 100G"
      }
    }
  },
  {
    "id": "freedom-foods-cereal-ultra-rice-maple-crunch-gluten-free",
    "brand": "Freedom Foods",
    "name": "Ultra Rice Maple Crunch Gluten Free",
    "imageUrl": "https://shop.coles.com.au/wcsstore/Coles-CAS/images/9/5/5/9552367-th.jpg",
    "categories": ["back-to-school"],
    "tags": ["whats-for-breakfast", "something-healthier"],
    "locations": {
      "vic": {
        "price": 2.5,
        "promoText": "$2.50 ",
        "packageSize": "300g",
        "packagePrice": "$0.83 per 100G"
      }
    }
  },
  {
    "id": "messy-monkey-choc-crunch-cereal",
    "brand": "Freedom Foods",
    "name": "Messy Monkeys Gluten Free Choc Crunch Cereal",
    "imageUrl": "https://shop.coles.com.au/wcsstore/Coles-CAS/images/3/4/6/3464530-th.jpg",
    "categories": ["back-to-school"],
    "tags": ["whats-for-breakfast", "something-healthier"],
    "locations": {
      "vic": {
        "price": 4,
        "promoText": " ",
        "packageSize": "240g",
        "packagePrice": "$1.67 per 100G"
      }
    }
  },
  {
    "id": "food-for-health-cereal-cluster-fruit-free",
    "brand": "Food For Health",
    "name": "Fruit Free Clusters with Chai & Cinnamon",
    "imageUrl": "https://shop.coles.com.au/wcsstore/Coles-CAS/images/7/5/9/7595493-th.jpg",
    "categories": ["back-to-school"],
    "tags": ["whats-for-breakfast", "something-healthier"],
    "locations": {
      "vic": {
        "price": 8,
        "promoText": " ",
        "packageSize": "425g",
        "packagePrice": "$1.88 per 100G"
      }
    }
  },
  {
    "id": "freedom-foods-cereal-fructose-free-ancient-grain-muesli",
    "brand": "Freedom Foods",
    "name": "Fructose Free Ancient Grain Muesli",
    "imageUrl": "https://shop.coles.com.au/wcsstore/Coles-CAS/images/1/2/6/1263694-th.jpg",
    "categories": ["back-to-school"],
    "tags": ["whats-for-breakfast", "something-healthier"],
    "locations": {
      "vic": {
        "price": 3.25,
        "promoText": "$3.25 ",
        "packageSize": "300g",
        "packagePrice": "$1.08 per 100G"
      }
    }
  },
  {
    "id": "abundant-earth-puffed-rice-cereal",
    "brand": "Abundant Earth",
    "name": "Puffed Rice Cereal",
    "imageUrl": "https://shop.coles.com.au/wcsstore/Coles-CAS/images/5/4/0/5405291-th.jpg",
    "categories": ["back-to-school"],
    "tags": ["whats-for-breakfast", "something-healthier"],
    "locations": {
      "vic": {
        "price": 3.5,
        "promoText": " ",
        "packageSize": "170g",
        "packagePrice": "$2.06 per 100G"
      }
    }
  },
  {
    "id": "keep-it-cleaner-gluten-free-pridge-schts-originl",
    "brand": "Keep It Cleaner",
    "name": "Gluten Free Porridge Original",
    "imageUrl": "https://shop.coles.com.au/wcsstore/Coles-CAS/images/3/1/3/3134739-th.jpg",
    "categories": ["back-to-school"],
    "tags": ["whats-for-breakfast", "something-healthier"],
    "locations": {
      "vic": {
        "price": 8,
        "promoText": " ",
        "packageSize": "200g",
        "packagePrice": "$4.00 per 100G"
      }
    }
  },
  {
    "id": "mayvers-health-time-tahini-spread-gluten-free",
    "brand": "Mayvers",
    "name": "Health Time Gluten Free Tahini Spread",
    "imageUrl": "https://shop.coles.com.au/wcsstore/Coles-CAS/images/5/0/2/5022180-th.jpg",
    "categories": ["back-to-school"],
    "tags": ["whats-for-breakfast", "something-healthier"],
    "locations": {
      "vic": {
        "price": 5.29,
        "promoText": " ",
        "packageSize": "385g",
        "packagePrice": "$1.37 per 100G"
      }
    }
  },
  {
    "id": "freedom-foods-cereal-muesli-gluten-free",
    "brand": "Freedom Foods",
    "name": "Gluten Free Muesli",
    "imageUrl": "https://shop.coles.com.au/wcsstore/Coles-CAS/images/5/7/4/5748152-th.jpg",
    "categories": ["back-to-school"],
    "tags": ["whats-for-breakfast", "something-healthier"],
    "locations": {
      "vic": {
        "price": 3.25,
        "promoText": "$3.25 ",
        "packageSize": "500g",
        "packagePrice": "$0.65 per 100G"
      }
    }
  },
  {
    "id": "freedom-foods-xo-crunch-berry-flavour",
    "brand": "Freedom Foods",
    "name": "Xo Crunch Berry Flavour",
    "imageUrl": "https://shop.coles.com.au/wcsstore/Coles-CAS/images/3/6/2/3624636-th.jpg",
    "categories": ["back-to-school"],
    "tags": ["whats-for-breakfast", "something-healthier"],
    "locations": {
      "vic": {
        "price": 2,
        "promoText": "$2.00 ",
        "packageSize": "245g",
        "packagePrice": "$0.82 per 100G"
      }
    }
  },
  {
    "id": "melrose-naturals-cashew-spread",
    "brand": "Melrose",
    "name": "Naturals Cashew Spread",
    "imageUrl": "https://shop.coles.com.au/wcsstore/Coles-CAS/images/5/3/6/5367636-th.jpg",
    "categories": ["back-to-school"],
    "tags": ["whats-for-breakfast", "something-healthier"],
    "locations": {
      "vic": {
        "price": 8.95,
        "promoText": " ",
        "packageSize": "250g",
        "packagePrice": "$3.58 per 100G"
      }
    }
  },
  {
    "id": "red-tractor-steel-cut-oats",
    "brand": "Red Tractor",
    "name": "Steel Cut Oats",
    "imageUrl": "https://shop.coles.com.au/wcsstore/Coles-CAS/images/1/7/4/1745800-th.jpg",
    "categories": ["back-to-school"],
    "tags": ["whats-for-breakfast", "something-healthier"],
    "locations": {
      "vic": {
        "price": 7,
        "promoText": " ",
        "packageSize": "850g",
        "packagePrice": "$0.82 per 100G"
      }
    }
  },
  {
    "id": "red-tractor-honey-nut-crumble-granola",
    "brand": "Red Tractor",
    "name": "Fruit Free Honey Nut Crumble Granola",
    "imageUrl": "https://shop.coles.com.au/wcsstore/Coles-CAS/images/1/7/4/1745710-th.jpg",
    "categories": ["back-to-school"],
    "tags": ["whats-for-breakfast", "something-healthier"],
    "locations": {
      "vic": {
        "price": 8.8,
        "promoText": " ",
        "packageSize": "400g",
        "packagePrice": "$2.20 per 100G"
      }
    }
  },
  {
    "id": "coles-gluten-free-almond--brazil-cashew-spread",
    "brand": "Wellness Road",
    "name": "ABC Spread",
    "imageUrl": "https://shop.coles.com.au/wcsstore/Coles-CAS/images/3/1/3/3134309-th.jpg",
    "categories": ["back-to-school"],
    "tags": ["whats-for-breakfast", "something-healthier"],
    "locations": {
      "vic": {
        "price": 8,
        "promoText": "Was $8.50 on Aug 2019 ",
        "packageSize": "250g",
        "packagePrice": "$3.20 per 100G"
      }
    }
  },
  {
    "id": "abundant-earth-puffed-corn-cereal",
    "brand": "Abundant Earth",
    "name": "Puffed Corn Cereal",
    "imageUrl": "https://shop.coles.com.au/wcsstore/Coles-CAS/images/5/4/1/5419161-th.jpg",
    "categories": ["back-to-school"],
    "tags": ["whats-for-breakfast", "something-healthier"],
    "locations": {
      "vic": {
        "price": 3.5,
        "promoText": " ",
        "packageSize": "170g",
        "packagePrice": "$2.06 per 100G"
      }
    }
  },
  {
    "id": "coles-organic-rolled-oats-creamy-style",
    "brand": "Coles",
    "name": "Traditional Rolled Oats",
    "imageUrl": "https://shop.coles.com.au/wcsstore/Coles-CAS/images/8/6/6/8667895-th.jpg",
    "categories": ["back-to-school"],
    "tags": ["whats-for-breakfast", "something-healthier"],
    "locations": {
      "vic": {
        "price": 3.5,
        "promoText": "Was $3.75 on Sep 2018 ",
        "packageSize": "500g",
        "packagePrice": "$0.70 per 100G"
      }
    }
  },
  {
    "id": "food-for-health-fruit-free-cacao-coffee-gf",
    "brand": "Food For Health",
    "name": "Coffee & Cacao Fruit Free Clusters",
    "imageUrl": "https://shop.coles.com.au/wcsstore/Coles-CAS/images/2/8/9/2899264-th.jpg",
    "categories": ["back-to-school"],
    "tags": ["whats-for-breakfast", "something-healthier"],
    "locations": {
      "vic": {
        "price": 8,
        "promoText": " ",
        "packageSize": "425g",
        "packagePrice": "$1.88 per 100G"
      }
    }
  },
  {
    "id": "messy-monkey-banana-blast-cereal",
    "brand": "Freedom Foods",
    "name": "Messy Monkeys Gluten Free Banana Flavour Cereal",
    "imageUrl": "https://shop.coles.com.au/wcsstore/Coles-CAS/images/3/4/6/3464518-th.jpg",
    "categories": ["back-to-school"],
    "tags": ["whats-for-breakfast", "something-healthier"],
    "locations": {
      "vic": {
        "price": 4,
        "promoText": " ",
        "packageSize": "220g",
        "packagePrice": "$1.82 per 100G"
      }
    }
  },
  {
    "id": "messy-monkey-berry-shake-cereal",
    "brand": "Freedom Foods",
    "name": "Messy Monkeys Gluten Free Berry Shake Flavour Cereal",
    "imageUrl": "https://shop.coles.com.au/wcsstore/Coles-CAS/images/3/4/6/3464529-th.jpg",
    "categories": ["back-to-school"],
    "tags": ["whats-for-breakfast", "something-healthier"],
    "locations": {
      "vic": {
        "price": 4,
        "promoText": " ",
        "packageSize": "240g",
        "packagePrice": "$1.67 per 100G"
      }
    }
  },
  {
    "id": "mayvers-health-time-tahini-spread-gluten-free-unhulled",
    "brand": "Mayvers",
    "name": "Gluten Free Health Time Unhulled Tahini Spread",
    "imageUrl": "https://shop.coles.com.au/wcsstore/Coles-CAS/images/8/0/8/8082020-th.jpg",
    "categories": ["back-to-school"],
    "tags": ["whats-for-breakfast", "something-healthier"],
    "locations": {
      "vic": {
        "price": 5.29,
        "promoText": " ",
        "packageSize": "385g",
        "packagePrice": "$1.37 per 100G"
      }
    }
  },
  {
    "id": "mayvers-org-peanut-spread-coconut",
    "brand": "Mayvers",
    "name": "Organic Coconut Peanut Spread",
    "imageUrl": "https://shop.coles.com.au/wcsstore/Coles-CAS/images/1/4/6/1464153-th.jpg",
    "categories": ["back-to-school"],
    "tags": ["whats-for-breakfast", "something-healthier"],
    "locations": {
      "vic": {
        "price": 6,
        "promoText": " ",
        "packageSize": "375g",
        "packagePrice": "$1.60 per 100G"
      }
    }
  },
  {
    "id": "vegemite-chesybite-spread",
    "brand": "Vegemite",
    "name": "Cheesybite Spread",
    "imageUrl": "https://shop.coles.com.au/wcsstore/Coles-CAS/images/7/2/7/7277239-th.jpg",
    "categories": ["back-to-school"],
    "tags": ["whats-for-breakfast", "something-healthier"],
    "locations": {
      "vic": {
        "price": 3.5,
        "promoText": "$1.60 ",
        "packageSize": "270g",
        "packagePrice": "$1.30 per 100G"
      }
    }
  },
  {
    "id": "coles-almond-butter",
    "brand": "Wellness Road",
    "name": "Almond Spread",
    "imageUrl": "https://shop.coles.com.au/wcsstore/Coles-CAS/images/2/9/1/2915542-th.jpg",
    "categories": ["back-to-school"],
    "tags": ["whats-for-breakfast", "something-healthier"],
    "locations": {
      "vic": {
        "price": 8,
        "promoText": " ",
        "packageSize": "250g",
        "packagePrice": "$3.20 per 100G"
      }
    }
  },
  {
    "id": "wellness-road-skin-on-peanut-butter",
    "brand": "Wellness Road",
    "name": "Skin On Peanut Butter",
    "imageUrl": "https://shop.coles.com.au/wcsstore/Coles-CAS/images/3/6/1/3611543-th.jpg",
    "categories": ["back-to-school"],
    "tags": ["whats-for-breakfast", "something-healthier"],
    "locations": {
      "vic": {
        "price": 4,
        "promoText": " ",
        "packageSize": "280g",
        "packagePrice": "$1.43 per 100G"
      }
    }
  },
  {
    "id": "coles-organic-rolled-oats-instant",
    "brand": "Coles",
    "name": "Instant Rolled Oats",
    "imageUrl": "https://shop.coles.com.au/wcsstore/Coles-CAS/images/8/6/6/8668049-th.jpg",
    "categories": ["back-to-school"],
    "tags": ["whats-for-breakfast", "something-healthier"],
    "locations": {
      "vic": {
        "price": 3.5,
        "promoText": "Was $3.75 on Sep 2018 ",
        "packageSize": "500g",
        "packagePrice": "$0.70 per 100G"
      }
    }
  },
  {
    "id": "food-for-health-muesli-gluten-free",
    "brand": "Food For Health",
    "name": "Gluten Free Muesli",
    "imageUrl": "https://shop.coles.com.au/wcsstore/Coles-CAS/images/6/4/2/6428441-th.jpg",
    "categories": ["back-to-school"],
    "tags": ["whats-for-breakfast", "something-healthier"],
    "locations": {
      "vic": {
        "price": 8,
        "promoText": " ",
        "packageSize": "425g",
        "packagePrice": "$1.68 per 100G"
      }
    }
  },
  {
    "id": "food-for-heatlh-simply-fibre-muesli",
    "brand": "Food For Health",
    "name": "Simply Fibre Muesli",
    "imageUrl": "https://shop.coles.com.au/wcsstore/Coles-CAS/images/2/8/9/2899286-th.jpg",
    "categories": ["back-to-school"],
    "tags": ["whats-for-breakfast", "something-healthier"],
    "locations": {
      "vic": {
        "price": 8,
        "promoText": " ",
        "packageSize": "475g",
        "packagePrice": "$1.68 per 100G"
      }
    }
  },
  {
    "id": "food-for-health-fruit-free-clstr-simply-nuty-gf",
    "brand": "Food For Health",
    "name": "Nutty Almond Fruit Free Clusters",
    "imageUrl": "https://shop.coles.com.au/wcsstore/Coles-CAS/images/2/8/9/2899275-th.jpg",
    "categories": ["back-to-school"],
    "tags": ["whats-for-breakfast", "something-healthier"],
    "locations": {
      "vic": {
        "price": 8,
        "promoText": " ",
        "packageSize": "425g",
        "packagePrice": "$1.88 per 100G"
      }
    }
  },
  {
    "id": "messy-monkeys-honey-buzz-cereal",
    "brand": "Freedom Foods",
    "name": "Messy Monkeys Gluten Free Honey Buzz Flavour Cereal",
    "imageUrl": "https://shop.coles.com.au/wcsstore/Coles-CAS/images/3/6/2/3624647-th.jpg",
    "categories": ["back-to-school"],
    "tags": ["whats-for-breakfast", "something-healthier"],
    "locations": {
      "vic": {
        "price": 4,
        "promoText": " ",
        "packageSize": "250g",
        "packagePrice": "$1.60 per 100G"
      }
    }
  },
  {
    "id": "lowan-rice-porridge-orchard-fruit",
    "brand": "Lowan",
    "name": "Gluten Free Rice Porridge With Orchard Fruits",
    "imageUrl": "https://shop.coles.com.au/wcsstore/Coles-CAS/images/8/7/3/8730380-th.jpg",
    "categories": ["back-to-school"],
    "tags": ["whats-for-breakfast", "something-healthier"],
    "locations": {
      "vic": {
        "price": 0,
        "promoText": " ",
        "packageSize": "500g",
        "packagePrice": ""
      }
    }
  },
  {
    "id": "manuka-health-mgo100-manuka-honey",
    "brand": "Manuka Health",
    "name": "Mgo100+ Manuka Honey",
    "imageUrl": "https://shop.coles.com.au/wcsstore/Coles-CAS/images/3/1/2/3129150-th.jpg",
    "categories": ["back-to-school"],
    "tags": ["whats-for-breakfast", "something-healthier"],
    "locations": {
      "vic": {
        "price": 20,
        "promoText": " ",
        "packageSize": "250g",
        "packagePrice": "$8.00 per 100G"
      }
    }
  },
  {
    "id": "monster-muesli-muesli-berry",
    "brand": "Monster Muesli",
    "name": "Berry Muesli",
    "imageUrl": "https://shop.coles.com.au/wcsstore/Coles-CAS/images/1/4/6/1469850-th.jpg",
    "categories": ["back-to-school"],
    "tags": ["whats-for-breakfast", "something-healthier"],
    "locations": {
      "vic": {
        "price": 7.2,
        "promoText": " ",
        "packageSize": "600g",
        "packagePrice": "$1.20 per 100G"
      }
    }
  },
  {
    "id": "sugar-fre-matcha-coconut-flavoured-cereal",
    "brand": "Orgran",
    "name": "Sugar Free Matcha & Coconut Flavoured Cereal",
    "imageUrl": "https://shop.coles.com.au/wcsstore/Coles-CAS/images/3/6/2/3624068-th.jpg",
    "categories": ["back-to-school"],
    "tags": ["whats-for-breakfast", "something-healthier"],
    "locations": {
      "vic": {
        "price": 5.7,
        "promoText": " ",
        "packageSize": "200g",
        "packagePrice": "$2.85 per 100G"
      }
    }
  },
  {
    "id": "sugar-fre-acai-coconut-flavoured-cereal",
    "brand": "Orgran",
    "name": "Sugar Free Acai & Coconut Flavoured Cereal",
    "imageUrl": "https://shop.coles.com.au/wcsstore/Coles-CAS/images/3/6/2/3624057-th.jpg",
    "categories": ["back-to-school"],
    "tags": ["whats-for-breakfast", "something-healthier"],
    "locations": {
      "vic": {
        "price": 5.7,
        "promoText": " ",
        "packageSize": "200g",
        "packagePrice": "$2.85 per 100G"
      }
    }
  },
  {
    "id": "pureharvest-abc-hemp",
    "brand": "Pureharvest",
    "name": "Abc Hemp Spread",
    "imageUrl": "https://shop.coles.com.au/wcsstore/Coles-CAS/images/3/1/3/3134331-th.jpg",
    "categories": ["back-to-school"],
    "tags": ["whats-for-breakfast", "something-healthier"],
    "locations": {
      "vic": {
        "price": 9,
        "promoText": " ",
        "packageSize": "250g",
        "packagePrice": "$3.60 per 100G"
      }
    }
  },
  {
    "id": "red-tractor-omega-3-instant-oats",
    "brand": "Red Tractor",
    "name": "Protein Oats",
    "imageUrl": "https://shop.coles.com.au/wcsstore/Coles-CAS/images/2/2/7/2276534-th.jpg",
    "categories": ["back-to-school"],
    "tags": ["whats-for-breakfast", "something-healthier"],
    "locations": {
      "vic": {
        "price": 6.5,
        "promoText": " ",
        "packageSize": "400g",
        "packagePrice": "$1.63 per 100G"
      }
    }
  },
  {
    "id": "flax-farms-paleo-protein-mix",
    "brand": "Red Tractor",
    "name": "Paleo Protein Mix",
    "imageUrl": "https://shop.coles.com.au/wcsstore/Coles-CAS/images/2/2/7/2276501-th.jpg",
    "categories": ["back-to-school"],
    "tags": ["whats-for-breakfast", "something-healthier"],
    "locations": {
      "vic": {
        "price": 7.4,
        "promoText": " ",
        "packageSize": "300g",
        "packagePrice": "$2.47 per 100G"
      }
    }
  },
  {
    "id": "red-tractor--paleo-cereal-nut-crunch",
    "brand": "Red Tractor",
    "name": "Paleo Nut Crunch Cereal",
    "imageUrl": "https://shop.coles.com.au/wcsstore/Coles-CAS/images/2/6/1/2618263-th.jpg",
    "categories": ["back-to-school"],
    "tags": ["whats-for-breakfast", "something-healthier"],
    "locations": {
      "vic": {
        "price": 10,
        "promoText": " ",
        "packageSize": "300g",
        "packagePrice": "$3.33 per 100G"
      }
    }
  },
  {
    "id": "coles-psyllium-husk",
    "brand": "Wellness Road",
    "name": "Psyllium Husk Powder",
    "imageUrl": "https://shop.coles.com.au/wcsstore/Coles-CAS/images/1/4/3/1437219-th.jpg",
    "categories": ["back-to-school"],
    "tags": ["whats-for-breakfast", "something-healthier"],
    "locations": {
      "vic": {
        "price": 8,
        "promoText": " ",
        "packageSize": "450g",
        "packagePrice": "$1.78 per 100G"
      }
    }
  },
  {
    "id": "vegemite-spread-6027622p",
    "brand": "Vegemite",
    "name": "Spread",
    "imageUrl": "https://shop.coles.com.au/wcsstore/Coles-CAS/images/6/0/2/6027622-th.jpg",
    "categories": ["back-to-school"],
    "tags": ["whats-for-breakfast", "all-time-favourites"],
    "locations": {
      "vic": {
        "price": 8,
        "promoText": " ",
        "packageSize": "560g",
        "packagePrice": "$1.43 per 100G"
      }
    }
  },
  {
    "id": "kelloggs-cereal-rice-bubbles-8495803p",
    "brand": "Kellogg's",
    "name": "Rice Bubbles Puffed Rice Breakfast Cereal",
    "imageUrl": "https://shop.coles.com.au/wcsstore/Coles-CAS/images/8/4/9/8495803-th.jpg",
    "categories": ["back-to-school"],
    "tags": ["whats-for-breakfast", "all-time-favourites"],
    "locations": {
      "vic": {
        "price": 5.3,
        "promoText": " ",
        "packageSize": "410g",
        "packagePrice": "$1.29 per 100G"
      }
    }
  },
  {
    "id": "sanitarium-so-good-milk-long-life-soy-regular-403029p",
    "brand": "Sanitarium",
    "name": "So Good Long Life Regular Soy Milk",
    "imageUrl": "https://shop.coles.com.au/wcsstore/Coles-CAS/images/4/0/3/403029-th.jpg",
    "categories": ["back-to-school"],
    "tags": ["whats-for-breakfast", "all-time-favourites"],
    "locations": {
      "vic": {
        "price": 1.9,
        "promoText": " ",
        "packageSize": "1L",
        "packagePrice": "$1.90 per 1L"
      }
    }
  },
  {
    "id": "sanitarium-up-go-liquid-breakfast-chocolate-ice-3-pack",
    "brand": "Sanitarium",
    "name": "UP&GO Liquid Breakfast Choc Ice 250mL",
    "imageUrl": "https://shop.coles.com.au/wcsstore/Coles-CAS/images/7/1/4/7144632-th.jpg",
    "categories": ["back-to-school"],
    "tags": ["whats-for-breakfast", "all-time-favourites"],
    "locations": {
      "vic": {
        "price": 4.8,
        "promoText": " ",
        "packageSize": "3 pack",
        "packagePrice": "$0.64 per 100mL"
      }
    }
  },
  {
    "id": "meadow-lea-spread-margarine-tub-138074p",
    "brand": "Meadow Lea",
    "name": "Original Margarine Spread",
    "imageUrl": "https://shop.coles.com.au/wcsstore/Coles-CAS/images/1/3/8/138074-th.jpg",
    "categories": ["back-to-school"],
    "tags": ["whats-for-breakfast", "all-time-favourites"],
    "locations": {
      "vic": {
        "price": 2,
        "promoText": "$1.30 ",
        "packageSize": "500g",
        "packagePrice": "$0.40 per 100G"
      }
    }
  },
  {
    "id": "sanitarium-weet-bix-2001784p",
    "brand": "Sanitarium",
    "name": "Weet-Bix Breakfast Cereal",
    "imageUrl": "https://shop.coles.com.au/wcsstore/Coles-CAS/images/2/0/0/2001784-th.jpg",
    "categories": ["back-to-school"],
    "tags": ["whats-for-breakfast", "all-time-favourites"],
    "locations": {
      "vic": {
        "price": 3.8,
        "promoText": " ",
        "packageSize": "575g",
        "packagePrice": "$0.66 per 100G"
      }
    }
  },
  {
    "id": "brekky-heroes-choc-boulders",
    "brand": "Freedom Foods",
    "name": "Brekky Heroes Choc Boulders",
    "imageUrl": "https://shop.coles.com.au/wcsstore/Coles-CAS/images/3/2/0/3208278-th.jpg",
    "categories": ["back-to-school"],
    "tags": ["whats-for-breakfast", "all-time-favourites"],
    "locations": {
      "vic": {
        "price": 4,
        "promoText": " ",
        "packageSize": "260g",
        "packagePrice": "$1.54 per 100G"
      }
    }
  },
  {
    "id": "brekky-heroes-honey-bolts",
    "brand": "Freedom Foods",
    "name": "Brekky Heroes Honey Bolts",
    "imageUrl": "https://shop.coles.com.au/wcsstore/Coles-CAS/images/3/2/0/3208289-th.jpg",
    "categories": ["back-to-school"],
    "tags": ["whats-for-breakfast", "all-time-favourites"],
    "locations": {
      "vic": {
        "price": 4,
        "promoText": " ",
        "packageSize": "300g",
        "packagePrice": "$1.33 per 100G"
      }
    }
  },
  {
    "id": "brekky-heroes-fruity-hoops",
    "brand": "Freedom Foods",
    "name": "Brekky Heroes Fruity Hoops",
    "imageUrl": "https://shop.coles.com.au/wcsstore/Coles-CAS/images/3/2/0/3208303-th.jpg",
    "categories": ["back-to-school"],
    "tags": ["whats-for-breakfast", "all-time-favourites"],
    "locations": {
      "vic": {
        "price": 4,
        "promoText": " ",
        "packageSize": "285g",
        "packagePrice": "$1.40 per 100G"
      }
    }
  },
  {
    "id": "kelloggs-cereal-cornflakes",
    "brand": "Kellogg's",
    "name": "Corn Flakes Breakfast Cereal",
    "imageUrl": "https://shop.coles.com.au/wcsstore/Coles-CAS/images/8/4/9/8496249-th.jpg",
    "categories": ["back-to-school"],
    "tags": ["whats-for-breakfast", "all-time-favourites"],
    "locations": {
      "vic": {
        "price": 4.5,
        "promoText": " ",
        "packageSize": "725g",
        "packagePrice": "$0.62 per 100G"
      }
    }
  },
  {
    "id": "golden-crumpets-wholemeal-rounds",
    "brand": "Golden",
    "name": "Wholemeal Crumpets 6 Pack",
    "imageUrl": "https://shop.coles.com.au/wcsstore/Coles-CAS/images/2/9/2/292223-th.jpg",
    "categories": ["back-to-school"],
    "tags": ["whats-for-breakfast", "all-time-favourites"],
    "locations": {
      "vic": {
        "price": 3.7,
        "promoText": "Any 2 $4",
        "packageSize": "300g",
        "packagePrice": "$1.23 per 100G"
      }
    }
  },
  {
    "id": "kelloggs-cereal-coco-pops-8490209p",
    "brand": "Kellogg's",
    "name": "Coco Pops Chocolatey Breakfast Cereal",
    "imageUrl": "https://shop.coles.com.au/wcsstore/Coles-CAS/images/8/4/9/8490209-th.jpg",
    "categories": ["back-to-school"],
    "tags": ["whats-for-breakfast", "all-time-favourites"],
    "locations": {
      "vic": {
        "price": 5.4,
        "promoText": " ",
        "packageSize": "375g",
        "packagePrice": "$1.44 per 100G"
      }
    }
  },
  {
    "id": "coles-raisin-toast",
    "brand": "Coles",
    "name": "Raisin Toast",
    "imageUrl": "https://shop.coles.com.au/wcsstore/Coles-CAS/images/2/3/6/2360890-th.jpg",
    "categories": ["back-to-school"],
    "tags": ["whats-for-breakfast", "all-time-favourites"],
    "locations": {
      "vic": {
        "price": 2,
        "promoText": " ",
        "packageSize": "560g",
        "packagePrice": "$0.36 per 100G"
      }
    }
  },
  {
    "id": "sanitarium-milk-almond-so-good-unsweetened-uht",
    "brand": "Sanitarium",
    "name": "So Good Long Life Unsweetened Almond Milk",
    "imageUrl": "https://shop.coles.com.au/wcsstore/Coles-CAS/images/1/2/6/1260754-th.jpg",
    "categories": ["back-to-school"],
    "tags": ["whats-for-breakfast", "all-time-favourites"],
    "locations": {
      "vic": {
        "price": 2.7,
        "promoText": " ",
        "packageSize": "1L",
        "packagePrice": "$2.70 per 1L"
      }
    }
  },
  {
    "id": "kelloggs-rice-bubbles",
    "brand": "Kellogg's",
    "name": "Rice Bubbles Puffed Rice Breakfast Cereal",
    "imageUrl": "https://shop.coles.com.au/wcsstore/Coles-CAS/images/1/7/5/1758609-th.jpg",
    "categories": ["back-to-school"],
    "tags": ["whats-for-breakfast", "all-time-favourites"],
    "locations": {
      "vic": {
        "price": 6,
        "promoText": " ",
        "packageSize": "705g",
        "packagePrice": "$0.85 per 100G"
      }
    }
  },
  {
    "id": "coles-rice-puffs",
    "brand": "Coles",
    "name": "Rice Puffs",
    "imageUrl": "https://shop.coles.com.au/wcsstore/Coles-CAS/images/2/0/2/2024360-th.jpg",
    "categories": ["back-to-school"],
    "tags": ["whats-for-breakfast", "all-time-favourites"],
    "locations": {
      "vic": {
        "price": 1.85,
        "promoText": " ",
        "packageSize": "360g",
        "packagePrice": "$0.51 per 100G"
      }
    }
  },
  {
    "id": "kelloggs-cereal-cornflakes-8491085p",
    "brand": "Kellogg's",
    "name": "Corn Flakes Breakfast Cereal",
    "imageUrl": "https://shop.coles.com.au/wcsstore/Coles-CAS/images/8/4/9/8491085-th.jpg",
    "categories": ["back-to-school"],
    "tags": ["whats-for-breakfast", "all-time-favourites"],
    "locations": {
      "vic": {
        "price": 2.9,
        "promoText": " ",
        "packageSize": "220g",
        "packagePrice": "$1.32 per 100G"
      }
    }
  },
  {
    "id": "sanitarium-cereal-weet-bix-bites-fruity-wild-berry",
    "brand": "Sanitarium",
    "name": "Weet-Bix Bites Wild berry Breakfast Cereal",
    "imageUrl": "https://shop.coles.com.au/wcsstore/Coles-CAS/images/4/9/5/4951398-th.jpg",
    "categories": ["back-to-school"],
    "tags": ["whats-for-breakfast", "all-time-favourites"],
    "locations": {
      "vic": {
        "price": 4,
        "promoText": "Was $4.45 on Jun 2018 ",
        "packageSize": "500g",
        "packagePrice": "$0.80 per 100G"
      }
    }
  },
  {
    "id": "coles-cereal-corn-flakes",
    "brand": "Coles",
    "name": "Corn Flakes",
    "imageUrl": "https://shop.coles.com.au/wcsstore/Coles-CAS/images/8/7/2/8728071-th.jpg",
    "categories": ["back-to-school"],
    "tags": ["whats-for-breakfast", "all-time-favourites"],
    "locations": {
      "vic": {
        "price": 1.7,
        "promoText": " ",
        "packageSize": "475g",
        "packagePrice": "$0.36 per 100G"
      }
    }
  },
  {
    "id": "kraft-peanut-butter-crunchy-5390911p",
    "brand": "Bega",
    "name": "Crunchy Peanut Butter",
    "imageUrl": "https://shop.coles.com.au/wcsstore/Coles-CAS/images/5/3/9/5390911-th.jpg",
    "categories": ["back-to-school"],
    "tags": ["whats-for-breakfast", "all-time-favourites"],
    "locations": {
      "vic": {
        "price": 5.7,
        "promoText": " ",
        "packageSize": "470g",
        "packagePrice": "$1.21 per 100G"
      }
    }
  },
  {
    "id": "british-sausage-co-back-bacon-smoked",
    "brand": "British Sausage Co",
    "name": "Traditional Smoked British Style Back Bacon",
    "imageUrl": "https://shop.coles.com.au/wcsstore/Coles-CAS/images/2/8/0/2805362-th.jpg",
    "categories": ["back-to-school"],
    "tags": ["whats-for-breakfast", "all-time-favourites"],
    "locations": {
      "vic": {
        "price": 6.5,
        "promoText": "$0.50 ",
        "packageSize": "200g",
        "packagePrice": "$32.50 per 1Kg"
      }
    }
  },
  {
    "id": "coles-cocoa-puffs-cereal",
    "brand": "Coles",
    "name": "Cocoa Puffs",
    "imageUrl": "https://shop.coles.com.au/wcsstore/Coles-CAS/images/2/0/2/2024349-th.jpg",
    "categories": ["back-to-school"],
    "tags": ["whats-for-breakfast", "all-time-favourites"],
    "locations": {
      "vic": {
        "price": 1.9,
        "promoText": "Was $2.00 on Aug 2019 ",
        "packageSize": "300g",
        "packagePrice": "$0.63 per 100G"
      }
    }
  },
  {
    "id": "kelloggs-cereal-froot-loops-8492066p",
    "brand": "Kellogg's",
    "name": "Froot Loops Breakfast Cereal",
    "imageUrl": "https://shop.coles.com.au/wcsstore/Coles-CAS/images/8/4/9/8492066-th.jpg",
    "categories": ["back-to-school"],
    "tags": ["whats-for-breakfast", "all-time-favourites"],
    "locations": {
      "vic": {
        "price": 5.7,
        "promoText": " ",
        "packageSize": "285g",
        "packagePrice": "$2.00 per 100G"
      }
    }
  },
  {
    "id": "kelloggs-cereal-coco-pops",
    "brand": "Kellogg's",
    "name": "Coco Pops Chocolatey Breakfast Cereal",
    "imageUrl": "https://shop.coles.com.au/wcsstore/Coles-CAS/images/8/4/9/8494298-th.jpg",
    "categories": ["back-to-school"],
    "tags": ["whats-for-breakfast", "all-time-favourites"],
    "locations": {
      "vic": {
        "price": 5.5,
        "promoText": "$2.00 ",
        "packageSize": "650g",
        "packagePrice": "$0.85 per 100G"
      }
    }
  },
  {
    "id": "kelloggs-cereal-froot-loops",
    "brand": "Kellogg's",
    "name": "Froot Loops Breakfast Cereal",
    "imageUrl": "https://shop.coles.com.au/wcsstore/Coles-CAS/images/8/4/9/8495712-th.jpg",
    "categories": ["back-to-school"],
    "tags": ["whats-for-breakfast", "all-time-favourites"],
    "locations": {
      "vic": {
        "price": 8.5,
        "promoText": " ",
        "packageSize": "500g",
        "packagePrice": "$1.70 per 100G"
      }
    }
  },
  {
    "id": "coles-smart-buy-peanut-butter-smooth",
    "brand": "Coles",
    "name": "Peanut Butter Smooth",
    "imageUrl": "https://shop.coles.com.au/wcsstore/Coles-CAS/images/3/9/4/394019-th.jpg",
    "categories": ["back-to-school"],
    "tags": ["whats-for-breakfast", "all-time-favourites"],
    "locations": {
      "vic": {
        "price": 1.85,
        "promoText": " ",
        "packageSize": "375g",
        "packagePrice": "$0.49 per 100G"
      }
    }
  },
  {
    "id": "golden-pancakes-6-pack",
    "brand": "Golden",
    "name": "Pancakes 6 Pack",
    "imageUrl": "https://shop.coles.com.au/wcsstore/Coles-CAS/images/6/0/5/6051649-th.jpg",
    "categories": ["back-to-school"],
    "tags": ["whats-for-breakfast", "all-time-favourites"],
    "locations": {
      "vic": {
        "price": 5,
        "promoText": " ",
        "packageSize": "360g",
        "packagePrice": "$1.39 per 100G"
      }
    }
  },
  {
    "id": "sanitarium-up-go-energize-liquid-breakfast-chocolate-ice-3-pack",
    "brand": "Sanitarium",
    "name": "UP&GO Protein Energize Choc 250mL",
    "imageUrl": "https://shop.coles.com.au/wcsstore/Coles-CAS/images/7/8/1/7813233-th.jpg",
    "categories": ["back-to-school"],
    "tags": ["whats-for-breakfast", "all-time-favourites"],
    "locations": {
      "vic": {
        "price": 4.6,
        "promoText": " ",
        "packageSize": "3 pack",
        "packagePrice": "$0.61 per 100mL"
      }
    }
  },
  {
    "id": "kelloggs-cereal-frosties",
    "brand": "Kellogg's",
    "name": "Frosties Breakfast Cereal",
    "imageUrl": "https://shop.coles.com.au/wcsstore/Coles-CAS/images/1/0/3/1033628-th.jpg",
    "categories": ["back-to-school"],
    "tags": ["whats-for-breakfast", "all-time-favourites"],
    "locations": {
      "vic": {
        "price": 4.95,
        "promoText": " ",
        "packageSize": "350g",
        "packagePrice": "$1.41 per 100G"
      }
    }
  },
  {
    "id": "coles-smart-buy-peanut-butter-crunchy",
    "brand": "Coles",
    "name": "Peanut Butter Crunchy",
    "imageUrl": "https://shop.coles.com.au/wcsstore/Coles-CAS/images/3/9/4/394030-th.jpg",
    "categories": ["back-to-school"],
    "tags": ["whats-for-breakfast", "all-time-favourites"],
    "locations": {
      "vic": {
        "price": 1.85,
        "promoText": " ",
        "packageSize": "375g",
        "packagePrice": "$0.49 per 100G"
      }
    }
  },
  {
    "id": "kelloggs-cereal-coco-pops-chex",
    "brand": "Kellogg's",
    "name": "Coco Pops Chex Chocolatey Breakfast Cereal",
    "imageUrl": "https://shop.coles.com.au/wcsstore/Coles-CAS/images/8/4/9/8494301-th.jpg",
    "categories": ["back-to-school"],
    "tags": ["whats-for-breakfast", "all-time-favourites"],
    "locations": {
      "vic": {
        "price": 7,
        "promoText": " ",
        "packageSize": "500g",
        "packagePrice": "$1.40 per 100G"
      }
    }
  },
  {
    "id": "sanitarium-weet-bix-blends-multi-grain",
    "brand": "Sanitarium",
    "name": "Weet-Bix Blends Multi-Grain+ Breakfast Cereal",
    "imageUrl": "https://shop.coles.com.au/wcsstore/Coles-CAS/images/3/2/1/3214339-th.jpg",
    "categories": ["back-to-school"],
    "tags": ["whats-for-breakfast", "all-time-favourites"],
    "locations": {
      "vic": {
        "price": 7.4,
        "promoText": " ",
        "packageSize": "860g",
        "packagePrice": "$0.86 per 100G"
      }
    }
  },
  {
    "id": "coles-cereal-bran-flakes-with-sultanas",
    "brand": "Coles",
    "name": "Bran Flakes With Sultanas",
    "imageUrl": "https://shop.coles.com.au/wcsstore/Coles-CAS/images/6/8/6/6860125-th.jpg",
    "categories": ["back-to-school"],
    "tags": ["whats-for-breakfast", "all-time-favourites"],
    "locations": {
      "vic": {
        "price": 3.3,
        "promoText": " ",
        "packageSize": "500g",
        "packagePrice": "$0.66 per 100G"
      }
    }
  },
  {
    "id": "coles-smart-buy-cereal-wheat-biscuit",
    "brand": "Coles",
    "name": "Wheat Biscuits",
    "imageUrl": "https://shop.coles.com.au/wcsstore/Coles-CAS/images/7/2/9/7299242-th.jpg",
    "categories": ["back-to-school"],
    "tags": ["whats-for-breakfast", "all-time-favourites"],
    "locations": {
      "vic": {
        "price": 3.2,
        "promoText": " ",
        "packageSize": "1.12kg",
        "packagePrice": "$2.86 per 1Kg"
      }
    }
  },
  {
    "id": "pana-organic-hazelnut-chocolate-spread",
    "brand": "Pana Organic",
    "name": "Hazelnut & Chocolate Spread",
    "imageUrl": "https://shop.coles.com.au/wcsstore/Coles-CAS/images/3/5/7/3570912-th.jpg",
    "categories": ["back-to-school"],
    "tags": ["whats-for-breakfast", "all-time-favourites"],
    "locations": {
      "vic": {
        "price": 9,
        "promoText": " ",
        "packageSize": "200g",
        "packagePrice": "$4.50 per 100G"
      }
    }
  },
  {
    "id": "coles-frooty-rings-cereal",
    "brand": "Coles",
    "name": "Cereal Frooty Rings",
    "imageUrl": "https://shop.coles.com.au/wcsstore/Coles-CAS/images/2/0/5/2057574-th.jpg",
    "categories": ["back-to-school"],
    "tags": ["whats-for-breakfast", "all-time-favourites"],
    "locations": {
      "vic": {
        "price": 2.5,
        "promoText": " ",
        "packageSize": "300g",
        "packagePrice": "$0.83 per 100G"
      }
    }
  },
  {
    "id": "brekky-heroes-malt-clusters",
    "brand": "Freedom Foods",
    "name": "Brekky Heroes Choc Malt Clusters",
    "imageUrl": "https://shop.coles.com.au/wcsstore/Coles-CAS/images/3/5/0/3507122-th.jpg",
    "categories": ["back-to-school"],
    "tags": ["whats-for-breakfast", "all-time-favourites"],
    "locations": {
      "vic": {
        "price": 4,
        "promoText": " ",
        "packageSize": "390g",
        "packagePrice": "$1.03 per 100G"
      }
    }
  },
  {
    "id": "sanitarium-cereal-weet-bix-multigrain",
    "brand": "Sanitarium",
    "name": "Weet-Bix Blends Multi-Grain Breakfast Cereal",
    "imageUrl": "https://shop.coles.com.au/wcsstore/Coles-CAS/images/4/2/9/429612-th.jpg",
    "categories": ["back-to-school"],
    "tags": ["whats-for-breakfast", "all-time-favourites"],
    "locations": {
      "vic": {
        "price": 5.3,
        "promoText": " ",
        "packageSize": "575g",
        "packagePrice": "$0.92 per 100G"
      }
    }
  },
  {
    "id": "nestle-cereal-nesquik",
    "brand": "Nestle",
    "name": "Nesquik Cereal",
    "imageUrl": "https://shop.coles.com.au/wcsstore/Coles-CAS/images/4/9/4/4944891-th.jpg",
    "categories": ["back-to-school"],
    "tags": ["whats-for-breakfast", "all-time-favourites"],
    "locations": {
      "vic": {
        "price": 3.75,
        "promoText": "$3.75 ",
        "packageSize": "650g",
        "packagePrice": "$0.58 per 100G"
      }
    }
  },
  {
    "id": "sanitarium-up-go-liquid-breakfast-strawberry-3-pack",
    "brand": "Sanitarium",
    "name": "UP&GO Liquid Breakfast Strawberry 250mL",
    "imageUrl": "https://shop.coles.com.au/wcsstore/Coles-CAS/images/8/0/3/8037809-th.jpg",
    "categories": ["back-to-school"],
    "tags": ["whats-for-breakfast", "all-time-favourites"],
    "locations": {
      "vic": {
        "price": 4.8,
        "promoText": " ",
        "packageSize": "3 pack",
        "packagePrice": "$0.64 per 100mL"
      }
    }
  },
  {
    "id": "sanitarium-cereal-weet-bix-hi-bran",
    "brand": "Sanitarium",
    "name": "Weet-Bix Blends Hi-Bran+ Breakfast Cereal",
    "imageUrl": "https://shop.coles.com.au/wcsstore/Coles-CAS/images/9/6/3/9639319-th.jpg",
    "categories": ["back-to-school"],
    "tags": ["whats-for-breakfast", "all-time-favourites"],
    "locations": {
      "vic": {
        "price": 5.7,
        "promoText": " ",
        "packageSize": "750g",
        "packagePrice": "$0.76 per 100G"
      }
    }
  },
  {
    "id": "sanitarium-up-go-liquid-breakfast-vanilla-ice-3-pack-9526425p",
    "brand": "Sanitarium",
    "name": "UP&GO Liquid Breakfast Vanilla Ice 250mL",
    "imageUrl": "https://shop.coles.com.au/wcsstore/Coles-CAS/images/9/5/2/9526425-th.jpg",
    "categories": ["back-to-school"],
    "tags": ["whats-for-breakfast", "all-time-favourites"],
    "locations": {
      "vic": {
        "price": 4.8,
        "promoText": " ",
        "packageSize": "3 pack",
        "packagePrice": "$0.64 per 100mL"
      }
    }
  },
  {
    "id": "brekky-heroes-berry-loops",
    "brand": "Freedom Foods",
    "name": "Brekky Heroes Berry Loops",
    "imageUrl": "https://shop.coles.com.au/wcsstore/Coles-CAS/images/3/5/0/3507133-th.jpg",
    "categories": ["back-to-school"],
    "tags": ["whats-for-breakfast", "all-time-favourites"],
    "locations": {
      "vic": {
        "price": 4,
        "promoText": " ",
        "packageSize": "275g",
        "packagePrice": "$1.45 per 100G"
      }
    }
  },
  {
    "id": "kelloggs-crispix",
    "brand": "Kellogg's",
    "name": "Crispix Honey Pillows Breakfast Cereal",
    "imageUrl": "https://shop.coles.com.au/wcsstore/Coles-CAS/images/2/0/1/2011289-th.jpg",
    "categories": ["back-to-school"],
    "tags": ["whats-for-breakfast", "all-time-favourites"],
    "locations": {
      "vic": {
        "price": 5.5,
        "promoText": " ",
        "packageSize": "460g",
        "packagePrice": "$1.20 per 100G"
      }
    }
  },
  {
    "id": "sanitarium-up-go-liquid-breakfast-banana-3-pack",
    "brand": "Sanitarium",
    "name": "UP&GO Liquid Breakfast Banana 250mL",
    "imageUrl": "https://shop.coles.com.au/wcsstore/Coles-CAS/images/7/1/4/7144530-th.jpg",
    "categories": ["back-to-school"],
    "tags": ["whats-for-breakfast", "all-time-favourites"],
    "locations": {
      "vic": {
        "price": 4.8,
        "promoText": " ",
        "packageSize": "3 pack",
        "packagePrice": "$0.64 per 100mL"
      }
    }
  },
  {
    "id": "sanitarium-liquid-breakfast-up-go-gluten-free-choc-ice-250ml-3-pack",
    "brand": "Sanitarium",
    "name": "UP&GO Liquid Breakfast Gluten Free Choc Ice 250mL",
    "imageUrl": "https://shop.coles.com.au/wcsstore/Coles-CAS/images/2/5/8/2587895-th.jpg",
    "categories": ["back-to-school"],
    "tags": ["whats-for-breakfast", "all-time-favourites"],
    "locations": {
      "vic": {
        "price": 4.5,
        "promoText": " ",
        "packageSize": "3 pack",
        "packagePrice": "$0.60 per 100mL"
      }
    }
  },
  {
    "id": "sanitarium--weet-bix-blends-cranberry-coconut",
    "brand": "Sanitarium",
    "name": "Weet-Bix Blends Cranberry & Coconut Breakfast Cereal",
    "imageUrl": "https://shop.coles.com.au/wcsstore/Coles-CAS/images/2/7/1/2715951-th.jpg",
    "categories": ["back-to-school"],
    "tags": ["whats-for-breakfast", "all-time-favourites"],
    "locations": {
      "vic": {
        "price": 5.3,
        "promoText": " ",
        "packageSize": "450g",
        "packagePrice": "$1.18 per 100G"
      }
    }
  },
  {
    "id": "sanitarium-weet-bix-blends-apple-cinnamon",
    "brand": "Sanitarium",
    "name": "Weet-Bix Blends Apple & Cinnamon Breakfast Cereal",
    "imageUrl": "https://shop.coles.com.au/wcsstore/Coles-CAS/images/3/2/0/3208063-th.jpg",
    "categories": ["back-to-school"],
    "tags": ["whats-for-breakfast", "all-time-favourites"],
    "locations": {
      "vic": {
        "price": 5.3,
        "promoText": " ",
        "packageSize": "450g",
        "packagePrice": "$1.18 per 100G"
      }
    }
  },
  {
    "id": "sanitarium-so-good-prebiotic-soy-milk",
    "brand": "Sanitarium",
    "name": "So Good Prebiotic Soy Milk",
    "imageUrl": "https://shop.coles.com.au/wcsstore/Coles-CAS/images/3/4/7/3478137-th.jpg",
    "categories": ["back-to-school"],
    "tags": ["whats-for-breakfast", "all-time-favourites"],
    "locations": {
      "vic": {
        "price": 2.7,
        "promoText": " ",
        "packageSize": "1L",
        "packagePrice": "$2.70 per 1L"
      }
    }
  },
  {
    "id": "coles-fresh-bananas---loose",
    "brand": "Coles",
    "name": "Bananas",
    "imageUrl": "https://shop.coles.com.au/wcsstore/Coles-CAS/images/4/0/9/409499-th.jpg",
    "categories": ["back-to-school"],
    "tags": ["recess-time", "fruit-break"],
    "locations": {
      "vic": {
        "price": 0.45,
        "promoText": " ",
        "packageSize": "approx. 180g",
        "packagePrice": "$2.50 per 1Kg"
      }
    }
  },
  {
    "id": "strawberries-fresh-prepacked-5191256p",
    "brand": "Coles",
    "name": "Strawberries Prepacked",
    "imageUrl": "https://shop.coles.com.au/wcsstore/Coles-CAS/images/5/1/9/5191256-th.jpg",
    "categories": ["back-to-school"],
    "tags": ["recess-time", "fruit-break"],
    "locations": {
      "vic": {
        "price": 4,
        "promoText": " ",
        "packageSize": "250g",
        "packagePrice": "$16.00 per 1Kg"
      }
    }
  },
  {
    "id": "blueberries-prepacked",
    "brand": "Coles",
    "name": "Blueberries Prepacked",
    "imageUrl": "https://shop.coles.com.au/wcsstore/Coles-CAS/images/5/5/4/5543535-th.jpg",
    "categories": ["back-to-school"],
    "tags": ["recess-time", "fruit-break"],
    "locations": {
      "vic": {
        "price": 4,
        "promoText": " ",
        "packageSize": "125g",
        "packagePrice": "$32.00 per 1Kg"
      }
    }
  },
  {
    "id": "raspberries-prepacked",
    "brand": "Coles",
    "name": "Raspberries",
    "imageUrl": "https://shop.coles.com.au/wcsstore/Coles-CAS/images/1/3/4/134029-th.jpg",
    "categories": ["back-to-school"],
    "tags": ["recess-time", "fruit-break"],
    "locations": {
      "vic": {
        "price": 7,
        "promoText": " ",
        "packageSize": "125g",
        "packagePrice": "$56.00 per 1Kg"
      }
    }
  },
  {
    "id": "apples-pink-lady-prepacked",
    "brand": "Coles",
    "name": "Pink Lady Apples Prepacked",
    "imageUrl": "https://shop.coles.com.au/wcsstore/Coles-CAS/images/4/4/3/4438477-th.jpg",
    "categories": ["back-to-school"],
    "tags": ["recess-time", "fruit-break"],
    "locations": {
      "vic": {
        "price": 5.5,
        "promoText": " ",
        "packageSize": "1kg",
        "packagePrice": "$5.50 per 1Kg"
      }
    }
  },
  {
    "id": "qukes-baby-prepacked",
    "brand": "Coles",
    "name": "Baby Cucumbers Prepacked",
    "imageUrl": "https://shop.coles.com.au/wcsstore/Coles-CAS/images/4/5/7/4578148-th.jpg",
    "categories": ["back-to-school"],
    "tags": ["recess-time", "fruit-break"],
    "locations": {
      "vic": {
        "price": 4.5,
        "promoText": " ",
        "packageSize": "250g",
        "packagePrice": "$18.00 per 1Kg"
      }
    }
  },
  {
    "id": "coles-fresh-kids-pack-bananas",
    "brand": "Coles",
    "name": "Kids Pack Bananas",
    "imageUrl": "https://shop.coles.com.au/wcsstore/Coles-CAS/images/2/5/1/2511791-th.jpg",
    "categories": ["back-to-school"],
    "tags": ["recess-time", "fruit-break"],
    "locations": {
      "vic": {
        "price": 2.9,
        "promoText": " ",
        "packageSize": "750g",
        "packagePrice": "$3.87 per 1Kg"
      }
    }
  },
  {
    "id": "passionfruit-loose",
    "brand": "Coles",
    "name": "Passionfruit",
    "imageUrl": "https://shop.coles.com.au/wcsstore/Coles-CAS/images/4/0/9/409896-th.jpg",
    "categories": ["back-to-school"],
    "tags": ["recess-time", "fruit-break"],
    "locations": {
      "vic": {
        "price": 0.9,
        "promoText": " ",
        "packageSize": "",
        "packagePrice": "$0.90 per 1Ea"
      }
    }
  },
  {
    "id": "coles-fresh-kids-pack-apples",
    "brand": "Coles",
    "name": "Apples Kids Pack",
    "imageUrl": "https://shop.coles.com.au/wcsstore/Coles-CAS/images/2/5/1/2511678-th.jpg",
    "categories": ["back-to-school"],
    "tags": ["recess-time", "fruit-break"],
    "locations": {
      "vic": {
        "price": 3.9,
        "promoText": " ",
        "packageSize": "1kg",
        "packagePrice": "$3.90 per 1Kg"
      }
    }
  },
  {
    "id": "rockmelon-whole",
    "brand": "Coles",
    "name": "Rockmelon Whole",
    "imageUrl": "https://shop.coles.com.au/wcsstore/Coles-CAS/images/4/2/8/428915-th.jpg",
    "categories": ["back-to-school"],
    "tags": ["recess-time", "fruit-break"],
    "locations": {
      "vic": {
        "price": 3,
        "promoText": " ",
        "packageSize": "",
        "packagePrice": "$3.00 per 1Ea"
      }
    }
  },
  {
    "id": "coles-fresh-kiwifruit---green",
    "brand": "Coles",
    "name": "Green Kiwifruit Prepacked",
    "imageUrl": "https://shop.coles.com.au/wcsstore/Coles-CAS/images/1/7/7/1778560-th.jpg",
    "categories": ["back-to-school"],
    "tags": ["recess-time", "fruit-break"],
    "locations": {
      "vic": {
        "price": 4.9,
        "promoText": " ",
        "packageSize": "8 pack",
        "packagePrice": "$0.61 per 1Ea"
      }
    }
  },
  {
    "id": "apples-granny-smith-prepacked",
    "brand": "Coles",
    "name": "Granny Smith Apples Prepacked",
    "imageUrl": "https://shop.coles.com.au/wcsstore/Coles-CAS/images/4/4/3/4438740-th.jpg",
    "categories": ["back-to-school"],
    "tags": ["recess-time", "fruit-break"],
    "locations": {
      "vic": {
        "price": 4.9,
        "promoText": " ",
        "packageSize": "1kg",
        "packagePrice": "$4.90 per 1Kg"
      }
    }
  },
  {
    "id": "kiwi-fruit-gold",
    "brand": "Coles",
    "name": "Gold Kiwifruit Prepacked",
    "imageUrl": "https://shop.coles.com.au/wcsstore/Coles-CAS/images/8/1/3/8131840-th.jpg",
    "categories": ["back-to-school"],
    "tags": ["recess-time", "fruit-break"],
    "locations": {
      "vic": {
        "price": 5.9,
        "promoText": " ",
        "packageSize": "8 pack",
        "packagePrice": "$0.74 per 1Ea"
      }
    }
  },
  {
    "id": "coles-fresh-kids-pack-pears",
    "brand": "Coles",
    "name": "Kids Pack Pears",
    "imageUrl": "https://shop.coles.com.au/wcsstore/Coles-CAS/images/2/5/1/2511656-th.jpg",
    "categories": ["back-to-school"],
    "tags": ["recess-time", "fruit-break"],
    "locations": {
      "vic": {
        "price": 3.5,
        "promoText": " ",
        "packageSize": "1kg",
        "packagePrice": "$3.50 per 1Kg"
      }
    }
  },
  {
    "id": "pineapple-topless",
    "brand": "Coles",
    "name": "Topless Pineapple",
    "imageUrl": "https://shop.coles.com.au/wcsstore/Coles-CAS/images/5/6/0/5606330-th.jpg",
    "categories": ["back-to-school"],
    "tags": ["recess-time", "fruit-break"],
    "locations": {
      "vic": {
        "price": 3.9,
        "promoText": " ",
        "packageSize": "",
        "packagePrice": "$3.90 per 1Ea"
      }
    }
  },
  {
    "id": "honeydew-melon-whole",
    "brand": "Coles",
    "name": "Honeydew Melon Whole",
    "imageUrl": "https://shop.coles.com.au/wcsstore/Coles-CAS/images/5/9/4/5945620-th.jpg",
    "categories": ["back-to-school"],
    "tags": ["recess-time", "fruit-break"],
    "locations": {
      "vic": {
        "price": 3.9,
        "promoText": " ",
        "packageSize": "",
        "packagePrice": "$3.90 per 1Ea"
      }
    }
  },
  {
    "id": "coles-fresh-australian-carrot-batons",
    "brand": "Coles",
    "name": "Carrot Sticks",
    "imageUrl": "https://shop.coles.com.au/wcsstore/Coles-CAS/images/2/3/1/2313448-th.jpg",
    "categories": ["back-to-school"],
    "tags": ["recess-time", "fruit-break"],
    "locations": {
      "vic": {
        "price": 0,
        "promoText": " ",
        "packageSize": "150g",
        "packagePrice": ""
      }
    }
  },
  {
    "id": "coles-carrots-and-green-beans",
    "brand": "Coles",
    "name": "Carrots And Green Beans Prepacked",
    "imageUrl": "https://shop.coles.com.au/wcsstore/Coles-CAS/images/2/6/7/2674683-th.jpg",
    "categories": ["back-to-school"],
    "tags": ["recess-time", "fruit-break"],
    "locations": {
      "vic": {
        "price": 0,
        "promoText": " ",
        "packageSize": "150g",
        "packagePrice": ""
      }
    }
  },
  {
    "id": "danone-ultimate-greek-yoghurt-4pk-vanilla",
    "brand": "Danone",
    "name": "Ultimate Limited Edition Creamy Salted Caramel Yoghurt",
    "imageUrl": "https://shop.coles.com.au/wcsstore/Coles-CAS/images/3/3/1/3310161-th.jpg",
    "categories": ["back-to-school"],
    "tags": ["recess-time", "multipack-yoghurt"],
    "locations": {
      "vic": {
        "price": 4.5,
        "promoText": " ",
        "packageSize": "4 pack",
        "packagePrice": "$0.98 per 100G"
      }
    }
  },
  {
    "id": "yoplait-6x160g-yoghurt-berry-punnet",
    "brand": "Yoplait",
    "name": "Berry Punnet Yoghurt 160g",
    "imageUrl": "https://shop.coles.com.au/wcsstore/Coles-CAS/images/3/6/1/3619567-th.jpg",
    "categories": ["back-to-school"],
    "tags": ["recess-time", "multipack-yoghurt"],
    "locations": {
      "vic": {
        "price": 5,
        "promoText": " ",
        "packageSize": "6 Pack",
        "packagePrice": "$0.52 per 100G"
      }
    }
  },
  {
    "id": "danone-ultimate-greek-yoghurt-4pk-strawberry",
    "brand": "Danone",
    "name": "The Ultimate Succulent Strawberry Yoghurt 4x115g",
    "imageUrl": "https://shop.coles.com.au/wcsstore/Coles-CAS/images/3/3/1/3310140-th.jpg",
    "categories": ["back-to-school"],
    "tags": ["recess-time", "multipack-yoghurt"],
    "locations": {
      "vic": {
        "price": 4.5,
        "promoText": " ",
        "packageSize": "4 pack",
        "packagePrice": "$1.13 per 1Ea"
      }
    }
  },
  {
    "id": "yoplait-6x160g-forme-classics-yoghurt",
    "brand": "Yoplait",
    "name": "Forme Classics Yoghurt 160g",
    "imageUrl": "https://shop.coles.com.au/wcsstore/Coles-CAS/images/3/6/1/3619476-th.jpg",
    "categories": ["back-to-school"],
    "tags": ["recess-time", "multipack-yoghurt"],
    "locations": {
      "vic": {
        "price": 5,
        "promoText": " ",
        "packageSize": "6 Pack",
        "packagePrice": "$0.52 per 100G"
      }
    }
  },
  {
    "id": "yoplait-yoghurt-classic-12-pack",
    "brand": "Yoplait",
    "name": "Multi Flavoured Classic Yoghurt 12 x100g",
    "imageUrl": "https://shop.coles.com.au/wcsstore/Coles-CAS/images/8/8/7/8877173-th.jpg",
    "categories": ["back-to-school"],
    "tags": ["recess-time", "multipack-yoghurt"],
    "locations": {
      "vic": {
        "price": 7,
        "promoText": "Was $7.99 on Jul 2019 ",
        "packageSize": "12 Pack",
        "packagePrice": "$0.58 per 1Ea"
      }
    }
  },
  {
    "id": "yoplait-6x160g-yoghurt-classic",
    "brand": "Yoplait",
    "name": "Classics Yoghurt 160g",
    "imageUrl": "https://shop.coles.com.au/wcsstore/Coles-CAS/images/3/6/1/3619501-th.jpg",
    "categories": ["back-to-school"],
    "tags": ["recess-time", "multipack-yoghurt"],
    "locations": {
      "vic": {
        "price": 5,
        "promoText": " ",
        "packageSize": "6 Pack",
        "packagePrice": "$0.52 per 100G"
      }
    }
  },
  {
    "id": "yoplait-6x160g-yoghurt-forme-berry-harvest",
    "brand": "Yoplait",
    "name": "Forme Berry Harvest Yoghurt 160g",
    "imageUrl": "https://shop.coles.com.au/wcsstore/Coles-CAS/images/3/6/1/3619487-th.jpg",
    "categories": ["back-to-school"],
    "tags": ["recess-time", "multipack-yoghurt"],
    "locations": {
      "vic": {
        "price": 5,
        "promoText": " ",
        "packageSize": "6 Pack",
        "packagePrice": "$0.52 per 100G"
      }
    }
  },
  {
    "id": "cocobella-pouch-coconut-yoghurt-strawby",
    "brand": "Cocobella",
    "name": "Active Strawberry Coconut Yoghurt Pouch",
    "imageUrl": "https://shop.coles.com.au/wcsstore/Coles-CAS/images/3/5/4/3540354-th.jpg",
    "categories": ["back-to-school"],
    "tags": ["recess-time", "multipack-yoghurt"],
    "locations": {
      "vic": {
        "price": 1.5,
        "promoText": "$0.50 ",
        "packageSize": "110g",
        "packagePrice": "$1.36 per 100G"
      }
    }
  },
  {
    "id": "vaalia-yoghurt-low-fat-french-vanilla-4-pack",
    "brand": "Vaalia",
    "name": "Low Fat French Vanilla Yoghurt 4x150g",
    "imageUrl": "https://shop.coles.com.au/wcsstore/Coles-CAS/images/7/0/2/7021450-th.jpg",
    "categories": ["back-to-school"],
    "tags": ["recess-time", "multipack-yoghurt"],
    "locations": {
      "vic": {
        "price": 4,
        "promoText": "Was $5.30 on Aug 2017 ",
        "packageSize": "4 pack",
        "packagePrice": "$1.00 per 1Ea"
      }
    }
  },
  {
    "id": "yoplait-6x160g-yoghurt-vanilla",
    "brand": "Yoplait",
    "name": "Vanilla Yoghurt 160g",
    "imageUrl": "https://shop.coles.com.au/wcsstore/Coles-CAS/images/3/6/1/3619534-th.jpg",
    "categories": ["back-to-school"],
    "tags": ["recess-time", "multipack-yoghurt"],
    "locations": {
      "vic": {
        "price": 5,
        "promoText": " ",
        "packageSize": "6 Pack",
        "packagePrice": "$0.52 per 100G"
      }
    }
  },
  {
    "id": "danone-ultimate-greek-yoghurt-4pk-mango",
    "brand": "Danone",
    "name": "The Ultimate Tropical Mango Yoghurt 4x115g",
    "imageUrl": "https://shop.coles.com.au/wcsstore/Coles-CAS/images/3/3/1/3310194-th.jpg",
    "categories": ["back-to-school"],
    "tags": ["recess-time", "multipack-yoghurt"],
    "locations": {
      "vic": {
        "price": 4.5,
        "promoText": " ",
        "packageSize": "4 pack",
        "packagePrice": "$1.13 per 1Ea"
      }
    }
  },
  {
    "id": "danone-ultimate-greek-yoghurt-4pk-black-cherry",
    "brand": "Danone",
    "name": "The Ultimate Black Cherry Yoghurt 4x115g",
    "imageUrl": "https://shop.coles.com.au/wcsstore/Coles-CAS/images/3/3/1/3310183-th.jpg",
    "categories": ["back-to-school"],
    "tags": ["recess-time", "multipack-yoghurt"],
    "locations": {
      "vic": {
        "price": 4.5,
        "promoText": " ",
        "packageSize": "4 pack",
        "packagePrice": "$1.13 per 1Ea"
      }
    }
  },
  {
    "id": "liddells-yoghurt-strawberry",
    "brand": "Liddells",
    "name": "Strawberry Yoghurt 140 grams",
    "imageUrl": "https://shop.coles.com.au/wcsstore/Coles-CAS/images/1/2/0/1200118-th.jpg",
    "categories": ["back-to-school"],
    "tags": ["recess-time", "multipack-yoghurt"],
    "locations": {
      "vic": {
        "price": 5.35,
        "promoText": " ",
        "packageSize": "4 Pack",
        "packagePrice": "$0.96 per 100G"
      }
    }
  },
  {
    "id": "tamar-valley-kids-valley-strawberry-yoghurt-pouch",
    "brand": "Tamar Valley",
    "name": "Kids Greek Strawberry Yoghurt Pouch",
    "imageUrl": "https://shop.coles.com.au/wcsstore/Coles-CAS/images/2/7/4/2744359-th.jpg",
    "categories": ["back-to-school"],
    "tags": ["recess-time", "yoghurt-pouches"],
    "locations": {
      "vic": {
        "price": 1.7,
        "promoText": " ",
        "packageSize": "110g",
        "packagePrice": "$1.55 per 100G"
      }
    }
  },
  {
    "id": "vaalia-yoghurt-kids-pouch-strawberry",
    "brand": "Vaalia",
    "name": "Kids Strawberry Yoghurt Pouch",
    "imageUrl": "https://shop.coles.com.au/wcsstore/Coles-CAS/images/7/2/4/7246880-th.jpg",
    "categories": ["back-to-school"],
    "tags": ["recess-time", "yoghurt-pouches"],
    "locations": {
      "vic": {
        "price": 1.6,
        "promoText": " ",
        "packageSize": "140g",
        "packagePrice": "$1.14 per 100G"
      }
    }
  },
  {
    "id": "tamar-valley-kids-greek-tropical-yoghurt-pouch",
    "brand": "Tamar Valley",
    "name": "Kids Natural Greek Tropical Yoghurt Pouch",
    "imageUrl": "https://shop.coles.com.au/wcsstore/Coles-CAS/images/2/7/4/2744360-th.jpg",
    "categories": ["back-to-school"],
    "tags": ["recess-time", "yoghurt-pouches"],
    "locations": {
      "vic": {
        "price": 1.7,
        "promoText": " ",
        "packageSize": "110g",
        "packagePrice": "$1.55 per 100G"
      }
    }
  },
  {
    "id": "tamar-valley-kids-greek-pouch-yoghurt-raspberry",
    "brand": "Tamar Valley",
    "name": "Kids Greek Natural Raspberry Yoghurt Pouch",
    "imageUrl": "https://shop.coles.com.au/wcsstore/Coles-CAS/images/3/2/4/3245570-th.jpg",
    "categories": ["back-to-school"],
    "tags": ["recess-time", "yoghurt-pouches"],
    "locations": {
      "vic": {
        "price": 1.7,
        "promoText": " ",
        "packageSize": "110g",
        "packagePrice": "$1.55 per 100G"
      }
    }
  },
  {
    "id": "tamar-valley-kids-greek-vanilla-yoghurt-pouch",
    "brand": "Tamar Valley",
    "name": "Kids Greek Vanilla Yoghurt Pouch",
    "imageUrl": "https://shop.coles.com.au/wcsstore/Coles-CAS/images/2/7/4/2744348-th.jpg",
    "categories": ["back-to-school"],
    "tags": ["recess-time", "yoghurt-pouches"],
    "locations": {
      "vic": {
        "price": 1.7,
        "promoText": " ",
        "packageSize": "110g",
        "packagePrice": "$1.55 per 100G"
      }
    }
  },
  {
    "id": "yoplait-yoghurt-squeezie-pouch-strawberry",
    "brand": "Yoplait",
    "name": "Petit Miam Squeezie Strawberry Yoghurt Pouch",
    "imageUrl": "https://shop.coles.com.au/wcsstore/Coles-CAS/images/6/5/6/6569239-th.jpg",
    "categories": ["back-to-school"],
    "tags": ["recess-time", "yoghurt-pouches"],
    "locations": {
      "vic": {
        "price": 0.9,
        "promoText": "Was $1.00 on Jun 2019 ",
        "packageSize": "70g",
        "packagePrice": "$1.29 per 100G"
      }
    }
  },
  {
    "id": "coles-yoghurt-squeezie-banana",
    "brand": "Coles",
    "name": "Banana Yoghurt Pouch",
    "imageUrl": "https://shop.coles.com.au/wcsstore/Coles-CAS/images/1/0/1/1013493-th.jpg",
    "categories": ["back-to-school"],
    "tags": ["recess-time", "yoghurt-pouches"],
    "locations": {
      "vic": {
        "price": 0.75,
        "promoText": " ",
        "packageSize": "70g",
        "packagePrice": "$1.07 per 100G"
      }
    }
  },
  {
    "id": "coles-yoghurt-squeezie-strawberry",
    "brand": "Coles",
    "name": "Strawberry Yoghurt Pouch",
    "imageUrl": "https://shop.coles.com.au/wcsstore/Coles-CAS/images/1/0/1/1013471-th.jpg",
    "categories": ["back-to-school"],
    "tags": ["recess-time", "yoghurt-pouches"],
    "locations": {
      "vic": {
        "price": 0.75,
        "promoText": " ",
        "packageSize": "70g",
        "packagePrice": "$1.07 per 100G"
      }
    }
  },
  {
    "id": "chobani-yoghurt-pouch-strawberry",
    "brand": "Chobani",
    "name": "Strawberry Yoghurt Pouch",
    "imageUrl": "https://shop.coles.com.au/wcsstore/Coles-CAS/images/1/4/3/1434684-th.jpg",
    "categories": ["back-to-school"],
    "tags": ["recess-time", "yoghurt-pouches"],
    "locations": {
      "vic": {
        "price": 2.25,
        "promoText": " ",
        "packageSize": "140g",
        "packagePrice": "$1.61 per 100G"
      }
    }
  },
  {
    "id": "tamar-valley-kids-greek-pouch-yoghurt-blueberry",
    "brand": "Tamar Valley",
    "name": "Kids Greek Blueberry Yoghurt Pouch",
    "imageUrl": "https://shop.coles.com.au/wcsstore/Coles-CAS/images/3/0/8/3089157-th.jpg",
    "categories": ["back-to-school"],
    "tags": ["recess-time", "yoghurt-pouches"],
    "locations": {
      "vic": {
        "price": 1.7,
        "promoText": " ",
        "packageSize": "110g",
        "packagePrice": "$1.55 per 100G"
      }
    }
  },
  {
    "id": "vaalia-yoghurt-kids-pouch-tropical",
    "brand": "Vaalia",
    "name": "Kids Tropical Yoghurt Pouch",
    "imageUrl": "https://shop.coles.com.au/wcsstore/Coles-CAS/images/7/2/4/7246870-th.jpg",
    "categories": ["back-to-school"],
    "tags": ["recess-time", "yoghurt-pouches"],
    "locations": {
      "vic": {
        "price": 1.6,
        "promoText": " ",
        "packageSize": "140g",
        "packagePrice": "$1.14 per 100G"
      }
    }
  },
  {
    "id": "vaalia-yoghurt-kids-pouch-vanilla",
    "brand": "Vaalia",
    "name": "Kids Vanilla Yoghurt Pouch",
    "imageUrl": "https://shop.coles.com.au/wcsstore/Coles-CAS/images/7/2/4/7246869-th.jpg",
    "categories": ["back-to-school"],
    "tags": ["recess-time", "yoghurt-pouches"],
    "locations": {
      "vic": {
        "price": 1.6,
        "promoText": " ",
        "packageSize": "140g",
        "packagePrice": "$1.14 per 100G"
      }
    }
  },
  {
    "id": "vaalia-yoghurt-kids-pouch-banana",
    "brand": "Vaalia",
    "name": "Probiotics Banana Kids Yoghurt Pouch",
    "imageUrl": "https://shop.coles.com.au/wcsstore/Coles-CAS/images/8/7/0/8704346-th.jpg",
    "categories": ["back-to-school"],
    "tags": ["recess-time", "yoghurt-pouches"],
    "locations": {
      "vic": {
        "price": 1.6,
        "promoText": " ",
        "packageSize": "140g",
        "packagePrice": "$1.14 per 100G"
      }
    }
  },
  {
    "id": "coles-squeezie-blueberry-yoghurt",
    "brand": "Coles",
    "name": "Blueberry Yoghurt Pouch",
    "imageUrl": "https://shop.coles.com.au/wcsstore/Coles-CAS/images/3/0/4/3049742-th.jpg",
    "categories": ["back-to-school"],
    "tags": ["recess-time", "yoghurt-pouches"],
    "locations": {
      "vic": {
        "price": 0.75,
        "promoText": " ",
        "packageSize": "70g",
        "packagePrice": "$1.07 per 100G"
      }
    }
  },
  {
    "id": "yoplait-squeezie-vanilla-yoghurt-pouch",
    "brand": "Yoplait",
    "name": "Petit Miam Vanilla Yoghurt Pouch",
    "imageUrl": "https://shop.coles.com.au/wcsstore/Coles-CAS/images/2/7/4/2744734-th.jpg",
    "categories": ["back-to-school"],
    "tags": ["recess-time", "yoghurt-pouches"],
    "locations": {
      "vic": {
        "price": 0.9,
        "promoText": "Was $1.00 on Jun 2019 ",
        "packageSize": "70g",
        "packagePrice": "$1.29 per 100G"
      }
    }
  },
  {
    "id": "coles-yoghurt-squeezie-vanilla",
    "brand": "Coles",
    "name": "Vanilla Yoghurt Pouch",
    "imageUrl": "https://shop.coles.com.au/wcsstore/Coles-CAS/images/1/0/1/1013675-th.jpg",
    "categories": ["back-to-school"],
    "tags": ["recess-time", "yoghurt-pouches"],
    "locations": {
      "vic": {
        "price": 0.75,
        "promoText": " ",
        "packageSize": "70g",
        "packagePrice": "$1.07 per 100G"
      }
    }
  },
  {
    "id": "yoplait-yoghurt-squeezie-pouch-blueberry",
    "brand": "Yoplait",
    "name": "Petit Miam Blueberry Yoghurt Squeezie Pouch",
    "imageUrl": "https://shop.coles.com.au/wcsstore/Coles-CAS/images/8/1/2/8126057-th.jpg",
    "categories": ["back-to-school"],
    "tags": ["recess-time", "yoghurt-pouches"],
    "locations": {
      "vic": {
        "price": 0.9,
        "promoText": "Was $1.00 on Jun 2019 ",
        "packageSize": "70g",
        "packagePrice": "$1.29 per 100G"
      }
    }
  },
  {
    "id": "chobani-yoghurt-pouch-blueberry",
    "brand": "Chobani",
    "name": "Blueberry Yoghurt Pouch",
    "imageUrl": "https://shop.coles.com.au/wcsstore/Coles-CAS/images/1/4/3/1434720-th.jpg",
    "categories": ["back-to-school"],
    "tags": ["recess-time", "yoghurt-pouches"],
    "locations": {
      "vic": {
        "price": 2.25,
        "promoText": " ",
        "packageSize": "140g",
        "packagePrice": "$1.61 per 100G"
      }
    }
  },
  {
    "id": "chobani-raspberry-yoghurt-pouch",
    "brand": "Chobani",
    "name": "Raspberry Yoghurt Pouch",
    "imageUrl": "https://shop.coles.com.au/wcsstore/Coles-CAS/images/1/8/7/1872885-th.jpg",
    "categories": ["back-to-school"],
    "tags": ["recess-time", "yoghurt-pouches"],
    "locations": {
      "vic": {
        "price": 2.25,
        "promoText": " ",
        "packageSize": "140g",
        "packagePrice": "$1.61 per 100G"
      }
    }
  },
  {
    "id": "farmers-union-greek-yoghurt-strawberry-pouch",
    "brand": "Farmers Union",
    "name": "Greek Style Strawberry Yoghurt Pouch",
    "imageUrl": "https://shop.coles.com.au/wcsstore/Coles-CAS/images/3/2/5/3251415-th.jpg",
    "categories": ["back-to-school"],
    "tags": ["recess-time", "yoghurt-pouches"],
    "locations": {
      "vic": {
        "price": 1.5,
        "promoText": "Was $2.25 on Sep 2019 ",
        "packageSize": "130g",
        "packagePrice": "$1.15 per 100G"
      }
    }
  },
  {
    "id": "yoplait-yoghurt-squeezie-pouch-banana",
    "brand": "Yoplait",
    "name": "Petit Miam Squeezie Banana Yoghurt Pouch",
    "imageUrl": "https://shop.coles.com.au/wcsstore/Coles-CAS/images/6/5/6/6569240-th.jpg",
    "categories": ["back-to-school"],
    "tags": ["recess-time", "yoghurt-pouches"],
    "locations": {
      "vic": {
        "price": 0.9,
        "promoText": "Was $1.00 on Jun 2019 ",
        "packageSize": "70g",
        "packagePrice": "$1.29 per 100G"
      }
    }
  },
  {
    "id": "chobani-yoghurt-vanilla-pouch",
    "brand": "Chobani",
    "name": "Vanilla Yoghurt Pouch",
    "imageUrl": "https://shop.coles.com.au/wcsstore/Coles-CAS/images/3/0/8/3088110-th.jpg",
    "categories": ["back-to-school"],
    "tags": ["recess-time", "yoghurt-pouches"],
    "locations": {
      "vic": {
        "price": 2.25,
        "promoText": " ",
        "packageSize": "140g",
        "packagePrice": "$1.61 per 100G"
      }
    }
  },
  {
    "id": "vaalia-yoghurt-pouch-kids-strawberry-lactose-free",
    "brand": "Vaalia",
    "name": "Kids Lactose Free Strawberry Yoghurt",
    "imageUrl": "https://shop.coles.com.au/wcsstore/Coles-CAS/images/1/4/9/1495259-th.jpg",
    "categories": ["back-to-school"],
    "tags": ["recess-time", "yoghurt-pouches"],
    "locations": {
      "vic": {
        "price": 1.6,
        "promoText": " ",
        "packageSize": "140g",
        "packagePrice": "$1.14 per 100G"
      }
    }
  },
  {
    "id": "yoplait-petit-miam-mango-70g",
    "brand": "Yoplait",
    "name": "Petit Miam Mango Yoghurt Pouch",
    "imageUrl": "https://shop.coles.com.au/wcsstore/Coles-CAS/images/3/5/3/3536368-th.jpg",
    "categories": ["back-to-school"],
    "tags": ["recess-time", "yoghurt-pouches"],
    "locations": {
      "vic": {
        "price": 0.9,
        "promoText": "Was $1.00 on Sep 2019 ",
        "packageSize": "70g",
        "packagePrice": "$1.29 per 100G"
      }
    }
  },
  {
    "id": "jalna-pouch-of-purity-organic-yoghurt-strawbery",
    "brand": "Jalna",
    "name": "Pouch Of Purity Organic Strawberry Yoghurt",
    "imageUrl": "https://shop.coles.com.au/wcsstore/Coles-CAS/images/3/5/3/3536583-th.jpg",
    "categories": ["back-to-school"],
    "tags": ["recess-time", "yoghurt-pouches"],
    "locations": {
      "vic": {
        "price": 1.7,
        "promoText": " ",
        "packageSize": "100g",
        "packagePrice": "$1.70 per 100G"
      }
    }
  },
  {
    "id": "chobani-fit-yogurt-pouch-blueberry",
    "brand": "Chobani",
    "name": "Fit Blueberry Yoghurt Pouch",
    "imageUrl": "https://shop.coles.com.au/wcsstore/Coles-CAS/images/3/2/4/3246834-th.jpg",
    "categories": ["back-to-school"],
    "tags": ["recess-time", "yoghurt-pouches"],
    "locations": {
      "vic": {
        "price": 1.5,
        "promoText": "$0.75 ",
        "packageSize": "140g",
        "packagePrice": "$1.07 per 100G"
      }
    }
  },
  {
    "id": "farmers-union-pouch-greek-yoghurt-blueberry",
    "brand": "Farmers Union",
    "name": "Greek Style Blueberry Yoghurt Pouch",
    "imageUrl": "https://shop.coles.com.au/wcsstore/Coles-CAS/images/3/5/3/3536448-th.jpg",
    "categories": ["back-to-school"],
    "tags": ["recess-time", "yoghurt-pouches"],
    "locations": {
      "vic": {
        "price": 1.5,
        "promoText": "Was $2.25 on Sep 2019 ",
        "packageSize": "130g",
        "packagePrice": "$1.15 per 100G"
      }
    }
  },
  {
    "id": "vaalia-yoghurt-pouch-kids-lactose-free-vanilla",
    "brand": "Vaalia",
    "name": "Kids Lactose Free Vanilla Yoghurt Pouch",
    "imageUrl": "https://shop.coles.com.au/wcsstore/Coles-CAS/images/1/1/9/1199245-th.jpg",
    "categories": ["back-to-school"],
    "tags": ["recess-time", "yoghurt-pouches"],
    "locations": {
      "vic": {
        "price": 1.6,
        "promoText": " ",
        "packageSize": "140g",
        "packagePrice": "$1.14 per 100G"
      }
    }
  },
  {
    "id": "chobani-fit-yogurt-pouch-vanilla",
    "brand": "Chobani",
    "name": "Fit Vanilla Yoghurt Pouch",
    "imageUrl": "https://shop.coles.com.au/wcsstore/Coles-CAS/images/3/2/4/3246812-th.jpg",
    "categories": ["back-to-school"],
    "tags": ["recess-time", "yoghurt-pouches"],
    "locations": {
      "vic": {
        "price": 1.5,
        "promoText": "$0.75 ",
        "packageSize": "140g",
        "packagePrice": "$1.07 per 100G"
      }
    }
  },
  {
    "id": "farmers-union-yoghurt-pouch-passionfruit",
    "brand": "Farmers Union",
    "name": "Greek Style Passionfruit Yoghurt Pouch",
    "imageUrl": "https://shop.coles.com.au/wcsstore/Coles-CAS/images/3/3/0/3306765-th.jpg",
    "categories": ["back-to-school"],
    "tags": ["recess-time", "yoghurt-pouches"],
    "locations": {
      "vic": {
        "price": 1.5,
        "promoText": "Was $2.25 on Sep 2019 ",
        "packageSize": "130g",
        "packagePrice": "$1.15 per 100G"
      }
    }
  },
  {
    "id": "jalna-pouch-of-purity-organic-yoghurt-blueberry",
    "brand": "Jalna",
    "name": "Pouch Of Purity Organic Blueberry Yoghurt",
    "imageUrl": "https://shop.coles.com.au/wcsstore/Coles-CAS/images/3/5/3/3536561-th.jpg",
    "categories": ["back-to-school"],
    "tags": ["recess-time", "yoghurt-pouches"],
    "locations": {
      "vic": {
        "price": 1.7,
        "promoText": " ",
        "packageSize": "100g",
        "packagePrice": "$1.70 per 100G"
      }
    }
  },
  {
    "id": "jalna-pouch-of-purity-organic-yoghurt-banana",
    "brand": "Jalna",
    "name": "Pouch Of Purity Organic Banana Yoghurt",
    "imageUrl": "https://shop.coles.com.au/wcsstore/Coles-CAS/images/3/5/3/3536550-th.jpg",
    "categories": ["back-to-school"],
    "tags": ["recess-time", "yoghurt-pouches"],
    "locations": {
      "vic": {
        "price": 1.7,
        "promoText": " ",
        "packageSize": "100g",
        "packagePrice": "$1.70 per 100G"
      }
    }
  },
  {
    "id": "chobani-fit-yogurt-pouch-strawberry",
    "brand": "Chobani",
    "name": "Fit Strawberry Yoghurt Pouch",
    "imageUrl": "https://shop.coles.com.au/wcsstore/Coles-CAS/images/3/2/4/3246801-th.jpg",
    "categories": ["back-to-school"],
    "tags": ["recess-time", "yoghurt-pouches"],
    "locations": {
      "vic": {
        "price": 1.5,
        "promoText": "$0.75 ",
        "packageSize": "140g",
        "packagePrice": "$1.07 per 100G"
      }
    }
  },
  {
    "id": "liddells-lactose-free-pouch-vanilla",
    "brand": "Liddells",
    "name": "Lactose Free Vanilla Bean Yoghurt Pouch",
    "imageUrl": "https://shop.coles.com.au/wcsstore/Coles-CAS/images/3/5/3/3539344-th.jpg",
    "categories": ["back-to-school"],
    "tags": ["recess-time", "yoghurt-pouches"],
    "locations": {
      "vic": {
        "price": 1.7,
        "promoText": " ",
        "packageSize": "140g",
        "packagePrice": "$1.21 per 100G"
      }
    }
  },
  {
    "id": "chobani-fit-yogurt-pouch-raspebrry",
    "brand": "Chobani",
    "name": "Fit Raspberry Yoghurt Pouch",
    "imageUrl": "https://shop.coles.com.au/wcsstore/Coles-CAS/images/3/2/4/3246823-th.jpg",
    "categories": ["back-to-school"],
    "tags": ["recess-time", "yoghurt-pouches"],
    "locations": {
      "vic": {
        "price": 1.5,
        "promoText": "$0.75 ",
        "packageSize": "140g",
        "packagePrice": "$1.07 per 100G"
      }
    }
  },
  {
    "id": "jalna-pouch-of-purity-organic-yoghurt-vanilla",
    "brand": "Jalna",
    "name": "Pouch Of Purity Organic Vanilla Yoghurt",
    "imageUrl": "https://shop.coles.com.au/wcsstore/Coles-CAS/images/3/5/3/3536572-th.jpg",
    "categories": ["back-to-school"],
    "tags": ["recess-time", "yoghurt-pouches"],
    "locations": {
      "vic": {
        "price": 1.7,
        "promoText": " ",
        "packageSize": "100g",
        "packagePrice": "$1.70 per 100G"
      }
    }
  },
  {
    "id": "yoplait-yoghurt-squeezie-pouch-fruit-frenzy",
    "brand": "Yoplait",
    "name": "Petit Miam Squeezie Fruit Salad Yoghurt Pouch",
    "imageUrl": "https://shop.coles.com.au/wcsstore/Coles-CAS/images/6/5/6/6569217-th.jpg",
    "categories": ["back-to-school"],
    "tags": ["recess-time", "yoghurt-pouches"],
    "locations": {
      "vic": {
        "price": 0.9,
        "promoText": "Was $1.00 on Jun 2019 ",
        "packageSize": "70g",
        "packagePrice": "$1.29 per 100G"
      }
    }
  },
  {
    "id": "chobani-pouch-yoghurt-tropical",
    "brand": "Chobani",
    "name": "Tropical Yoghurt Pouch",
    "imageUrl": "https://shop.coles.com.au/wcsstore/Coles-CAS/images/3/5/3/3539774-th.jpg",
    "categories": ["back-to-school"],
    "tags": ["recess-time", "yoghurt-pouches"],
    "locations": {
      "vic": {
        "price": 2.25,
        "promoText": " ",
        "packageSize": "140g",
        "packagePrice": "$1.61 per 100G"
      }
    }
  },
  {
    "id": "cocobella-pouch-coconut-yoghurt-vanilla",
    "brand": "Cocobella",
    "name": "Vanilla Coconut Yoghurt Pouch",
    "imageUrl": "https://shop.coles.com.au/wcsstore/Coles-CAS/images/3/5/4/3540365-th.jpg",
    "categories": ["back-to-school"],
    "tags": ["recess-time", "yoghurt-pouches"],
    "locations": {
      "vic": {
        "price": 1.5,
        "promoText": "$0.50 ",
        "packageSize": "110g",
        "packagePrice": "$1.36 per 100G"
      }
    }
  },
  {
    "id": "chobani-yogurt-limited-edition-pouch",
    "brand": "Chobani",
    "name": "Limited Edition Watermelon Flavour Greek Yoghurt Pouch",
    "imageUrl": "https://shop.coles.com.au/wcsstore/Coles-CAS/images/3/2/4/3246572-th.jpg",
    "categories": ["back-to-school"],
    "tags": ["recess-time", "yoghurt-pouches"],
    "locations": {
      "vic": {
        "price": 2.25,
        "promoText": " ",
        "packageSize": "140g",
        "packagePrice": "$1.61 per 100G"
      }
    }
  },
  {
    "id": "parkers-pretzels-original",
    "brand": "Parker's",
    "name": "Original Pretzels 6 pack",
    "imageUrl": "https://shop.coles.com.au/wcsstore/Coles-CAS/images/9/2/8/9283061-th.jpg",
    "categories": ["back-to-school"],
    "tags": ["recess-time", "multipack-snacks"],
    "locations": {
      "vic": {
        "price": 3.1,
        "promoText": "Any 2 $5",
        "packageSize": "150g",
        "packagePrice": "$2.07 per 100G"
      }
    }
  },
  {
    "id": "cobs-lightly-salted-slightly-sweet-popcorn-mp",
    "brand": "Cobs",
    "name": "Lightly Salted & Slightly Sweet Natural Popcorn 5 pack",
    "imageUrl": "https://shop.coles.com.au/wcsstore/Coles-CAS/images/3/4/7/3478400-th.jpg",
    "categories": ["back-to-school"],
    "tags": ["recess-time", "multipack-snacks"],
    "locations": {
      "vic": {
        "price": 3.15,
        "promoText": "Any 2 $5",
        "packageSize": "65g",
        "packagePrice": "$4.85 per 100G"
      }
    }
  },
  {
    "id": "arnotts-tiny-teddy-variety-biscuits-15-pack",
    "brand": "Arnott's",
    "name": "Tiny Teddy Variety Biscuits 15 pack",
    "imageUrl": "https://shop.coles.com.au/wcsstore/Coles-CAS/images/2/9/9/2992135-th.jpg",
    "categories": ["back-to-school"],
    "tags": ["recess-time", "multipack-snacks"],
    "locations": {
      "vic": {
        "price": 5,
        "promoText": "Was $6.00 on Sep 2017 ",
        "packageSize": "375g",
        "packagePrice": "$1.33 per 100G"
      }
    }
  },
  {
    "id": "smiths-potato-chips-crinkle-cut-original",
    "brand": "Smith's",
    "name": "Crinkle Cut Original Potato Chips 6 pack",
    "imageUrl": "https://shop.coles.com.au/wcsstore/Coles-CAS/images/7/1/1/7117968-th.jpg",
    "categories": ["back-to-school"],
    "tags": ["recess-time", "multipack-snacks"],
    "locations": {
      "vic": {
        "price": 3.14,
        "promoText": "Any 2 $5",
        "packageSize": "114g",
        "packagePrice": "$2.75 per 100G"
      }
    }
  },
  {
    "id": "grainwaves-chips-sour-cream-chives-multi-5-pack",
    "brand": "Grainwaves",
    "name": "Sour Cream & Chives Grain Waves 5 pack",
    "imageUrl": "https://shop.coles.com.au/wcsstore/Coles-CAS/images/9/2/8/9283040-th.jpg",
    "categories": ["back-to-school"],
    "tags": ["recess-time", "multipack-snacks"],
    "locations": {
      "vic": {
        "price": 3.1,
        "promoText": "Any 2 $5",
        "packageSize": "110g",
        "packagePrice": "$2.82 per 100G"
      }
    }
  },
  {
    "id": "harvest-snaps-origiinal-multi-pack",
    "brand": "Calbee",
    "name": "Gluten Free Harvest Snaps Original Salted Baked Pea Crisps 5 pack",
    "imageUrl": "https://shop.coles.com.au/wcsstore/Coles-CAS/images/3/4/3/3434095-th.jpg",
    "categories": ["back-to-school"],
    "tags": ["recess-time", "multipack-snacks"],
    "locations": {
      "vic": {
        "price": 3.5,
        "promoText": "Any 2 $5",
        "packageSize": "80g",
        "packagePrice": "$4.38 per 100G"
      }
    }
  },
  {
    "id": "twisties-cheese",
    "brand": "Smith's",
    "name": "Cheese Twisties 6 pack",
    "imageUrl": "https://shop.coles.com.au/wcsstore/Coles-CAS/images/7/1/1/7118188-th.jpg",
    "categories": ["back-to-school"],
    "tags": ["recess-time", "multipack-snacks"],
    "locations": {
      "vic": {
        "price": 3.14,
        "promoText": "Any 2 $5",
        "packageSize": "114g",
        "packagePrice": "$2.75 per 100G"
      }
    }
  },
  {
    "id": "arnotts-shapes-multipack-variety-15-pack",
    "brand": "Arnott's",
    "name": "Shapes Multipack Variety 15 Pack",
    "imageUrl": "https://shop.coles.com.au/wcsstore/Coles-CAS/images/2/9/9/2992180-th.jpg",
    "categories": ["back-to-school"],
    "tags": ["recess-time", "multipack-snacks"],
    "locations": {
      "vic": {
        "price": 5,
        "promoText": "Was $6.00 on Sep 2017 ",
        "packageSize": "375g",
        "packagePrice": "$1.33 per 100G"
      }
    }
  },
  {
    "id": "smiths-potato-chips-crinkle-cut-flavour-mix",
    "brand": "Smith's",
    "name": "Crinkle Cut Variety Multipack",
    "imageUrl": "https://shop.coles.com.au/wcsstore/Coles-CAS/images/4/8/2/4826829-th.jpg",
    "categories": ["back-to-school"],
    "tags": ["recess-time", "multipack-snacks"],
    "locations": {
      "vic": {
        "price": 5.5,
        "promoText": "Was $6.70 on Oct 2016 ",
        "packageSize": "20 pack",
        "packagePrice": "$1.45 per 100G"
      }
    }
  },
  {
    "id": "red-rock-deli-potato-chips-variety",
    "brand": "Red Rock Deli",
    "name": "Variety Multipack Potato Chips",
    "imageUrl": "https://shop.coles.com.au/wcsstore/Coles-CAS/images/6/3/0/6307108-th.jpg",
    "categories": ["back-to-school"],
    "tags": ["recess-time", "multipack-snacks"],
    "locations": {
      "vic": {
        "price": 5.5,
        "promoText": "Was $6.35 on May 2017 ",
        "packageSize": "10 pack",
        "packagePrice": "$1.96 per 100G"
      }
    }
  },
  {
    "id": "smiths-potato-chips-crinkle-cut-salt-vinegar",
    "brand": "Smith's",
    "name": "Crinkle Cut Salt & Vinegar Potato Chips 6 pack",
    "imageUrl": "https://shop.coles.com.au/wcsstore/Coles-CAS/images/7/1/1/7117979-th.jpg",
    "categories": ["back-to-school"],
    "tags": ["recess-time", "multipack-snacks"],
    "locations": {
      "vic": {
        "price": 3.14,
        "promoText": "Any 2 $5",
        "packageSize": "114g",
        "packagePrice": "$2.75 per 100G"
      }
    }
  },
  {
    "id": "arnotts-crackers-original-bbq-shapes-8-pack",
    "brand": "Arnott's",
    "name": "Crackers Original Bbq Shapes 8 Pack",
    "imageUrl": "https://shop.coles.com.au/wcsstore/Coles-CAS/images/2/9/9/2992215-th.jpg",
    "categories": ["back-to-school"],
    "tags": ["recess-time", "multipack-snacks"],
    "locations": {
      "vic": {
        "price": 4,
        "promoText": " ",
        "packageSize": "200g",
        "packagePrice": "$2.00 per 100G"
      }
    }
  },
  {
    "id": "arnotts-tiny-teddy-chocolate-biscuits-8-pack",
    "brand": "Arnott's",
    "name": "Tiny Teddy Chocolate Biscuits 8 pack",
    "imageUrl": "https://shop.coles.com.au/wcsstore/Coles-CAS/images/2/9/9/2992102-th.jpg",
    "categories": ["back-to-school"],
    "tags": ["recess-time", "multipack-snacks"],
    "locations": {
      "vic": {
        "price": 4,
        "promoText": " ",
        "packageSize": "200g",
        "packagePrice": "$2.00 per 100G"
      }
    }
  },
  {
    "id": "doritos-chips-cheese-supreme",
    "brand": "Doritos",
    "name": "Cheese Supreme Corn Chips 6 pack",
    "imageUrl": "https://shop.coles.com.au/wcsstore/Coles-CAS/images/8/1/5/8156058-th.jpg",
    "categories": ["back-to-school"],
    "tags": ["recess-time", "multipack-snacks"],
    "locations": {
      "vic": {
        "price": 3.14,
        "promoText": "Any 2 $5",
        "packageSize": "114g",
        "packagePrice": "$2.75 per 100G"
      }
    }
  },
  {
    "id": "smiths-snack-mix-20-pack",
    "brand": "Smiths",
    "name": "Snack Mix 20 Pack",
    "imageUrl": "https://shop.coles.com.au/wcsstore/Coles-CAS/images/3/7/0/3706060-th.jpg",
    "categories": ["back-to-school"],
    "tags": ["recess-time", "multipack-snacks"],
    "locations": {
      "vic": {
        "price": 5.5,
        "promoText": "Was $6.70 on Jan 2020 ",
        "packageSize": "395g",
        "packagePrice": "$1.39 per 100G"
      }
    }
  },
  {
    "id": "arnotts-multipack-8-pack-crackers-mini-jatz",
    "brand": "Arnotts",
    "name": "Jatz Original Minis Biscuits 8 pack",
    "imageUrl": "https://shop.coles.com.au/wcsstore/Coles-CAS/images/3/1/8/3182720-th.jpg",
    "categories": ["back-to-school"],
    "tags": ["recess-time", "multipack-snacks"],
    "locations": {
      "vic": {
        "price": 4,
        "promoText": " ",
        "packageSize": "184g",
        "packagePrice": "$2.17 per 100G"
      }
    }
  },
  {
    "id": "cheezels-multipack-6-pack",
    "brand": "Cheezels",
    "name": "Cheese Snacks Multipack 6 pack",
    "imageUrl": "https://shop.coles.com.au/wcsstore/Coles-CAS/images/8/1/5/8157108-th.jpg",
    "categories": ["back-to-school"],
    "tags": ["recess-time", "multipack-snacks"],
    "locations": {
      "vic": {
        "price": 3.35,
        "promoText": "Any 2 $5",
        "packageSize": "114g",
        "packagePrice": "$2.94 per 100G"
      }
    }
  },
  {
    "id": "smiths-fun-mix-20-pack",
    "brand": "Smiths",
    "name": "Fun Mix Chips 20 Pack",
    "imageUrl": "https://shop.coles.com.au/wcsstore/Coles-CAS/images/3/7/0/3706049-th.jpg",
    "categories": ["back-to-school"],
    "tags": ["recess-time", "multipack-snacks"],
    "locations": {
      "vic": {
        "price": 5.5,
        "promoText": "Was $6.70 on Jan 2020 ",
        "packageSize": "375g",
        "packagePrice": "$1.47 per 100G"
      }
    }
  },
  {
    "id": "arnotts-minis-choc-chip-cookies-7-pack",
    "brand": "Arnott's",
    "name": "Minis Choc Chip Cookies 7 pack",
    "imageUrl": "https://shop.coles.com.au/wcsstore/Coles-CAS/images/2/9/9/2992157-th.jpg",
    "categories": ["back-to-school"],
    "tags": ["recess-time", "multipack-snacks"],
    "locations": {
      "vic": {
        "price": 4,
        "promoText": " ",
        "packageSize": "175g",
        "packagePrice": "$2.29 per 100G"
      }
    }
  },
  {
    "id": "french-fries-potato-chips-original-multipack-6-pack",
    "brand": "French Fries",
    "name": "Original Potato Chips 6 pack",
    "imageUrl": "https://shop.coles.com.au/wcsstore/Coles-CAS/images/6/2/9/6290570-th.jpg",
    "categories": ["back-to-school"],
    "tags": ["recess-time", "multipack-snacks"],
    "locations": {
      "vic": {
        "price": 3.35,
        "promoText": "Any 2 $5",
        "packageSize": "111g",
        "packagePrice": "$3.02 per 100G"
      }
    }
  },
  {
    "id": "arnotts-tiny-teddy-spotty-dog-biscuits-8-pack",
    "brand": "Arnott's",
    "name": "Tiny Teddy Spotty Dog Biscuits 8 Pack",
    "imageUrl": "https://shop.coles.com.au/wcsstore/Coles-CAS/images/2/9/9/2992113-th.jpg",
    "categories": ["back-to-school"],
    "tags": ["recess-time", "multipack-snacks"],
    "locations": {
      "vic": {
        "price": 4,
        "promoText": " ",
        "packageSize": "184g",
        "packagePrice": "$2.17 per 100G"
      }
    }
  },
  {
    "id": "arnotts-tiny-teddy-hundreds-thousands-biscuits-8-pack",
    "brand": "Arnott's",
    "name": "Tiny Teddy Hundreds & Thousands Biscuits 8 pack",
    "imageUrl": "https://shop.coles.com.au/wcsstore/Coles-CAS/images/2/9/9/2992099-th.jpg",
    "categories": ["back-to-school"],
    "tags": ["recess-time", "multipack-snacks"],
    "locations": {
      "vic": {
        "price": 4,
        "promoText": " ",
        "packageSize": "184g",
        "packagePrice": "$2.17 per 100G"
      }
    }
  },
  {
    "id": "peckish-rice-cracker-cheddar-cheese-6-pack",
    "brand": "Peckish",
    "name": "Cheddar Cheese Rice Crackers 6 pack",
    "imageUrl": "https://shop.coles.com.au/wcsstore/Coles-CAS/images/2/1/4/2140780-th.jpg",
    "categories": ["back-to-school"],
    "tags": ["recess-time", "multipack-snacks"],
    "locations": {
      "vic": {
        "price": 3,
        "promoText": " ",
        "packageSize": "120g",
        "packagePrice": "$2.50 per 100G"
      }
    }
  },
  {
    "id": "arnotts-shapes-crackers-under-the-sea-8-pack",
    "brand": "Arnott's",
    "name": "Shapes Vegemite & Cheese 8 pack",
    "imageUrl": "https://shop.coles.com.au/wcsstore/Coles-CAS/images/2/9/9/2992248-th.jpg",
    "categories": ["back-to-school"],
    "tags": ["recess-time", "multipack-snacks"],
    "locations": {
      "vic": {
        "price": 4,
        "promoText": " ",
        "packageSize": "200g",
        "packagePrice": "$2.00 per 100G"
      }
    }
  },
  {
    "id": "arnotts-mini-12-pack-biscuits-variety",
    "brand": "Arnott's",
    "name": "Mini Variety Biscuits 12 Pack",
    "imageUrl": "https://shop.coles.com.au/wcsstore/Coles-CAS/images/3/1/8/3182775-th.jpg",
    "categories": ["back-to-school"],
    "tags": ["recess-time", "multipack-snacks"],
    "locations": {
      "vic": {
        "price": 5,
        "promoText": " ",
        "packageSize": "292g",
        "packagePrice": "$1.71 per 100G"
      }
    }
  },
  {
    "id": "arnotts-multipack-8pk-biscuits-arrowroot-letter",
    "brand": "Arnott's",
    "name": "Mini Milk Arrowroot Letters Biscuits 8 pack",
    "imageUrl": "https://shop.coles.com.au/wcsstore/Coles-CAS/images/3/4/6/3468166-th.jpg",
    "categories": ["back-to-school"],
    "tags": ["recess-time", "multipack-snacks"],
    "locations": {
      "vic": {
        "price": 4,
        "promoText": " ",
        "packageSize": "168g",
        "packagePrice": "$2.38 per 100G"
      }
    }
  },
  {
    "id": "coles-crinkle-cut-original-potato-chips-20-pack",
    "brand": "Coles",
    "name": "Original  Crinkle Cut Potato Chips 20 Pack",
    "imageUrl": "https://shop.coles.com.au/wcsstore/Coles-CAS/images/2/1/2/2122348-th.jpg",
    "categories": ["back-to-school"],
    "tags": ["recess-time", "multipack-snacks"],
    "locations": {
      "vic": {
        "price": 4,
        "promoText": " ",
        "packageSize": "380g",
        "packagePrice": "$1.05 per 100G"
      }
    }
  },
  {
    "id": "pringles-minis-multi-pack-sour-cream-onion",
    "brand": "Pringles",
    "name": "Minis Sour Cream & Onion Potato Chips 5 pack",
    "imageUrl": "https://shop.coles.com.au/wcsstore/Coles-CAS/images/3/4/3/3434007-th.jpg",
    "categories": ["back-to-school"],
    "tags": ["recess-time", "multipack-snacks"],
    "locations": {
      "vic": {
        "price": 3.2,
        "promoText": "Any 2 $5",
        "packageSize": "95g",
        "packagePrice": "$3.37 per 100G"
      }
    }
  },
  {
    "id": "pringles-minis-multi-pack-original",
    "brand": "Pringles",
    "name": "Minis Original Salted Potato Chips 5 pack",
    "imageUrl": "https://shop.coles.com.au/wcsstore/Coles-CAS/images/3/4/3/3433999-th.jpg",
    "categories": ["back-to-school"],
    "tags": ["recess-time", "multipack-snacks"],
    "locations": {
      "vic": {
        "price": 3.2,
        "promoText": "Any 2 $5",
        "packageSize": "95g",
        "packagePrice": "$3.37 per 100G"
      }
    }
  },
  {
    "id": "natural-chip-co-snacks-veg-chese-multipack",
    "brand": "The Natural Chip Co",
    "name": "Veggie Ring Cheese Snacks",
    "imageUrl": "https://shop.coles.com.au/wcsstore/Coles-CAS/images/3/7/1/3717238-th.jpg",
    "categories": ["back-to-school"],
    "tags": ["recess-time", "multipack-snacks"],
    "locations": {
      "vic": {
        "price": 3.35,
        "promoText": "Any 2 $5",
        "packageSize": "90g",
        "packagePrice": "$3.72 per 100G"
      }
    }
  },
  {
    "id": "arnotts-crackers-original-pizza-shapes-8-pack",
    "brand": "Arnott's",
    "name": "Crackers Original Pizza Shapes 8 Pack",
    "imageUrl": "https://shop.coles.com.au/wcsstore/Coles-CAS/images/2/9/9/2992226-th.jpg",
    "categories": ["back-to-school"],
    "tags": ["recess-time", "multipack-snacks"],
    "locations": {
      "vic": {
        "price": 4,
        "promoText": " ",
        "packageSize": "200g",
        "packagePrice": "$2.00 per 100G"
      }
    }
  },
  {
    "id": "coolpack-popcorn-original",
    "brand": "Cool Pak",
    "name": "Original Popcorn 16 Pack",
    "imageUrl": "https://shop.coles.com.au/wcsstore/Coles-CAS/images/3/5/6/3569120-th.jpg",
    "categories": ["back-to-school"],
    "tags": ["recess-time", "multipack-snacks"],
    "locations": {
      "vic": {
        "price": 4,
        "promoText": "Was $4.60 on Aug 2019 ",
        "packageSize": "208g",
        "packagePrice": "$1.92 per 100G"
      }
    }
  },
  {
    "id": "peckish-rice-cracker-sour-cream-chives-6-pack",
    "brand": "Peckish",
    "name": "Sour Cream & Chive Rice Crackers 6 pack",
    "imageUrl": "https://shop.coles.com.au/wcsstore/Coles-CAS/images/2/1/4/2140770-th.jpg",
    "categories": ["back-to-school"],
    "tags": ["recess-time", "multipack-snacks"],
    "locations": {
      "vic": {
        "price": 3,
        "promoText": " ",
        "packageSize": "120g",
        "packagePrice": "$2.50 per 100G"
      }
    }
  },
  {
    "id": "ritz-original-mini-multipack-6-pack",
    "brand": "Ritz Snackz",
    "name": "Original Mini Crackers 6 Multipack",
    "imageUrl": "https://shop.coles.com.au/wcsstore/Coles-CAS/images/2/4/7/2471981-th.jpg",
    "categories": ["back-to-school"],
    "tags": ["recess-time", "multipack-snacks"],
    "locations": {
      "vic": {
        "price": 3.2,
        "promoText": " ",
        "packageSize": "150g",
        "packagePrice": "$2.13 per 100G"
      }
    }
  },
  {
    "id": "french-fries-multi-pack",
    "brand": "French Fries",
    "name": "Potato Chips 12 pack",
    "imageUrl": "https://shop.coles.com.au/wcsstore/Coles-CAS/images/3/4/3/3433489-th.jpg",
    "categories": ["back-to-school"],
    "tags": ["recess-time", "multipack-snacks"],
    "locations": {
      "vic": {
        "price": 5.2,
        "promoText": " ",
        "packageSize": "222g",
        "packagePrice": "$2.34 per 100G"
      }
    }
  },
  {
    "id": "jumpys-snacks-chicken-multipacks",
    "brand": "Jumpy's",
    "name": "Chicken Snacks Multipack 5 pack",
    "imageUrl": "https://shop.coles.com.au/wcsstore/Coles-CAS/images/9/1/3/9139462-th.jpg",
    "categories": ["back-to-school"],
    "tags": ["recess-time", "multipack-snacks"],
    "locations": {
      "vic": {
        "price": 3.35,
        "promoText": "Any 2 $5",
        "packageSize": "90g",
        "packagePrice": "$3.72 per 100G"
      }
    }
  },
  {
    "id": "jumpys-potato-chips-multipack",
    "brand": "Jumpy's",
    "name": "Crunchy Potato Chips 10 Pack",
    "imageUrl": "https://shop.coles.com.au/wcsstore/Coles-CAS/images/3/5/7/3574061-th.jpg",
    "categories": ["back-to-school"],
    "tags": ["recess-time", "multipack-snacks"],
    "locations": {
      "vic": {
        "price": 5.2,
        "promoText": " ",
        "packageSize": "180g",
        "packagePrice": "$2.89 per 100G"
      }
    }
  },
  {
    "id": "mcvities-digestives-to-go-biscuits-milk-chocolate",
    "brand": "McVitie's",
    "name": "Milk Chocolate Digestive Biscuits 2 pack",
    "imageUrl": "https://shop.coles.com.au/wcsstore/Coles-CAS/images/3/4/6/3468654-th.jpg",
    "categories": ["back-to-school"],
    "tags": ["recess-time", "multipack-snacks"],
    "locations": {
      "vic": {
        "price": 3.7,
        "promoText": " ",
        "packageSize": "199.8g",
        "packagePrice": "$1.85 per 100G"
      }
    }
  },
  {
    "id": "top-20-potato-chips-variety-20-pack",
    "brand": "Top 20",
    "name": "Variety Potato Chips 20 pack",
    "imageUrl": "https://shop.coles.com.au/wcsstore/Coles-CAS/images/4/8/4/4843850-th.jpg",
    "categories": ["back-to-school"],
    "tags": ["recess-time", "multipack-snacks"],
    "locations": {
      "vic": {
        "price": 5.5,
        "promoText": "Was $6.92 on May 2017 ",
        "packageSize": "375g",
        "packagePrice": "$1.47 per 100G"
      }
    }
  },
  {
    "id": "arnotts-scotch-finger-minis-biscuits-8-pack",
    "brand": "Arnott's",
    "name": "Scotch Finger Minis Biscuits 8 pack",
    "imageUrl": "https://shop.coles.com.au/wcsstore/Coles-CAS/images/2/9/9/2992179-th.jpg",
    "categories": ["back-to-school"],
    "tags": ["recess-time", "multipack-snacks"],
    "locations": {
      "vic": {
        "price": 4,
        "promoText": " ",
        "packageSize": "200g",
        "packagePrice": "$2.00 per 100G"
      }
    }
  },
  {
    "id": "arnotts-multipack-8-pack-cracker-chips-seasalt",
    "brand": "Arnott's",
    "name": "Sea Salt Cracker Chips 7 pack",
    "imageUrl": "https://shop.coles.com.au/wcsstore/Coles-CAS/images/3/4/6/3468133-th.jpg",
    "categories": ["back-to-school"],
    "tags": ["recess-time", "multipack-snacks"],
    "locations": {
      "vic": {
        "price": 4.2,
        "promoText": " ",
        "packageSize": "126g",
        "packagePrice": "$3.33 per 100G"
      }
    }
  },
  {
    "id": "arnotts-shapes-15-pack-crackers-aussie-legends",
    "brand": "Arnott's",
    "name": "Shapes Crackers Aussie Legends 15 Variety Packs",
    "imageUrl": "https://shop.coles.com.au/wcsstore/Coles-CAS/images/3/6/9/3697196-th.jpg",
    "categories": ["back-to-school"],
    "tags": ["recess-time", "multipack-snacks"],
    "locations": {
      "vic": {
        "price": 5,
        "promoText": " ",
        "packageSize": "375g",
        "packagePrice": "$1.33 per 100G"
      }
    }
  },
  {
    "id": "coles-multipack-8pk-mini-biscuits-choc-chip",
    "brand": "Coles",
    "name": "Multipack Mini Biscuits Choc Chip Cookies 8 Pack",
    "imageUrl": "https://shop.coles.com.au/wcsstore/Coles-CAS/images/3/1/8/3182800-th.jpg",
    "categories": ["back-to-school"],
    "tags": ["recess-time", "multipack-snacks"],
    "locations": {
      "vic": {
        "price": 2.5,
        "promoText": " ",
        "packageSize": "180g",
        "packagePrice": "$1.39 per 100G"
      }
    }
  },
  {
    "id": "coles-multipack-butter-10-biscuits-mini-monkey",
    "brand": "Coles",
    "name": "Mini Monkey Multipack Biscuits 10 Pack",
    "imageUrl": "https://shop.coles.com.au/wcsstore/Coles-CAS/images/3/1/8/3182797-th.jpg",
    "categories": ["back-to-school"],
    "tags": ["recess-time", "multipack-snacks"],
    "locations": {
      "vic": {
        "price": 2.5,
        "promoText": " ",
        "packageSize": "250g",
        "packagePrice": "$1.00 per 100G"
      }
    }
  },
  {
    "id": "coolpack-popcorn-butter-6-pack",
    "brand": "Cool Pak",
    "name": "Butter Flavoured Popcorn 6 Pack",
    "imageUrl": "https://shop.coles.com.au/wcsstore/Coles-CAS/images/3/5/6/3569141-th.jpg",
    "categories": ["back-to-school"],
    "tags": ["recess-time", "multipack-snacks"],
    "locations": {
      "vic": {
        "price": 3.14,
        "promoText": "Any 2 $5",
        "packageSize": "66g",
        "packagePrice": "$4.76 per 100G"
      }
    }
  },
  {
    "id": "thins-potato-chips-multi-pack",
    "brand": "Thins",
    "name": "Multi Flavour Potato Chips 12 pack",
    "imageUrl": "https://shop.coles.com.au/wcsstore/Coles-CAS/images/3/4/3/3433490-th.jpg",
    "categories": ["back-to-school"],
    "tags": ["recess-time", "multipack-snacks"],
    "locations": {
      "vic": {
        "price": 5.2,
        "promoText": " ",
        "packageSize": "228g",
        "packagePrice": "$2.28 per 100G"
      }
    }
  },
  {
    "id": "arnotts-crackers-crimpy-chicken-shapes-8-pack",
    "brand": "Arnott's",
    "name": "Crackers Crimpy Chicken Shapes 8 Pack",
    "imageUrl": "https://shop.coles.com.au/wcsstore/Coles-CAS/images/2/9/9/2992237-th.jpg",
    "categories": ["back-to-school"],
    "tags": ["recess-time", "multipack-snacks"],
    "locations": {
      "vic": {
        "price": 4,
        "promoText": " ",
        "packageSize": "200g",
        "packagePrice": "$2.00 per 100G"
      }
    }
  },
  {
    "id": "coles-cream-wafers-mini-multipack",
    "brand": "Coles",
    "name": "Mini Cream Wafers Multipack",
    "imageUrl": "https://shop.coles.com.au/wcsstore/Coles-CAS/images/1/3/8/1389728-th.jpg",
    "categories": ["back-to-school"],
    "tags": ["recess-time", "multipack-snacks"],
    "locations": {
      "vic": {
        "price": 2.5,
        "promoText": " ",
        "packageSize": "175g",
        "packagePrice": "$1.43 per 100G"
      }
    }
  },
  {
    "id": "sakata-rice-snacks-bbq-multipack",
    "brand": "Sakata",
    "name": "BBQ Rice Snacks Multipack",
    "imageUrl": "https://shop.coles.com.au/wcsstore/Coles-CAS/images/9/1/6/9169850-th.jpg",
    "categories": ["back-to-school"],
    "tags": ["recess-time", "multipack-snacks"],
    "locations": {
      "vic": {
        "price": 2.5,
        "promoText": " ",
        "packageSize": "90g",
        "packagePrice": "$2.78 per 100G"
      }
    }
  },
  {
    "id": "sunbites-snack-5-pack-crackers-cheddar-chive",
    "brand": "Sunbites",
    "name": "Cheddar & Chive Snack Crackers With Quinoa 5 Pack",
    "imageUrl": "https://shop.coles.com.au/wcsstore/Coles-CAS/images/2/9/9/2992420-th.jpg",
    "categories": ["back-to-school"],
    "tags": ["recess-time", "multipack-snacks"],
    "locations": {
      "vic": {
        "price": 3.5,
        "promoText": " ",
        "packageSize": "120g",
        "packagePrice": "$2.92 per 100G"
      }
    }
  },
  {
    "id": "arnotts-multipack-8-pack-cracker-chip-honeysoy-chk",
    "brand": "Arnott's",
    "name": "Honey Soy Chicken Cracker Chips 7 pack",
    "imageUrl": "https://shop.coles.com.au/wcsstore/Coles-CAS/images/3/4/6/3468122-th.jpg",
    "categories": ["back-to-school"],
    "tags": ["recess-time", "multipack-snacks"],
    "locations": {
      "vic": {
        "price": 4.2,
        "promoText": " ",
        "packageSize": "126g",
        "packagePrice": "$3.33 per 100G"
      }
    }
  },
  {
    "id": "coles-deli-assorted-multipack-chips-15-pack",
    "brand": "Coles",
    "name": "Assorted Deli Style Potato Chips 15 Pack",
    "imageUrl": "https://shop.coles.com.au/wcsstore/Coles-CAS/images/2/6/9/2690828-th.jpg",
    "categories": ["back-to-school"],
    "tags": ["recess-time", "multipack-snacks"],
    "locations": {
      "vic": {
        "price": 5.5,
        "promoText": " ",
        "packageSize": "278g",
        "packagePrice": "$1.98 per 100G"
      }
    }
  },
  {
    "id": "white-wings-cookies-chunkies-chocolate-chip-mini-multipack",
    "brand": "Green's",
    "name": "Chunkies Chocolate Chip Cookies Mini Multipack",
    "imageUrl": "https://shop.coles.com.au/wcsstore/Coles-CAS/images/7/5/6/7568130-th.jpg",
    "categories": ["back-to-school"],
    "tags": ["recess-time", "multipack-snacks"],
    "locations": {
      "vic": {
        "price": 4.1,
        "promoText": " ",
        "packageSize": "200g",
        "packagePrice": "$2.05 per 100G"
      }
    }
  },
  {
    "id": "red-rock-deli-multipack-swt-chilli--sour-crm-5pk",
    "brand": "Red Rock Deli",
    "name": "Multipack Sweet Chilli & Sour Cream 5 pack",
    "imageUrl": "https://shop.coles.com.au/wcsstore/Coles-CAS/images/3/1/5/3152402-th.jpg",
    "categories": ["back-to-school"],
    "tags": ["recess-time", "multipack-snacks"],
    "locations": {
      "vic": {
        "price": 4.65,
        "promoText": "Any 2 $7",
        "packageSize": "140g",
        "packagePrice": "$3.32 per 100G"
      }
    }
  },
  {
    "id": "red-rock-deli-multipack-honey-soy-chicken-5pk",
    "brand": "Red Rock Deli Multipack",
    "name": "Honey Soy Chicken 5pk",
    "imageUrl": "https://shop.coles.com.au/wcsstore/Coles-CAS/images/3/1/5/3152413-th.jpg",
    "categories": ["back-to-school"],
    "tags": ["recess-time", "multipack-snacks"],
    "locations": {
      "vic": {
        "price": 4.65,
        "promoText": "Any 2 $7",
        "packageSize": "140g",
        "packagePrice": "$3.32 per 100G"
      }
    }
  },
  {
    "id": "tip-top-english-muffins-original",
    "brand": "Tip Top",
    "name": "Original English Muffins 6 Pack",
    "imageUrl": "https://shop.coles.com.au/wcsstore/Coles-CAS/images/3/3/2/332394-th.jpg",
    "categories": ["back-to-school"],
    "tags": ["recess-time", "cake-muffins-slice"],
    "locations": {
      "vic": {
        "price": 2.5,
        "promoText": "$2.50 ",
        "packageSize": "400g",
        "packagePrice": "$0.63 per 100G"
      }
    }
  },
  {
    "id": "tip-top-english-muffins-spicy-fruit",
    "brand": "Tip Top",
    "name": "Spicy Fruit English Muffins",
    "imageUrl": "https://shop.coles.com.au/wcsstore/Coles-CAS/images/9/7/9/9795915-th.jpg",
    "categories": ["back-to-school"],
    "tags": ["recess-time", "cake-muffins-slice"],
    "locations": {
      "vic": {
        "price": 2.5,
        "promoText": "$2.50 ",
        "packageSize": "6 pack",
        "packagePrice": "$0.42 per 1Ea"
      }
    }
  },
  {
    "id": "tip-top-english-muffins-wholemeal",
    "brand": "Tip Top",
    "name": "Wholemeal English Muffins 6 Pack",
    "imageUrl": "https://shop.coles.com.au/wcsstore/Coles-CAS/images/5/1/3/5137320-th.jpg",
    "categories": ["back-to-school"],
    "tags": ["recess-time", "cake-muffins-slice"],
    "locations": {
      "vic": {
        "price": 2.5,
        "promoText": "$2.50 ",
        "packageSize": "400g",
        "packagePrice": "$0.63 per 100G"
      }
    }
  },
  {
    "id": "coles-muffins-english-6-pack",
    "brand": "Coles",
    "name": "English Muffins 6 pack",
    "imageUrl": "https://shop.coles.com.au/wcsstore/Coles-CAS/images/4/7/2/4723134-th.jpg",
    "categories": ["back-to-school"],
    "tags": ["recess-time", "cake-muffins-slice"],
    "locations": {
      "vic": {
        "price": 2.1,
        "promoText": " ",
        "packageSize": "400g",
        "packagePrice": "$0.53 per 100G"
      }
    }
  },
  {
    "id": "tip-top-english-muffins-multigrain",
    "brand": "Tip Top",
    "name": "Multigrain English Muffins 6 Pack",
    "imageUrl": "https://shop.coles.com.au/wcsstore/Coles-CAS/images/2/9/3/293099-th.jpg",
    "categories": ["back-to-school"],
    "tags": ["recess-time", "cake-muffins-slice"],
    "locations": {
      "vic": {
        "price": 2.5,
        "promoText": "$2.50 ",
        "packageSize": "400g",
        "packagePrice": "$0.63 per 100G"
      }
    }
  },
  {
    "id": "coles-banana-slice",
    "brand": "Coles",
    "name": "Banana Bread Slices 5 pack",
    "imageUrl": "https://shop.coles.com.au/wcsstore/Coles-CAS/images/2/9/1/2915724-th.jpg",
    "categories": ["back-to-school"],
    "tags": ["recess-time", "cake-muffins-slice"],
    "locations": {
      "vic": {
        "price": 5,
        "promoText": " ",
        "packageSize": "500g",
        "packagePrice": "$1.00 per 100G"
      }
    }
  },
  {
    "id": "coles-banana-muffins-9-pack",
    "brand": "Coles",
    "name": "Banana Mini Muffins 9 Pack",
    "imageUrl": "https://shop.coles.com.au/wcsstore/Coles-CAS/images/2/7/2/2728964-th.jpg",
    "categories": ["back-to-school"],
    "tags": ["recess-time", "cake-muffins-slice"],
    "locations": {
      "vic": {
        "price": 3.5,
        "promoText": " ",
        "packageSize": "315g",
        "packagePrice": "$1.11 per 100G"
      }
    }
  },
  {
    "id": "coles-mini-chocolate-chip-muffin-9pk",
    "brand": "Coles",
    "name": "Chocolate Chip Mini Muffins 9 Pack",
    "imageUrl": "https://shop.coles.com.au/wcsstore/Coles-CAS/images/2/4/0/2409310-th.jpg",
    "categories": ["back-to-school"],
    "tags": ["recess-time", "cake-muffins-slice"],
    "locations": {
      "vic": {
        "price": 3.5,
        "promoText": " ",
        "packageSize": "315g",
        "packagePrice": "$1.11 per 100G"
      }
    }
  },
  {
    "id": "coles-blueberry-muffin-4pk",
    "brand": "Coles",
    "name": "Blueberry Muffins",
    "imageUrl": "https://shop.coles.com.au/wcsstore/Coles-CAS/images/2/4/0/2409274-th.jpg",
    "categories": ["back-to-school"],
    "tags": ["recess-time", "cake-muffins-slice"],
    "locations": {
      "vic": {
        "price": 3.5,
        "promoText": " ",
        "packageSize": "4 pack",
        "packagePrice": "$0.88 per 1Ea"
      }
    }
  },
  {
    "id": "coles-banana-muffin-4-pack",
    "brand": "Coles",
    "name": "Banana Muffins 4 Pack",
    "imageUrl": "https://shop.coles.com.au/wcsstore/Coles-CAS/images/3/2/3/3235419-th.jpg",
    "categories": ["back-to-school"],
    "tags": ["recess-time", "cake-muffins-slice"],
    "locations": {
      "vic": {
        "price": 3.5,
        "promoText": " ",
        "packageSize": "440g",
        "packagePrice": "$0.80 per 100G"
      }
    }
  },
  {
    "id": "coles-mini-blueberry-muffin-9pk",
    "brand": "Coles",
    "name": "Blueberry Mini Muffins 9 Pack",
    "imageUrl": "https://shop.coles.com.au/wcsstore/Coles-CAS/images/2/4/0/2409300-th.jpg",
    "categories": ["back-to-school"],
    "tags": ["recess-time", "cake-muffins-slice"],
    "locations": {
      "vic": {
        "price": 3.5,
        "promoText": " ",
        "packageSize": "315g",
        "packagePrice": "$1.11 per 100G"
      }
    }
  },
  {
    "id": "coles-chocolate-chip-muffin-4pk",
    "brand": "Coles",
    "name": "Chocolate Chip Muffins 4 Pack",
    "imageUrl": "https://shop.coles.com.au/wcsstore/Coles-CAS/images/2/4/0/2409285-th.jpg",
    "categories": ["back-to-school"],
    "tags": ["recess-time", "cake-muffins-slice"],
    "locations": {
      "vic": {
        "price": 3.5,
        "promoText": " ",
        "packageSize": "480g",
        "packagePrice": "$0.73 per 100G"
      }
    }
  },
  {
    "id": "coles-chocolate-mud-cake-slices",
    "brand": "Coles",
    "name": "Chocolate Mud Cake Slices 5 pack",
    "imageUrl": "https://shop.coles.com.au/wcsstore/Coles-CAS/images/3/0/0/3003661-th.jpg",
    "categories": ["back-to-school"],
    "tags": ["recess-time", "cake-muffins-slice"],
    "locations": {
      "vic": {
        "price": 5,
        "promoText": " ",
        "packageSize": "500g",
        "packagePrice": "$1.00 per 100G"
      }
    }
  },
  {
    "id": "coles-double-chocolate-muffins-4pk",
    "brand": "Coles",
    "name": "Double Chocolate Muffins 4 Pack",
    "imageUrl": "https://shop.coles.com.au/wcsstore/Coles-CAS/images/2/4/0/2409296-th.jpg",
    "categories": ["back-to-school"],
    "tags": ["recess-time", "cake-muffins-slice"],
    "locations": {
      "vic": {
        "price": 3.5,
        "promoText": " ",
        "packageSize": "480g",
        "packagePrice": "$0.73 per 100G"
      }
    }
  },
  {
    "id": "coles-banana-muffin-bars-10pk",
    "brand": "Coles",
    "name": "Banana Muffin Bars 10 Pack",
    "imageUrl": "https://shop.coles.com.au/wcsstore/Coles-CAS/images/3/5/0/3501818-th.jpg",
    "categories": ["back-to-school"],
    "tags": ["recess-time", "cake-muffins-slice"],
    "locations": {
      "vic": {
        "price": 5,
        "promoText": " ",
        "packageSize": "420g",
        "packagePrice": "$1.19 per 100G"
      }
    }
  },
  {
    "id": "coles-banana-choc-chip-bread-slices-5pk",
    "brand": "Coles",
    "name": "Choc Chip Banana Bread Slices 5 Pack",
    "imageUrl": "https://shop.coles.com.au/wcsstore/Coles-CAS/images/3/6/3/3633681-th.jpg",
    "categories": ["back-to-school"],
    "tags": ["recess-time", "cake-muffins-slice"],
    "locations": {
      "vic": {
        "price": 5,
        "promoText": " ",
        "packageSize": "500g",
        "packagePrice": "$1.00 per 100G"
      }
    }
  },
  {
    "id": "coles-blueberry-slice-5pk",
    "brand": "Coles",
    "name": "Blueberry Loaf Slices 5 pack",
    "imageUrl": "https://shop.coles.com.au/wcsstore/Coles-CAS/images/3/2/3/3235408-th.jpg",
    "categories": ["back-to-school"],
    "tags": ["recess-time", "cake-muffins-slice"],
    "locations": {
      "vic": {
        "price": 5,
        "promoText": " ",
        "packageSize": "500g",
        "packagePrice": "$1.00 per 100G"
      }
    }
  },
  {
    "id": "coles-choc-chip-muffin-bars-10pk",
    "brand": "Coles",
    "name": "Chocolate Chip Muffin 10 Bars",
    "imageUrl": "https://shop.coles.com.au/wcsstore/Coles-CAS/images/3/5/0/3501829-th.jpg",
    "categories": ["back-to-school"],
    "tags": ["recess-time", "cake-muffins-slice"],
    "locations": {
      "vic": {
        "price": 5,
        "promoText": " ",
        "packageSize": "420g",
        "packagePrice": "$1.19 per 100G"
      }
    }
  },
  {
    "id": "oreo-original-vanilla-cr%C3%A8me-biscuits-2710437p",
    "brand": "Oreo",
    "name": "Original Crème Biscuits",
    "imageUrl": "https://shop.coles.com.au/wcsstore/Coles-CAS/images/2/7/1/2710437-th.jpg",
    "categories": ["back-to-school"],
    "tags": ["recess-time", "cokies-swet-biscuits"],
    "locations": {
      "vic": {
        "price": 1.5,
        "promoText": "$0.50 ",
        "packageSize": "133g",
        "packagePrice": "$1.13 per 100G"
      }
    }
  },
  {
    "id": "coles-cookies-ultimate-40%25-chocolate-chip",
    "brand": "Coles",
    "name": "Ultimate 40% Chocolate Chip Cookies",
    "imageUrl": "https://shop.coles.com.au/wcsstore/Coles-CAS/images/4/9/5/4953000-th.jpg",
    "categories": ["back-to-school"],
    "tags": ["recess-time", "cokies-swet-biscuits"],
    "locations": {
      "vic": {
        "price": 3.5,
        "promoText": " ",
        "packageSize": "400g",
        "packagePrice": "$0.88 per 100G"
      }
    }
  },
  {
    "id": "kraft-mini-original-oreo-cookies",
    "brand": "Oreo",
    "name": "Original Mini Biscuit Multipack",
    "imageUrl": "https://shop.coles.com.au/wcsstore/Coles-CAS/images/1/8/4/1843854-th.jpg",
    "categories": ["back-to-school"],
    "tags": ["recess-time", "cokies-swet-biscuits"],
    "locations": {
      "vic": {
        "price": 3.95,
        "promoText": " ",
        "packageSize": "230g",
        "packagePrice": "$1.72 per 100G"
      }
    }
  },
  {
    "id": "cadbury-chocolate-fingers-milk-biscuits",
    "brand": "Cadbury",
    "name": "Chocolate Fingers Milk Biscuits",
    "imageUrl": "https://shop.coles.com.au/wcsstore/Coles-CAS/images/3/0/2/3029905-th.jpg",
    "categories": ["back-to-school"],
    "tags": ["recess-time", "cokies-swet-biscuits"],
    "locations": {
      "vic": {
        "price": 3,
        "promoText": "Any 2 $4",
        "packageSize": "114g",
        "packagePrice": "$2.63 per 100G"
      }
    }
  },
  {
    "id": "belvita-chocolate-breakfast-biscuit",
    "brand": "Belvita",
    "name": "Chocolate Breakfast Biscuit 6 Pack",
    "imageUrl": "https://shop.coles.com.au/wcsstore/Coles-CAS/images/1/8/4/1843763-th.jpg",
    "categories": ["back-to-school"],
    "tags": ["recess-time", "cokies-swet-biscuits"],
    "locations": {
      "vic": {
        "price": 4,
        "promoText": " ",
        "packageSize": "300g",
        "packagePrice": "$1.33 per 100G"
      }
    }
  },
  {
    "id": "arnotts-chocolate-biscuits-tim-tams-original",
    "brand": "Arnott's",
    "name": "Original Chocolate Tim Tam",
    "imageUrl": "https://shop.coles.com.au/wcsstore/Coles-CAS/images/3/2/9/329607-th.jpg",
    "categories": ["back-to-school"],
    "tags": ["recess-time", "cokies-swet-biscuits"],
    "locations": {
      "vic": {
        "price": 1.82,
        "promoText": "$1.83 ",
        "packageSize": "200g",
        "packagePrice": "$0.91 per 100G"
      }
    }
  },
  {
    "id": "mcvities-biscuits-digestive-milk-chocolate",
    "brand": "McVitie's",
    "name": "Digestives Milk Chocolate Wheat Biscuits",
    "imageUrl": "https://shop.coles.com.au/wcsstore/Coles-CAS/images/6/1/0/6109035-th.jpg",
    "categories": ["back-to-school"],
    "tags": ["recess-time", "cokies-swet-biscuits"],
    "locations": {
      "vic": {
        "price": 1.97,
        "promoText": "$1.98 ",
        "packageSize": "300g",
        "packagePrice": "$0.66 per 100G"
      }
    }
  },
  {
    "id": "arnotts-chocolate-biscuits-tim-tams-double-coat-chocolate",
    "brand": "Arnott's",
    "name": "Double Coat Chocolate Tim Tam",
    "imageUrl": "https://shop.coles.com.au/wcsstore/Coles-CAS/images/7/0/2/7029292-th.jpg",
    "categories": ["back-to-school"],
    "tags": ["recess-time", "cokies-swet-biscuits"],
    "locations": {
      "vic": {
        "price": 1.82,
        "promoText": "$1.83 ",
        "packageSize": "200g",
        "packagePrice": "$0.91 per 100G"
      }
    }
  },
  {
    "id": "mcvities-biscuits-digestive-original",
    "brand": "McVitie's",
    "name": "Original Digestive Biscuits",
    "imageUrl": "https://shop.coles.com.au/wcsstore/Coles-CAS/images/6/1/0/6108010-th.jpg",
    "categories": ["back-to-school"],
    "tags": ["recess-time", "cokies-swet-biscuits"],
    "locations": {
      "vic": {
        "price": 1.97,
        "promoText": "$1.98 ",
        "packageSize": "400g",
        "packagePrice": "$0.49 per 100G"
      }
    }
  },
  {
    "id": "arnotts-tim-tams-messina-biscuits-choc-mint",
    "brand": "Arnott's",
    "name": "Tim Tam Chocolate Mint Biscuits",
    "imageUrl": "https://shop.coles.com.au/wcsstore/Coles-CAS/images/2/8/6/2869977-th.jpg",
    "categories": ["back-to-school"],
    "tags": ["recess-time", "cokies-swet-biscuits"],
    "locations": {
      "vic": {
        "price": 1.82,
        "promoText": "$1.83 ",
        "packageSize": "160g",
        "packagePrice": "$1.14 per 100G"
      }
    }
  },
  {
    "id": "arnotts-chocolate-biscuits-tim-tams-chewy-caramel",
    "brand": "Arnott's",
    "name": "Chewy Caramel Tim Tam",
    "imageUrl": "https://shop.coles.com.au/wcsstore/Coles-CAS/images/8/6/5/8655375-th.jpg",
    "categories": ["back-to-school"],
    "tags": ["recess-time", "cokies-swet-biscuits"],
    "locations": {
      "vic": {
        "price": 1.82,
        "promoText": "$1.83 ",
        "packageSize": "175g",
        "packagePrice": "$1.04 per 100G"
      }
    }
  },
  {
    "id": "arnotts-chocolate-biscuits-tim-tams-classic-dark-chocolate",
    "brand": "Arnott's",
    "name": "Classic Dark Chocolate Tim Tam",
    "imageUrl": "https://shop.coles.com.au/wcsstore/Coles-CAS/images/6/0/2/6025536-th.jpg",
    "categories": ["back-to-school"],
    "tags": ["recess-time", "cokies-swet-biscuits"],
    "locations": {
      "vic": {
        "price": 1.82,
        "promoText": "$1.83 ",
        "packageSize": "200g",
        "packagePrice": "$0.91 per 100G"
      }
    }
  },
  {
    "id": "mcvities-biscuits-digestive-dark-chocolate",
    "brand": "McVitie's",
    "name": "Dark Chocolate Digestive Biscuits",
    "imageUrl": "https://shop.coles.com.au/wcsstore/Coles-CAS/images/6/1/0/6109057-th.jpg",
    "categories": ["back-to-school"],
    "tags": ["recess-time", "cokies-swet-biscuits"],
    "locations": {
      "vic": {
        "price": 1.97,
        "promoText": "$1.98 ",
        "packageSize": "300g",
        "packagePrice": "$0.66 per 100G"
      }
    }
  },
  {
    "id": "arnotts-biscuits-assorted-creams",
    "brand": "Arnott's",
    "name": "Assorted Creams Biscuits",
    "imageUrl": "https://shop.coles.com.au/wcsstore/Coles-CAS/images/3/2/8/328874-th.jpg",
    "categories": ["back-to-school"],
    "tags": ["recess-time", "cokies-swet-biscuits"],
    "locations": {
      "vic": {
        "price": 4,
        "promoText": "$1.50 ",
        "packageSize": "500g",
        "packagePrice": "$0.80 per 100G"
      }
    }
  },
  {
    "id": "arnotts-biscuits-scotch-finger-chocolate-coated",
    "brand": "Arnott's",
    "name": "Chocolate Coated Scotch Finger Biscuits",
    "imageUrl": "https://shop.coles.com.au/wcsstore/Coles-CAS/images/5/5/1/5514923-th.jpg",
    "categories": ["back-to-school"],
    "tags": ["recess-time", "cokies-swet-biscuits"],
    "locations": {
      "vic": {
        "price": 3.65,
        "promoText": "Any 2 $5",
        "packageSize": "250g",
        "packagePrice": "$1.46 per 100G"
      }
    }
  },
  {
    "id": "arnotts-biscuits-teddy-bear-chocolate-coated",
    "brand": "Arnott's",
    "name": "Chocolate Coated Teddy Bear Biscuits",
    "imageUrl": "https://shop.coles.com.au/wcsstore/Coles-CAS/images/3/2/9/329582-th.jpg",
    "categories": ["back-to-school"],
    "tags": ["recess-time", "cokies-swet-biscuits"],
    "locations": {
      "vic": {
        "price": 3.65,
        "promoText": "Any 2 $5",
        "packageSize": "200g",
        "packagePrice": "$1.83 per 100G"
      }
    }
  },
  {
    "id": "arnotts-chocolate-biscuits-mint-slice",
    "brand": "Arnott's",
    "name": "Mint Slice Chocolate Biscuits",
    "imageUrl": "https://shop.coles.com.au/wcsstore/Coles-CAS/images/3/2/9/329571-th.jpg",
    "categories": ["back-to-school"],
    "tags": ["recess-time", "cokies-swet-biscuits"],
    "locations": {
      "vic": {
        "price": 3.65,
        "promoText": "Any 2 $5",
        "packageSize": "200g",
        "packagePrice": "$1.83 per 100G"
      }
    }
  },
  {
    "id": "arnotts-biscuits-scotch-finger",
    "brand": "Arnott's",
    "name": "Scotch Finger Biscuits",
    "imageUrl": "https://shop.coles.com.au/wcsstore/Coles-CAS/images/3/2/9/329174-th.jpg",
    "categories": ["back-to-school"],
    "tags": ["recess-time", "cokies-swet-biscuits"],
    "locations": {
      "vic": {
        "price": 3,
        "promoText": "Any 2 $4",
        "packageSize": "250g",
        "packagePrice": "$1.20 per 100G"
      }
    }
  },
  {
    "id": "arnotts-chocolate-biscuits-tim-tams-original-value-pack",
    "brand": "Arnott's",
    "name": "Original Chocolate Tim Tam Value Pack",
    "imageUrl": "https://shop.coles.com.au/wcsstore/Coles-CAS/images/1/2/1/1213404-th.jpg",
    "categories": ["back-to-school"],
    "tags": ["recess-time", "cokies-swet-biscuits"],
    "locations": {
      "vic": {
        "price": 3.6,
        "promoText": "Was $4.50 on Oct 2017 ",
        "packageSize": "330g",
        "packagePrice": "$1.09 per 100G"
      }
    }
  },
  {
    "id": "arnotts-chocolate-biscuits-tim-tam-white",
    "brand": "Arnott's",
    "name": "Tim Tam White Chocolate Biscuits",
    "imageUrl": "https://shop.coles.com.au/wcsstore/Coles-CAS/images/7/2/4/7243805-th.jpg",
    "categories": ["back-to-school"],
    "tags": ["recess-time", "cokies-swet-biscuits"],
    "locations": {
      "vic": {
        "price": 1.82,
        "promoText": "$1.83 ",
        "packageSize": "165g",
        "packagePrice": "$1.10 per 100G"
      }
    }
  },
  {
    "id": "arnotts-chocolate-biscuits-caramel-crowns",
    "brand": "Arnott's",
    "name": "Caramel Crowns Chocolate Biscuits",
    "imageUrl": "https://shop.coles.com.au/wcsstore/Coles-CAS/images/2/5/0/25078-th.jpg",
    "categories": ["back-to-school"],
    "tags": ["recess-time", "cokies-swet-biscuits"],
    "locations": {
      "vic": {
        "price": 3.65,
        "promoText": "Any 2 $5",
        "packageSize": "200g",
        "packagePrice": "$1.83 per 100G"
      }
    }
  },
  {
    "id": "arnotts-biscuits-teevee-snacks-original-chocolate",
    "brand": "Arnott's",
    "name": "Original Chocolate TeeVee Snacks",
    "imageUrl": "https://shop.coles.com.au/wcsstore/Coles-CAS/images/9/5/0/9503532-th.jpg",
    "categories": ["back-to-school"],
    "tags": ["recess-time", "cokies-swet-biscuits"],
    "locations": {
      "vic": {
        "price": 3.65,
        "promoText": "Any 2 $5",
        "packageSize": "175g",
        "packagePrice": "$2.09 per 100G"
      }
    }
  },
  {
    "id": "arnotts-biscuits-marie",
    "brand": "Arnott's",
    "name": "Marie Biscuits",
    "imageUrl": "https://shop.coles.com.au/wcsstore/Coles-CAS/images/3/2/9/329006-th.jpg",
    "categories": ["back-to-school"],
    "tags": ["recess-time", "cokies-swet-biscuits"],
    "locations": {
      "vic": {
        "price": 2.3,
        "promoText": " ",
        "packageSize": "250g",
        "packagePrice": "$0.92 per 100G"
      }
    }
  },
  {
    "id": "arnotts-biscuits-monte-carlo",
    "brand": "Arnott's",
    "name": "Monte Carlo Biscuits",
    "imageUrl": "https://shop.coles.com.au/wcsstore/Coles-CAS/images/3/2/9/329072-th.jpg",
    "categories": ["back-to-school"],
    "tags": ["recess-time", "cokies-swet-biscuits"],
    "locations": {
      "vic": {
        "price": 3,
        "promoText": " ",
        "packageSize": "250g",
        "packagePrice": "$1.20 per 100G"
      }
    }
  },
  {
    "id": "arnotts-biscuits-teevee-snacks-malt-sticks-chocolate",
    "brand": "Arnott's",
    "name": "Chocolate Malt Sticks TeeVee Snacks",
    "imageUrl": "https://shop.coles.com.au/wcsstore/Coles-CAS/images/9/5/0/9503543-th.jpg",
    "categories": ["back-to-school"],
    "tags": ["recess-time", "cokies-swet-biscuits"],
    "locations": {
      "vic": {
        "price": 3.65,
        "promoText": "Any 2 $5",
        "packageSize": "175g",
        "packagePrice": "$2.09 per 100G"
      }
    }
  },
  {
    "id": "arnotts-chocolate-biscuits-royals-milk-chocolate",
    "brand": "Arnott's",
    "name": "Milk Chocolate Royals",
    "imageUrl": "https://shop.coles.com.au/wcsstore/Coles-CAS/images/3/5/8/358718-th.jpg",
    "categories": ["back-to-school"],
    "tags": ["recess-time", "cokies-swet-biscuits"],
    "locations": {
      "vic": {
        "price": 3.65,
        "promoText": "Any 2 $5",
        "packageSize": "200g",
        "packagePrice": "$1.83 per 100G"
      }
    }
  },
  {
    "id": "arnotts-chocolate-biscuits-mint-slice-value-pack",
    "brand": "Arnott's",
    "name": "Mint Slice Chocolate Biscuits Value Pack",
    "imageUrl": "https://shop.coles.com.au/wcsstore/Coles-CAS/images/1/2/1/1213415-th.jpg",
    "categories": ["back-to-school"],
    "tags": ["recess-time", "cokies-swet-biscuits"],
    "locations": {
      "vic": {
        "price": 3.6,
        "promoText": "Was $4.50 on Oct 2017 ",
        "packageSize": "337g",
        "packagePrice": "$1.07 per 100G"
      }
    }
  },
  {
    "id": "arnotts-biscuits-arrowroot-milk",
    "brand": "Arnott's",
    "name": "Arrowroot Milk Biscuits",
    "imageUrl": "https://shop.coles.com.au/wcsstore/Coles-CAS/images/3/2/9/329028-th.jpg",
    "categories": ["back-to-school"],
    "tags": ["recess-time", "cokies-swet-biscuits"],
    "locations": {
      "vic": {
        "price": 2.3,
        "promoText": " ",
        "packageSize": "250g",
        "packagePrice": "$0.92 per 100G"
      }
    }
  },
  {
    "id": "arnotts-biscuits-family-assorted",
    "brand": "Arnott's",
    "name": "Family Assorted Biscuits",
    "imageUrl": "https://shop.coles.com.au/wcsstore/Coles-CAS/images/3/2/8/328910-th.jpg",
    "categories": ["back-to-school"],
    "tags": ["recess-time", "cokies-swet-biscuits"],
    "locations": {
      "vic": {
        "price": 4,
        "promoText": "Was $4.70 on Jan 2020 ",
        "packageSize": "500g",
        "packagePrice": "$0.80 per 100G"
      }
    }
  },
  {
    "id": "arnotts-biscuits-kingston",
    "brand": "Arnott's",
    "name": "Kingston Biscuits",
    "imageUrl": "https://shop.coles.com.au/wcsstore/Coles-CAS/images/3/2/9/329560-th.jpg",
    "categories": ["back-to-school"],
    "tags": ["recess-time", "cokies-swet-biscuits"],
    "locations": {
      "vic": {
        "price": 3,
        "promoText": " ",
        "packageSize": "200g",
        "packagePrice": "$1.50 per 100G"
      }
    }
  },
  {
    "id": "arnotts-biscuits-tiny-teddy-half-coated-chocolate",
    "brand": "Arnott's",
    "name": "Half Coated Chocolate Tiny Teddy Biscuits",
    "imageUrl": "https://shop.coles.com.au/wcsstore/Coles-CAS/images/6/0/2/6027746-th.jpg",
    "categories": ["back-to-school"],
    "tags": ["recess-time", "cokies-swet-biscuits"],
    "locations": {
      "vic": {
        "price": 3,
        "promoText": "Any 2 $4",
        "packageSize": "200g",
        "packagePrice": "$1.50 per 100G"
      }
    }
  },
  {
    "id": "walkers-cello-biscuit-shortbread-finger",
    "brand": "Walkers",
    "name": "Pure Butter Shortbread",
    "imageUrl": "https://shop.coles.com.au/wcsstore/Coles-CAS/images/3/1/6/3163657-th.jpg",
    "categories": ["back-to-school"],
    "tags": ["recess-time", "cokies-swet-biscuits"],
    "locations": {
      "vic": {
        "price": 3,
        "promoText": " ",
        "packageSize": "190g",
        "packagePrice": "$1.58 per 100G"
      }
    }
  },
  {
    "id": "arnotts-biscuits-teddy-bear",
    "brand": "Arnott's",
    "name": "Teddy Bear Biscuits",
    "imageUrl": "https://shop.coles.com.au/wcsstore/Coles-CAS/images/3/2/9/329243-th.jpg",
    "categories": ["back-to-school"],
    "tags": ["recess-time", "cokies-swet-biscuits"],
    "locations": {
      "vic": {
        "price": 3,
        "promoText": "Any 2 $4",
        "packageSize": "250g",
        "packagePrice": "$1.20 per 100G"
      }
    }
  },
  {
    "id": "arnotts-biscuits-venetian",
    "brand": "Arnott's",
    "name": "Venetian Biscuits",
    "imageUrl": "https://shop.coles.com.au/wcsstore/Coles-CAS/images/3/2/9/329403-th.jpg",
    "categories": ["back-to-school"],
    "tags": ["recess-time", "cokies-swet-biscuits"],
    "locations": {
      "vic": {
        "price": 3,
        "promoText": "Any 2 $4",
        "packageSize": "200g",
        "packagePrice": "$1.50 per 100G"
      }
    }
  },
  {
    "id": "arnotts-chocolate-biscuits-monte",
    "brand": "Arnott's",
    "name": "Monte Chocolate Biscuits",
    "imageUrl": "https://shop.coles.com.au/wcsstore/Coles-CAS/images/2/3/5/235060-th.jpg",
    "categories": ["back-to-school"],
    "tags": ["recess-time", "cokies-swet-biscuits"],
    "locations": {
      "vic": {
        "price": 3.65,
        "promoText": "Any 2 $5",
        "packageSize": "200g",
        "packagePrice": "$1.83 per 100G"
      }
    }
  },
  {
    "id": "arnotts-biscuits-chocolate-ripple",
    "brand": "Arnott's",
    "name": "Chocolate Ripple Biscuits",
    "imageUrl": "https://shop.coles.com.au/wcsstore/Coles-CAS/images/3/2/9/329709-th.jpg",
    "categories": ["back-to-school"],
    "tags": ["recess-time", "cokies-swet-biscuits"],
    "locations": {
      "vic": {
        "price": 3,
        "promoText": "Any 2 $4",
        "packageSize": "250g",
        "packagePrice": "$1.20 per 100G"
      }
    }
  },
  {
    "id": "arnotts-biscuits-shortbread-cream",
    "brand": "Arnott's",
    "name": "Shortbread Cream Biscuits",
    "imageUrl": "https://shop.coles.com.au/wcsstore/Coles-CAS/images/3/2/9/329196-th.jpg",
    "categories": ["back-to-school"],
    "tags": ["recess-time", "cokies-swet-biscuits"],
    "locations": {
      "vic": {
        "price": 3,
        "promoText": " ",
        "packageSize": "250g",
        "packagePrice": "$1.20 per 100G"
      }
    }
  },
  {
    "id": "arnotts-biscuits-raspberry-shortcake",
    "brand": "Arnott's",
    "name": "Raspberry Shortcake Biscuits",
    "imageUrl": "https://shop.coles.com.au/wcsstore/Coles-CAS/images/3/2/9/329775-th.jpg",
    "categories": ["back-to-school"],
    "tags": ["recess-time", "cokies-swet-biscuits"],
    "locations": {
      "vic": {
        "price": 3,
        "promoText": " ",
        "packageSize": "250g",
        "packagePrice": "$1.20 per 100G"
      }
    }
  },
  {
    "id": "arnotts-biscuits-malt-o-milk",
    "brand": "Arnott's",
    "name": "Malt-O-Milk Biscuits",
    "imageUrl": "https://shop.coles.com.au/wcsstore/Coles-CAS/images/3/2/9/329447-th.jpg",
    "categories": ["back-to-school"],
    "tags": ["recess-time", "cokies-swet-biscuits"],
    "locations": {
      "vic": {
        "price": 3,
        "promoText": " ",
        "packageSize": "250g",
        "packagePrice": "$1.20 per 100G"
      }
    }
  },
  {
    "id": "arnotts-biscuits-hundreds-thousands",
    "brand": "Arnott's",
    "name": "Hundreds & Thousands Biscuits",
    "imageUrl": "https://shop.coles.com.au/wcsstore/Coles-CAS/images/3/2/9/329389-th.jpg",
    "categories": ["back-to-school"],
    "tags": ["recess-time", "cokies-swet-biscuits"],
    "locations": {
      "vic": {
        "price": 3.05,
        "promoText": "Any 2 $4",
        "packageSize": "200g",
        "packagePrice": "$1.53 per 100G"
      }
    }
  },
  {
    "id": "arnotts-biscuits-butternut-snap",
    "brand": "Arnott's",
    "name": "Butternut Snap Biscuits",
    "imageUrl": "https://shop.coles.com.au/wcsstore/Coles-CAS/images/3/2/8/328885-th.jpg",
    "categories": ["back-to-school"],
    "tags": ["recess-time", "cokies-swet-biscuits"],
    "locations": {
      "vic": {
        "price": 3,
        "promoText": "Any 2 $4",
        "packageSize": "250g",
        "packagePrice": "$1.20 per 100G"
      }
    }
  },
  {
    "id": "coles-chocolate-biscuits-honeycomb-whirls",
    "brand": "Coles",
    "name": "Honeycomb Whirls Chocolate Biscuits",
    "imageUrl": "https://shop.coles.com.au/wcsstore/Coles-CAS/images/7/3/7/7377186-th.jpg",
    "categories": ["back-to-school"],
    "tags": ["recess-time", "cokies-swet-biscuits"],
    "locations": {
      "vic": {
        "price": 1.65,
        "promoText": " ",
        "packageSize": "200g",
        "packagePrice": "$0.83 per 100G"
      }
    }
  },
  {
    "id": "loacker-tortina-hazelnut",
    "brand": "Loacker",
    "name": "Gran Pasticceria Original Tortina Chocolate Biscuit",
    "imageUrl": "https://shop.coles.com.au/wcsstore/Coles-CAS/images/7/2/2/7220923-th.jpg",
    "categories": ["back-to-school"],
    "tags": ["recess-time", "cokies-swet-biscuits"],
    "locations": {
      "vic": {
        "price": 4,
        "promoText": " ",
        "packageSize": "125g",
        "packagePrice": "$3.20 per 100G"
      }
    }
  },
  {
    "id": "oreo-cream-biscuits-choc-split",
    "brand": "Oreo",
    "name": "Creme Biscuits Choc Split",
    "imageUrl": "https://shop.coles.com.au/wcsstore/Coles-CAS/images/2/8/6/2869864-th.jpg",
    "categories": ["back-to-school"],
    "tags": ["recess-time", "cokies-swet-biscuits"],
    "locations": {
      "vic": {
        "price": 1.5,
        "promoText": "$0.50 ",
        "packageSize": "137g",
        "packagePrice": "$1.13 per 100G"
      }
    }
  },
  {
    "id": "arnotts-biscuits-granita",
    "brand": "Arnott's",
    "name": "Granita Biscuits",
    "imageUrl": "https://shop.coles.com.au/wcsstore/Coles-CAS/images/3/2/8/328932-th.jpg",
    "categories": ["back-to-school"],
    "tags": ["recess-time", "cokies-swet-biscuits"],
    "locations": {
      "vic": {
        "price": 3,
        "promoText": "Any 2 $4",
        "packageSize": "250g",
        "packagePrice": "$1.20 per 100G"
      }
    }
  },
  {
    "id": "arnotts-biscuits-nice",
    "brand": "Arnott's",
    "name": "Nice Biscuits",
    "imageUrl": "https://shop.coles.com.au/wcsstore/Coles-CAS/images/3/2/8/328987-th.jpg",
    "categories": ["back-to-school"],
    "tags": ["recess-time", "cokies-swet-biscuits"],
    "locations": {
      "vic": {
        "price": 2.3,
        "promoText": " ",
        "packageSize": "250g",
        "packagePrice": "$0.92 per 100G"
      }
    }
  },
  {
    "id": "coles-chocolate-biscuits-mint-supremes",
    "brand": "Coles",
    "name": "Chocolate Mint Supremes Biscuits",
    "imageUrl": "https://shop.coles.com.au/wcsstore/Coles-CAS/images/7/2/9/7294963-th.jpg",
    "categories": ["back-to-school"],
    "tags": ["recess-time", "cokies-swet-biscuits"],
    "locations": {
      "vic": {
        "price": 1.65,
        "promoText": " ",
        "packageSize": "200g",
        "packagePrice": "$0.83 per 100G"
      }
    }
  },
  {
    "id": "arnotts-chocolate-biscuits-gaiety",
    "brand": "Arnott's",
    "name": "Gaiety Chocolate Biscuits",
    "imageUrl": "https://shop.coles.com.au/wcsstore/Coles-CAS/images/3/2/9/329618-th.jpg",
    "categories": ["back-to-school"],
    "tags": ["recess-time", "cokies-swet-biscuits"],
    "locations": {
      "vic": {
        "price": 3.65,
        "promoText": "Any 2 $5",
        "packageSize": "160g",
        "packagePrice": "$2.28 per 100G"
      }
    }
  },
  {
    "id": "loacker-gran-paticceria-noisette",
    "brand": "Loacker",
    "name": "Gran Pasticceria Creme Noisette Chocolate Wafer Biscuit",
    "imageUrl": "https://shop.coles.com.au/wcsstore/Coles-CAS/images/5/0/1/5019935-th.jpg",
    "categories": ["back-to-school"],
    "tags": ["recess-time", "cokies-swet-biscuits"],
    "locations": {
      "vic": {
        "price": 4,
        "promoText": " ",
        "packageSize": "100g",
        "packagePrice": "$4.00 per 100G"
      }
    }
  },
  {
    "id": "arnotts-wafers-tina",
    "brand": "Arnott's",
    "name": "Tina Wafers",
    "imageUrl": "https://shop.coles.com.au/wcsstore/Coles-CAS/images/5/7/2/5725259-th.jpg",
    "categories": ["back-to-school"],
    "tags": ["recess-time", "cokies-swet-biscuits"],
    "locations": {
      "vic": {
        "price": 3.05,
        "promoText": "Any 2 $4",
        "packageSize": "250g",
        "packagePrice": "$1.22 per 100G"
      }
    }
  },
  {
    "id": "arnotts-biscuits-milk-coffee",
    "brand": "Arnott's",
    "name": "Milk Coffee Biscuits",
    "imageUrl": "https://shop.coles.com.au/wcsstore/Coles-CAS/images/3/2/9/329017-th.jpg",
    "categories": ["back-to-school"],
    "tags": ["recess-time", "cokies-swet-biscuits"],
    "locations": {
      "vic": {
        "price": 2.3,
        "promoText": " ",
        "packageSize": "250g",
        "packagePrice": "$0.92 per 100G"
      }
    }
  },
  {
    "id": "arnotts-biscuits-iced-vovo",
    "brand": "Arnott's",
    "name": "Iced VoVo Biscuits",
    "imageUrl": "https://shop.coles.com.au/wcsstore/Coles-CAS/images/1/5/5/155732-th.jpg",
    "categories": ["back-to-school"],
    "tags": ["recess-time", "cokies-swet-biscuits"],
    "locations": {
      "vic": {
        "price": 3,
        "promoText": "Any 2 $4",
        "packageSize": "210g",
        "packagePrice": "$1.43 per 100G"
      }
    }
  },
  {
    "id": "dotty-byron-bay-cookies-pouch",
    "brand": "Byron Bay",
    "name": "Dotty Cookies Bites Pouch",
    "imageUrl": "https://shop.coles.com.au/wcsstore/Coles-CAS/images/2/9/9/2992645-th.jpg",
    "categories": ["back-to-school"],
    "tags": ["recess-time", "cokies-swet-biscuits"],
    "locations": {
      "vic": {
        "price": 2.5,
        "promoText": " ",
        "packageSize": "100g",
        "packagePrice": "$2.50 per 100G"
      }
    }
  },
  {
    "id": "coles-chocolate-biscuits-fingers",
    "brand": "Coles",
    "name": "Chocolate Fingers Biscuits",
    "imageUrl": "https://shop.coles.com.au/wcsstore/Coles-CAS/images/7/3/7/7378418-th.jpg",
    "categories": ["back-to-school"],
    "tags": ["recess-time", "cokies-swet-biscuits"],
    "locations": {
      "vic": {
        "price": 1.65,
        "promoText": " ",
        "packageSize": "200g",
        "packagePrice": "$0.83 per 100G"
      }
    }
  },
  {
    "id": "kraft-cookies-oreo-wafer-chocolate",
    "brand": "Oreo",
    "name": "Milk Chocolate Wafer Sticks",
    "imageUrl": "https://shop.coles.com.au/wcsstore/Coles-CAS/images/1/0/2/1020900-th.jpg",
    "categories": ["back-to-school"],
    "tags": ["recess-time", "cokies-swet-biscuits"],
    "locations": {
      "vic": {
        "price": 1.8,
        "promoText": "$0.60 ",
        "packageSize": "128g",
        "packagePrice": "$1.41 per 100G"
      }
    }
  },
  {
    "id": "oreo-chocolate-coated-biscuit",
    "brand": "Oreo",
    "name": "Chocolate Coated Biscuit",
    "imageUrl": "https://shop.coles.com.au/wcsstore/Coles-CAS/images/2/9/9/2994061-th.jpg",
    "categories": ["back-to-school"],
    "tags": ["recess-time", "cokies-swet-biscuits"],
    "locations": {
      "vic": {
        "price": 3.8,
        "promoText": " ",
        "packageSize": "204g",
        "packagePrice": "$1.86 per 100G"
      }
    }
  },
  {
    "id": "paradise-cookies-cottage-chocolate-chip",
    "brand": "Paradise",
    "name": "Cottage Chocolate Chip Cookies",
    "imageUrl": "https://shop.coles.com.au/wcsstore/Coles-CAS/images/5/1/1/5111122-th.jpg",
    "categories": ["back-to-school"],
    "tags": ["recess-time", "cokies-swet-biscuits"],
    "locations": {
      "vic": {
        "price": 2.1,
        "promoText": "$0.50 ",
        "packageSize": "250g",
        "packagePrice": "$0.84 per 100G"
      }
    }
  },
  {
    "id": "arnotts-biscuits-orange-slice",
    "brand": "Arnott's",
    "name": "Orange Slice Biscuits",
    "imageUrl": "https://shop.coles.com.au/wcsstore/Coles-CAS/images/3/2/9/329119-th.jpg",
    "categories": ["back-to-school"],
    "tags": ["recess-time", "cokies-swet-biscuits"],
    "locations": {
      "vic": {
        "price": 3,
        "promoText": " ",
        "packageSize": "250g",
        "packagePrice": "$1.20 per 100G"
      }
    }
  },
  {
    "id": "cadbury-cookie-crunchie-choc",
    "brand": "Cadbury",
    "name": "Soft Biscuit Choc Centre",
    "imageUrl": "https://shop.coles.com.au/wcsstore/Coles-CAS/images/2/9/9/2994232-th.jpg",
    "categories": ["back-to-school"],
    "tags": ["recess-time", "cokies-swet-biscuits"],
    "locations": {
      "vic": {
        "price": 3.5,
        "promoText": " ",
        "packageSize": "156g",
        "packagePrice": "$2.24 per 100G"
      }
    }
  },
  {
    "id": "coles-chocolate-biscuits-chocolate-caramel-deluxe",
    "brand": "Coles",
    "name": "Chocolate Caramel Deluxe Biscuits",
    "imageUrl": "https://shop.coles.com.au/wcsstore/Coles-CAS/images/7/3/7/7378291-th.jpg",
    "categories": ["back-to-school"],
    "tags": ["recess-time", "cokies-swet-biscuits"],
    "locations": {
      "vic": {
        "price": 1.65,
        "promoText": " ",
        "packageSize": "200g",
        "packagePrice": "$0.83 per 100G"
      }
    }
  },
  {
    "id": "unibic-biscuits-anzac",
    "brand": "Unibic",
    "name": "Anzac Biscuits",
    "imageUrl": "https://shop.coles.com.au/wcsstore/Coles-CAS/images/7/9/7/7977230-th.jpg",
    "categories": ["back-to-school"],
    "tags": ["recess-time", "cokies-swet-biscuits"],
    "locations": {
      "vic": {
        "price": 3,
        "promoText": " ",
        "packageSize": "300g",
        "packagePrice": "$1.00 per 100G"
      }
    }
  },
  {
    "id": "arnotts-biscuits-lemon-crisp",
    "brand": "Arnott's",
    "name": "Lemon Crisp Biscuits",
    "imageUrl": "https://shop.coles.com.au/wcsstore/Coles-CAS/images/3/2/9/329414-th.jpg",
    "categories": ["back-to-school"],
    "tags": ["recess-time", "cokies-swet-biscuits"],
    "locations": {
      "vic": {
        "price": 3,
        "promoText": " ",
        "packageSize": "250g",
        "packagePrice": "$1.20 per 100G"
      }
    }
  },
  {
    "id": "arnotts-biscuits-full-o-fruit",
    "brand": "Arnott's",
    "name": "Full O' Fruit Biscuits",
    "imageUrl": "https://shop.coles.com.au/wcsstore/Coles-CAS/images/3/4/4/344349-th.jpg",
    "categories": ["back-to-school"],
    "tags": ["recess-time", "cokies-swet-biscuits"],
    "locations": {
      "vic": {
        "price": 3.7,
        "promoText": " ",
        "packageSize": "250g",
        "packagePrice": "$1.48 per 100G"
      }
    }
  },
  {
    "id": "belvita-biscuits-breakfast-honey-nut-6-pack",
    "brand": "Belvita",
    "name": "Honey and Nut Breakfast Biscuits 6 Pack",
    "imageUrl": "https://shop.coles.com.au/wcsstore/Coles-CAS/images/1/0/2/1020783-th.jpg",
    "categories": ["back-to-school"],
    "tags": ["recess-time", "cokies-swet-biscuits"],
    "locations": {
      "vic": {
        "price": 4,
        "promoText": " ",
        "packageSize": "300g",
        "packagePrice": "$1.33 per 100G"
      }
    }
  },
  {
    "id": "belvita-cranberry-sultana-soft-bakes-biscuit",
    "brand": "Belvita",
    "name": "Cranberry & Sultana Soft Bakes Biscuit",
    "imageUrl": "https://shop.coles.com.au/wcsstore/Coles-CAS/images/3/1/5/3151465-th.jpg",
    "categories": ["back-to-school"],
    "tags": ["recess-time", "cokies-swet-biscuits"],
    "locations": {
      "vic": {
        "price": 4.5,
        "promoText": " ",
        "packageSize": "200g",
        "packagePrice": "$2.25 per 100G"
      }
    }
  },
  {
    "id": "cadbury-breakaway-milk-chocolate-biscuit",
    "brand": "Cadbury",
    "name": "Breakaway Milk Chocolate Biscuit",
    "imageUrl": "https://shop.coles.com.au/wcsstore/Coles-CAS/images/2/2/3/2239312-th.jpg",
    "categories": ["back-to-school"],
    "tags": ["recess-time", "cokies-swet-biscuits"],
    "locations": {
      "vic": {
        "price": 3.5,
        "promoText": " ",
        "packageSize": "180g",
        "packagePrice": "$1.94 per 100G"
      }
    }
  },
  {
    "id": "cadbury-choc-chip-cookies",
    "brand": "Cadbury",
    "name": "Soft Biscuit Classic Choc Chip",
    "imageUrl": "https://shop.coles.com.au/wcsstore/Coles-CAS/images/2/9/9/2994276-th.jpg",
    "categories": ["back-to-school"],
    "tags": ["recess-time", "cokies-swet-biscuits"],
    "locations": {
      "vic": {
        "price": 3.5,
        "promoText": " ",
        "packageSize": "156g",
        "packagePrice": "$2.24 per 100G"
      }
    }
  },
  {
    "id": "coles-biscuits-100s-1000s-mini",
    "brand": "Coles",
    "name": "100's & 1000's Mini Biscuits",
    "imageUrl": "https://shop.coles.com.au/wcsstore/Coles-CAS/images/7/5/1/7512907-th.jpg",
    "categories": ["back-to-school"],
    "tags": ["recess-time", "cokies-swet-biscuits"],
    "locations": {
      "vic": {
        "price": 2.2,
        "promoText": " ",
        "packageSize": "200g",
        "packagePrice": "$1.10 per 100G"
      }
    }
  },
  {
    "id": "coles-cream-wafers-chocolate",
    "brand": "Coles",
    "name": "Chocolate Cream Wafers",
    "imageUrl": "https://shop.coles.com.au/wcsstore/Coles-CAS/images/1/3/8/1389794-th.jpg",
    "categories": ["back-to-school"],
    "tags": ["recess-time", "cokies-swet-biscuits"],
    "locations": {
      "vic": {
        "price": 0.55,
        "promoText": " ",
        "packageSize": "125g",
        "packagePrice": "$0.44 per 100G"
      }
    }
  },
  {
    "id": "coles-milk-digestive-biscuits",
    "brand": "Coles",
    "name": "Milk Digestive Biscuits",
    "imageUrl": "https://shop.coles.com.au/wcsstore/Coles-CAS/images/1/4/1/1417700-th.jpg",
    "categories": ["back-to-school"],
    "tags": ["recess-time", "cokies-swet-biscuits"],
    "locations": {
      "vic": {
        "price": 1.65,
        "promoText": " ",
        "packageSize": "200g",
        "packagePrice": "$0.83 per 100G"
      }
    }
  },
  {
    "id": "arnotts-biscuits-wagon-wheels-mini-chocolate",
    "brand": "Arnott's",
    "name": "Mini Chocolate Wagon Wheels",
    "imageUrl": "https://shop.coles.com.au/wcsstore/Coles-CAS/images/8/7/0/8707049-th.jpg",
    "categories": ["back-to-school"],
    "tags": ["recess-time", "cokies-swet-biscuits"],
    "locations": {
      "vic": {
        "price": 2.5,
        "promoText": "Was $3.65 on Sep 2018 ",
        "packageSize": "190g",
        "packagePrice": "$1.32 per 100G"
      }
    }
  },
  {
    "id": "arnotts-biscuits-shredded-wheatmeal",
    "brand": "Arnott's",
    "name": "Shredded Wheatmeal Biscuits",
    "imageUrl": "https://shop.coles.com.au/wcsstore/Coles-CAS/images/3/2/9/329276-th.jpg",
    "categories": ["back-to-school"],
    "tags": ["recess-time", "cokies-swet-biscuits"],
    "locations": {
      "vic": {
        "price": 2.3,
        "promoText": " ",
        "packageSize": "250g",
        "packagePrice": "$0.92 per 100G"
      }
    }
  },
  {
    "id": "arnotts-bites-biscuits-tim-tam",
    "brand": "Arnott's",
    "name": "Tim Tam Bites",
    "imageUrl": "https://shop.coles.com.au/wcsstore/Coles-CAS/images/2/8/6/2869900-th.jpg",
    "categories": ["back-to-school"],
    "tags": ["recess-time", "cokies-swet-biscuits"],
    "locations": {
      "vic": {
        "price": 4.4,
        "promoText": " ",
        "packageSize": "170g",
        "packagePrice": "$2.59 per 100G"
      }
    }
  },
  {
    "id": "belvita-biscuits-breakfast-fruit-fibre-6-pack",
    "brand": "Belvita",
    "name": "Fruit and Fibre Breakfast Biscuits 6 Pack",
    "imageUrl": "https://shop.coles.com.au/wcsstore/Coles-CAS/images/9/1/0/9109870-th.jpg",
    "categories": ["back-to-school"],
    "tags": ["recess-time", "cokies-swet-biscuits"],
    "locations": {
      "vic": {
        "price": 4,
        "promoText": " ",
        "packageSize": "300g",
        "packagePrice": "$1.33 per 100G"
      }
    }
  },
  {
    "id": "belvita-breakfast-minis-biscuits-honey-choc-chip",
    "brand": "Belvita",
    "name": "Minis Honey & Choc Chip Breakfast Biscuits 6 pack",
    "imageUrl": "https://shop.coles.com.au/wcsstore/Coles-CAS/images/3/4/3/3434674-th.jpg",
    "categories": ["back-to-school"],
    "tags": ["recess-time", "cokies-swet-biscuits"],
    "locations": {
      "vic": {
        "price": 5,
        "promoText": " ",
        "packageSize": "210g",
        "packagePrice": "$2.38 per 100G"
      }
    }
  },
  {
    "id": "cadbury-choc-biscuit-freddo",
    "brand": "Cadbury",
    "name": "Freddo Delicious Biscuits Dipped In Milk Chocolate",
    "imageUrl": "https://shop.coles.com.au/wcsstore/Coles-CAS/images/3/2/6/3265792-th.jpg",
    "categories": ["back-to-school"],
    "tags": ["recess-time", "cokies-swet-biscuits"],
    "locations": {
      "vic": {
        "price": 3,
        "promoText": "Any 2 $4",
        "packageSize": "167g",
        "packagePrice": "$1.80 per 100G"
      }
    }
  },
  {
    "id": "coles-cream-wafers-vanilla",
    "brand": "Coles",
    "name": "Vanilla Cream Wafers",
    "imageUrl": "https://shop.coles.com.au/wcsstore/Coles-CAS/images/1/3/8/1389783-th.jpg",
    "categories": ["back-to-school"],
    "tags": ["recess-time", "cokies-swet-biscuits"],
    "locations": {
      "vic": {
        "price": 0.55,
        "promoText": " ",
        "packageSize": "125g",
        "packagePrice": "$0.44 per 100G"
      }
    }
  },
  {
    "id": "coles-biscuits-shortbread-fingers-1406044p",
    "brand": "Coles",
    "name": "Shortbread Finger Biscuits With Butter",
    "imageUrl": "https://shop.coles.com.au/wcsstore/Coles-CAS/images/1/4/0/1406044-th.jpg",
    "categories": ["back-to-school"],
    "tags": ["recess-time", "cokies-swet-biscuits"],
    "locations": {
      "vic": {
        "price": 2,
        "promoText": " ",
        "packageSize": "200g",
        "packagePrice": "$1.00 per 100G"
      }
    }
  },
  {
    "id": "ritz-sandwich-crackers-vanilla",
    "brand": "Ritz",
    "name": "Sweet N Salty Vanilla Flavoured Sandwich Crackers",
    "imageUrl": "https://shop.coles.com.au/wcsstore/Coles-CAS/images/3/5/8/3589295-th.jpg",
    "categories": ["back-to-school"],
    "tags": ["recess-time", "cokies-swet-biscuits"],
    "locations": {
      "vic": {
        "price": 1.5,
        "promoText": " ",
        "packageSize": "118g",
        "packagePrice": "$1.27 per 100G"
      }
    }
  },
  {
    "id": "belvita-golden-grain-soft-bakes-biscuit",
    "brand": "Belvita",
    "name": "Golden Grain Soft Bakes Biscuit",
    "imageUrl": "https://shop.coles.com.au/wcsstore/Coles-CAS/images/3/1/5/3151476-th.jpg",
    "categories": ["back-to-school"],
    "tags": ["recess-time", "cokies-swet-biscuits"],
    "locations": {
      "vic": {
        "price": 4.5,
        "promoText": " ",
        "packageSize": "200g",
        "packagePrice": "$2.25 per 100G"
      }
    }
  },
  {
    "id": "coles-chocolatey-moments-biscuits-dark-choc-top",
    "brand": "Coles",
    "name": "Dark Chocolate Chocolatey Moments Biscuits",
    "imageUrl": "https://shop.coles.com.au/wcsstore/Coles-CAS/images/3/2/9/3295738-th.jpg",
    "categories": ["back-to-school"],
    "tags": ["recess-time", "cokies-swet-biscuits"],
    "locations": {
      "vic": {
        "price": 2,
        "promoText": " ",
        "packageSize": "125g",
        "packagePrice": "$1.60 per 100G"
      }
    }
  },
  {
    "id": "coles-gooey-cookie-caramel-filled",
    "brand": "Coles",
    "name": "Gooey Caramel Filled Cookie Crumbles 8 Pack",
    "imageUrl": "https://shop.coles.com.au/wcsstore/Coles-CAS/images/3/2/8/3288798-th.jpg",
    "categories": ["back-to-school"],
    "tags": ["recess-time", "cokies-swet-biscuits"],
    "locations": {
      "vic": {
        "price": 3.5,
        "promoText": "Any 2 $3",
        "packageSize": "200g",
        "packagePrice": "$1.75 per 100G"
      }
    }
  },
  {
    "id": "coles-ultimate-biscuits-apple-pie",
    "brand": "Coles",
    "name": "Ultimate Apple Pie Cookies 12 Pack",
    "imageUrl": "https://shop.coles.com.au/wcsstore/Coles-CAS/images/3/4/9/3496569-th.jpg",
    "categories": ["back-to-school"],
    "tags": ["recess-time", "cokies-swet-biscuits"],
    "locations": {
      "vic": {
        "price": 3.5,
        "promoText": " ",
        "packageSize": "225g",
        "packagePrice": "$1.56 per 100G"
      }
    }
  },
  {
    "id": "go-ahead-biscuits-crispy-slice-sultana-forest-fruit",
    "brand": "Go Ahead",
    "name": "Sultana & Forest Fruit Crispy Slice",
    "imageUrl": "https://shop.coles.com.au/wcsstore/Coles-CAS/images/1/4/0/1405959-th.jpg",
    "categories": ["back-to-school"],
    "tags": ["recess-time", "cokies-swet-biscuits"],
    "locations": {
      "vic": {
        "price": 3.95,
        "promoText": " ",
        "packageSize": "218g",
        "packagePrice": "$1.81 per 100G"
      }
    }
  },
  {
    "id": "mcvities-digestives-thins-biscuit-dark-chocolate",
    "brand": "McVitie's",
    "name": "Thins Dark Chocolate Digestive Biscuits",
    "imageUrl": "https://shop.coles.com.au/wcsstore/Coles-CAS/images/3/3/1/3313771-th.jpg",
    "categories": ["back-to-school"],
    "tags": ["recess-time", "cokies-swet-biscuits"],
    "locations": {
      "vic": {
        "price": 3.5,
        "promoText": " ",
        "packageSize": "150g",
        "packagePrice": "$2.33 per 100G"
      }
    }
  },
  {
    "id": "mcvities-digestives-thins-biscuit-milk-chocolate",
    "brand": "McVities",
    "name": "Thins Milk Chocolate Biscuits",
    "imageUrl": "https://shop.coles.com.au/wcsstore/Coles-CAS/images/3/3/1/3313782-th.jpg",
    "categories": ["back-to-school"],
    "tags": ["recess-time", "cokies-swet-biscuits"],
    "locations": {
      "vic": {
        "price": 3.5,
        "promoText": " ",
        "packageSize": "150g",
        "packagePrice": "$2.33 per 100G"
      }
    }
  },
  {
    "id": "kraft-original-oreo-cookies-grab-go-pack",
    "brand": "Oreo",
    "name": "Original Grab N Go Cookies",
    "imageUrl": "https://shop.coles.com.au/wcsstore/Coles-CAS/images/1/8/4/1843832-th.jpg",
    "categories": ["back-to-school"],
    "tags": ["recess-time", "cokies-swet-biscuits"],
    "locations": {
      "vic": {
        "price": 3.95,
        "promoText": " ",
        "packageSize": "256g",
        "packagePrice": "$1.54 per 100G"
      }
    }
  },
  {
    "id": "messy-monkeys-quinoa-bites-burger",
    "brand": "Messy Monkeys",
    "name": "Whole Grain Bites Burger Flavour",
    "imageUrl": "https://shop.coles.com.au/wcsstore/Coles-CAS/images/2/8/9/2897815-th.jpg",
    "categories": ["back-to-school"],
    "tags": ["healthier-lunch-box", "healthier-snacks"],
    "locations": {
      "vic": {
        "price": 3.5,
        "promoText": "$3.50 ",
        "packageSize": "160g",
        "packagePrice": "$2.19 per 100G"
      }
    }
  },
  {
    "id": "healtheries-kidscare-rice-wheels-burger-10-pack",
    "brand": "Healtheries",
    "name": "KidsCare Burger Wheels Rice Snacks 10 pack",
    "imageUrl": "https://shop.coles.com.au/wcsstore/Coles-CAS/images/7/2/4/7247894-th.jpg",
    "categories": ["back-to-school"],
    "tags": ["healthier-lunch-box", "healthier-snacks"],
    "locations": {
      "vic": {
        "price": 5.2,
        "promoText": " ",
        "packageSize": "180g",
        "packagePrice": "$2.89 per 100G"
      }
    }
  },
  {
    "id": "healtheries-kidscare-rice-wheels-chicken",
    "brand": "Healtheries",
    "name": "KidsCare Roast Chicken Wheels Rice Snacks 10 pack",
    "imageUrl": "https://shop.coles.com.au/wcsstore/Coles-CAS/images/5/2/5/5251416-th.jpg",
    "categories": ["back-to-school"],
    "tags": ["healthier-lunch-box", "healthier-snacks"],
    "locations": {
      "vic": {
        "price": 5.2,
        "promoText": " ",
        "packageSize": "180g",
        "packagePrice": "$2.89 per 100G"
      }
    }
  },
  {
    "id": "healtheries-kidscare-rice-wheels-cheese",
    "brand": "Healtheries",
    "name": "KidsCare Cheese Wheels Rice Snacks 10 pack",
    "imageUrl": "https://shop.coles.com.au/wcsstore/Coles-CAS/images/9/7/3/9734885-th.jpg",
    "categories": ["back-to-school"],
    "tags": ["healthier-lunch-box", "healthier-snacks"],
    "locations": {
      "vic": {
        "price": 5.2,
        "promoText": " ",
        "packageSize": "180g",
        "packagePrice": "$2.89 per 100G"
      }
    }
  },
  {
    "id": "messy-monkeys-quinoa-cheese-bites",
    "brand": "Messy Monkeys",
    "name": "Whole Grain Bites Cheese Flavour",
    "imageUrl": "https://shop.coles.com.au/wcsstore/Coles-CAS/images/2/8/9/2897826-th.jpg",
    "categories": ["back-to-school"],
    "tags": ["healthier-lunch-box", "healthier-snacks"],
    "locations": {
      "vic": {
        "price": 3.5,
        "promoText": "$3.50 ",
        "packageSize": "160g",
        "packagePrice": "$2.19 per 100G"
      }
    }
  },
  {
    "id": "coles-organic-gf-corn-chips",
    "brand": "Coles",
    "name": "I'M Free From Lightly Salted Corn Chips",
    "imageUrl": "https://shop.coles.com.au/wcsstore/Coles-CAS/images/3/1/3/3138900-th.jpg",
    "categories": ["back-to-school"],
    "tags": ["healthier-lunch-box", "healthier-snacks"],
    "locations": {
      "vic": {
        "price": 2.5,
        "promoText": " ",
        "packageSize": "200g",
        "packagePrice": "$1.25 per 100G"
      }
    }
  },
  {
    "id": "vege-chips-multipack-250g",
    "brand": "Vege",
    "name": "Original Multipack Chips 12 Pack",
    "imageUrl": "https://shop.coles.com.au/wcsstore/Coles-CAS/images/8/3/1/8313724-th.jpg",
    "categories": ["back-to-school"],
    "tags": ["healthier-lunch-box", "healthier-snacks"],
    "locations": {
      "vic": {
        "price": 8.8,
        "promoText": " ",
        "packageSize": "250g",
        "packagePrice": "$3.52 per 100G"
      }
    }
  },
  {
    "id": "orgran-gluten-free-buckwheat-crispibread",
    "brand": "Orgran",
    "name": "Gluten Free Buckwheat Crispbread",
    "imageUrl": "https://shop.coles.com.au/wcsstore/Coles-CAS/images/1/9/9/1995070-th.jpg",
    "categories": ["back-to-school"],
    "tags": ["healthier-lunch-box", "healthier-snacks"],
    "locations": {
      "vic": {
        "price": 2.25,
        "promoText": "$0.60 ",
        "packageSize": "125g",
        "packagePrice": "$1.80 per 100G"
      }
    }
  },
  {
    "id": "vege-chips-natural",
    "brand": "Vege",
    "name": "Original Natural Chips",
    "imageUrl": "https://shop.coles.com.au/wcsstore/Coles-CAS/images/5/3/7/5376218-th.jpg",
    "categories": ["back-to-school"],
    "tags": ["healthier-lunch-box", "healthier-snacks"],
    "locations": {
      "vic": {
        "price": 3.8,
        "promoText": " ",
        "packageSize": "100g",
        "packagePrice": "$3.80 per 100G"
      }
    }
  },
  {
    "id": "vege-deli-lentils-crips",
    "brand": "Vege",
    "name": "Deli Crisps Lentil Lightly Salted Chips",
    "imageUrl": "https://shop.coles.com.au/wcsstore/Coles-CAS/images/2/4/9/2492198-th.jpg",
    "categories": ["back-to-school"],
    "tags": ["healthier-lunch-box", "healthier-snacks"],
    "locations": {
      "vic": {
        "price": 5.5,
        "promoText": " ",
        "packageSize": "100g",
        "packagePrice": "$5.50 per 100G"
      }
    }
  },
  {
    "id": "vege-deli-crips-original-blend",
    "brand": "Vege",
    "name": "Deli Crisps Original Blend Chips",
    "imageUrl": "https://shop.coles.com.au/wcsstore/Coles-CAS/images/2/8/9/2898261-th.jpg",
    "categories": ["back-to-school"],
    "tags": ["healthier-lunch-box", "healthier-snacks"],
    "locations": {
      "vic": {
        "price": 5.5,
        "promoText": " ",
        "packageSize": "100g",
        "packagePrice": "$5.50 per 100G"
      }
    }
  },
  {
    "id": "vege-deli-crips-purple-sweet-potato",
    "brand": "Vege",
    "name": "Deli Crisps Purple Sweet Potato Chips",
    "imageUrl": "https://shop.coles.com.au/wcsstore/Coles-CAS/images/2/8/9/2898283-th.jpg",
    "categories": ["back-to-school"],
    "tags": ["healthier-lunch-box", "healthier-snacks"],
    "locations": {
      "vic": {
        "price": 5.5,
        "promoText": " ",
        "packageSize": "100g",
        "packagePrice": "$5.50 per 100G"
      }
    }
  },
  {
    "id": "wholesome-foods-original-falafel-chips",
    "brand": "Wholesome Food Company",
    "name": "Gluten Free Original Falafel Chips",
    "imageUrl": "https://shop.coles.com.au/wcsstore/Coles-CAS/images/2/5/0/2509654-th.jpg",
    "categories": ["back-to-school"],
    "tags": ["healthier-lunch-box", "healthier-snacks"],
    "locations": {
      "vic": {
        "price": 5,
        "promoText": " ",
        "packageSize": "175g",
        "packagePrice": "$2.86 per 100G"
      }
    }
  },
  {
    "id": "wholesome-foods-hummus-chips",
    "brand": "Wholesome Food Company",
    "name": "Gluten Free Original Hommus Chips",
    "imageUrl": "https://shop.coles.com.au/wcsstore/Coles-CAS/images/2/5/1/2510020-th.jpg",
    "categories": ["back-to-school"],
    "tags": ["healthier-lunch-box", "healthier-snacks"],
    "locations": {
      "vic": {
        "price": 5,
        "promoText": " ",
        "packageSize": "120g",
        "packagePrice": "$4.17 per 100G"
      }
    }
  },
  {
    "id": "ajitas-vege-rice-crackers-vegan-cheese",
    "brand": "Ajitas",
    "name": "Vegan Cheese Vege Rice Crackers",
    "imageUrl": "https://shop.coles.com.au/wcsstore/Coles-CAS/images/3/5/5/3554202-th.jpg",
    "categories": ["back-to-school"],
    "tags": ["healthier-lunch-box", "healthier-snacks"],
    "locations": {
      "vic": {
        "price": 3.8,
        "promoText": " ",
        "packageSize": "75g",
        "packagePrice": "$5.07 per 100G"
      }
    }
  },
  {
    "id": "coles-organic-roasted-seaweed-sea-salt-snacks",
    "brand": "Coles",
    "name": "Organic Roasted Seaweed Snacks Sea Salt",
    "imageUrl": "https://shop.coles.com.au/wcsstore/Coles-CAS/images/3/1/3/3138933-th.jpg",
    "categories": ["back-to-school"],
    "tags": ["healthier-lunch-box", "healthier-snacks"],
    "locations": {
      "vic": {
        "price": 1.8,
        "promoText": " ",
        "packageSize": "5g",
        "packagePrice": "$36.00 per 100G"
      }
    }
  },
  {
    "id": "healtheries-kidscare-potato-sticks-roast-chicken-8-pack",
    "brand": "Healtheries",
    "name": "KidsCare Potato Stix Chicken 8 pack",
    "imageUrl": "https://shop.coles.com.au/wcsstore/Coles-CAS/images/7/2/4/7241322-th.jpg",
    "categories": ["back-to-school"],
    "tags": ["healthier-lunch-box", "healthier-snacks"],
    "locations": {
      "vic": {
        "price": 5.3,
        "promoText": " ",
        "packageSize": "160g",
        "packagePrice": "$3.31 per 100G"
      }
    }
  },
  {
    "id": "healtheries-kidscare-roasted-potato-sticks",
    "brand": "Healtheries",
    "name": "KidsCare Potato Stix Roast Potato 8 pack",
    "imageUrl": "https://shop.coles.com.au/wcsstore/Coles-CAS/images/6/6/5/6654510-th.jpg",
    "categories": ["back-to-school"],
    "tags": ["healthier-lunch-box", "healthier-snacks"],
    "locations": {
      "vic": {
        "price": 5.3,
        "promoText": " ",
        "packageSize": "160g",
        "packagePrice": "$3.31 per 100G"
      }
    }
  },
  {
    "id": "orgran-gluten-free-multigrain-wafer-crackers",
    "brand": "Orgran",
    "name": "Gluten Free Multigrain Quinoa Wafer Crackers",
    "imageUrl": "https://shop.coles.com.au/wcsstore/Coles-CAS/images/1/9/9/1994907-th.jpg",
    "categories": ["back-to-school"],
    "tags": ["healthier-lunch-box", "healthier-snacks"],
    "locations": {
      "vic": {
        "price": 3.9,
        "promoText": " ",
        "packageSize": "100g",
        "packagePrice": "$3.90 per 100G"
      }
    }
  },
  {
    "id": "simply-7-chips-with-sea-salt",
    "brand": "Simply 7",
    "name": "Lentil Chips With Sea Salt",
    "imageUrl": "https://shop.coles.com.au/wcsstore/Coles-CAS/images/1/4/7/1478260-th.jpg",
    "categories": ["back-to-school"],
    "tags": ["healthier-lunch-box", "healthier-snacks"],
    "locations": {
      "vic": {
        "price": 4.2,
        "promoText": "$1.05 ",
        "packageSize": "113g",
        "packagePrice": "$3.72 per 100G"
      }
    }
  },
  {
    "id": "simply-7-lentil-jalapeno-chips",
    "brand": "Simply 7",
    "name": "Lentil Jalapeno Chips",
    "imageUrl": "https://shop.coles.com.au/wcsstore/Coles-CAS/images/3/1/3/3139801-th.jpg",
    "categories": ["back-to-school"],
    "tags": ["healthier-lunch-box", "healthier-snacks"],
    "locations": {
      "vic": {
        "price": 4.2,
        "promoText": "$1.05 ",
        "packageSize": "113g",
        "packagePrice": "$3.72 per 100G"
      }
    }
  },
  {
    "id": "sunrice-salt-vinegar-mini-bites-8-pack",
    "brand": "Sunrice",
    "name": "Mini Bites Salt & Vinegar 8 Pack",
    "imageUrl": "https://shop.coles.com.au/wcsstore/Coles-CAS/images/2/0/0/2007260-th.jpg",
    "categories": ["back-to-school"],
    "tags": ["healthier-lunch-box", "healthier-snacks"],
    "locations": {
      "vic": {
        "price": 4,
        "promoText": "Was $5.00 on Nov 2017 ",
        "packageSize": "160g",
        "packagePrice": "$2.50 per 100G"
      }
    }
  },
  {
    "id": "sunrice-creepy-cheese-mini-bites-8pk",
    "brand": "Sunrice",
    "name": "Creepy Cheese Mini Bites 8pk",
    "imageUrl": "https://shop.coles.com.au/wcsstore/Coles-CAS/images/1/9/9/1994984-th.jpg",
    "categories": ["back-to-school"],
    "tags": ["healthier-lunch-box", "healthier-snacks"],
    "locations": {
      "vic": {
        "price": 4,
        "promoText": "Was $5.00 on Nov 2017 ",
        "packageSize": "160g",
        "packagePrice": "$2.50 per 100G"
      }
    }
  },
  {
    "id": "chic-nuts-lightly-salted",
    "brand": "The Happy Snack Company",
    "name": "Lightly Salted Crunchy Roasted Chickpeas",
    "imageUrl": "https://shop.coles.com.au/wcsstore/Coles-CAS/images/1/4/6/1469510-th.jpg",
    "categories": ["back-to-school"],
    "tags": ["healthier-lunch-box", "healthier-snacks"],
    "locations": {
      "vic": {
        "price": 5.35,
        "promoText": " ",
        "packageSize": "200g",
        "packagePrice": "$2.68 per 100G"
      }
    }
  },
  {
    "id": "wholesome-foods-straws-wasabi-mayo-chips-gf",
    "brand": "Wholesome Food Company",
    "name": "Gluten Free Quinoa & Chia Straws With Wasabi Chips",
    "imageUrl": "https://shop.coles.com.au/wcsstore/Coles-CAS/images/3/1/4/3145000-th.jpg",
    "categories": ["back-to-school"],
    "tags": ["healthier-lunch-box", "healthier-snacks"],
    "locations": {
      "vic": {
        "price": 5,
        "promoText": " ",
        "packageSize": "120g",
        "packagePrice": "$4.17 per 100G"
      }
    }
  },
  {
    "id": "ajitas-vege-rice-crackers-sour-cream-chives",
    "brand": "Ajitas",
    "name": "Sour Cream & Chives Vege Rice Crackers",
    "imageUrl": "https://shop.coles.com.au/wcsstore/Coles-CAS/images/3/5/5/3554199-th.jpg",
    "categories": ["back-to-school"],
    "tags": ["healthier-lunch-box", "healthier-snacks"],
    "locations": {
      "vic": {
        "price": 3.8,
        "promoText": " ",
        "packageSize": "75g",
        "packagePrice": "$5.07 per 100G"
      }
    }
  },
  {
    "id": "vege-twists-cheeese-max",
    "brand": "Ajitas",
    "name": "Cheeese Max With Potato & Lentils Vege Twists",
    "imageUrl": "https://shop.coles.com.au/wcsstore/Coles-CAS/images/3/5/3/3539093-th.jpg",
    "categories": ["back-to-school"],
    "tags": ["healthier-lunch-box", "healthier-snacks"],
    "locations": {
      "vic": {
        "price": 3.8,
        "promoText": " ",
        "packageSize": "75g",
        "packagePrice": "$5.07 per 100G"
      }
    }
  },
  {
    "id": "nice-natural-protein-nut-bars%3Acaramel-sea-salt",
    "brand": "Nice & Natural",
    "name": "Salted Caramel Protein Nut Bars With 3 Superseeds 5 Pack",
    "imageUrl": "https://shop.coles.com.au/wcsstore/Coles-CAS/images/2/7/9/2795575-th.jpg",
    "categories": ["back-to-school"],
    "tags": ["healthier-lunch-box", "healthier-snacks"],
    "locations": {
      "vic": {
        "price": 5,
        "promoText": "Any 2 $7",
        "packageSize": "165g",
        "packagePrice": "$3.03 per 100G"
      }
    }
  },
  {
    "id": "sunrice-mini-bites-chicken-8-pack",
    "brand": "Sunrice",
    "name": "Mini Bites Chicken 8 pack",
    "imageUrl": "https://shop.coles.com.au/wcsstore/Coles-CAS/images/1/9/9/1994995-th.jpg",
    "categories": ["back-to-school"],
    "tags": ["healthier-lunch-box", "healthier-snacks"],
    "locations": {
      "vic": {
        "price": 4,
        "promoText": "Was $5.00 on Nov 2017 ",
        "packageSize": "160g",
        "packagePrice": "$2.50 per 100G"
      }
    }
  },
  {
    "id": "sunrice-mini-bites-original-8pk",
    "brand": "Sunrice",
    "name": "Mini Bites Original 8pk",
    "imageUrl": "https://shop.coles.com.au/wcsstore/Coles-CAS/images/1/9/9/1999241-th.jpg",
    "categories": ["back-to-school"],
    "tags": ["healthier-lunch-box", "healthier-snacks"],
    "locations": {
      "vic": {
        "price": 4,
        "promoText": "Was $5.00 on Nov 2017 ",
        "packageSize": "160g",
        "packagePrice": "$2.50 per 100G"
      }
    }
  },
  {
    "id": "wfc-organic-blue-corn-quinoa-chips",
    "brand": "The Wholesome Food Company",
    "name": "Organic Tortilla Corn & Quinoa Chips",
    "imageUrl": "https://shop.coles.com.au/wcsstore/Coles-CAS/images/3/5/5/3558371-th.jpg",
    "categories": ["back-to-school"],
    "tags": ["healthier-lunch-box", "healthier-snacks"],
    "locations": {
      "vic": {
        "price": 5,
        "promoText": " ",
        "packageSize": "150g",
        "packagePrice": "$3.33 per 100G"
      }
    }
  },
  {
    "id": "vege-chips-sea-salt-malt-vinegar",
    "brand": "Vege",
    "name": "Original Sea Salt & Vinegar Chips",
    "imageUrl": "https://shop.coles.com.au/wcsstore/Coles-CAS/images/6/6/7/6675189-th.jpg",
    "categories": ["back-to-school"],
    "tags": ["healthier-lunch-box", "healthier-snacks"],
    "locations": {
      "vic": {
        "price": 3.8,
        "promoText": " ",
        "packageSize": "100g",
        "packagePrice": "$3.80 per 100G"
      }
    }
  },
  {
    "id": "vege-chips-bbq",
    "brand": "Vege",
    "name": "Original BBQ Chips",
    "imageUrl": "https://shop.coles.com.au/wcsstore/Coles-CAS/images/5/3/7/5376229-th.jpg",
    "categories": ["back-to-school"],
    "tags": ["healthier-lunch-box", "healthier-snacks"],
    "locations": {
      "vic": {
        "price": 3.8,
        "promoText": " ",
        "packageSize": "100g",
        "packagePrice": "$3.80 per 100G"
      }
    }
  },
  {
    "id": "vege-deli-crisps-yellow-sweet-potato",
    "brand": "Vege Deli Crisps",
    "name": "Yellow Sweet Potato",
    "imageUrl": "https://shop.coles.com.au/wcsstore/Coles-CAS/images/3/1/2/3127926-th.jpg",
    "categories": ["back-to-school"],
    "tags": ["healthier-lunch-box", "healthier-snacks"],
    "locations": {
      "vic": {
        "price": 5.5,
        "promoText": " ",
        "packageSize": "100g",
        "packagePrice": "$5.50 per 100G"
      }
    }
  },
  {
    "id": "coles-simply-gluten-free-pastry-cheese-twists",
    "brand": "Coles",
    "name": "I'M Free From Cheese Twists",
    "imageUrl": "https://shop.coles.com.au/wcsstore/Coles-CAS/images/1/2/5/1251403-th.jpg",
    "categories": ["back-to-school"],
    "tags": ["healthier-lunch-box", "healthier-snacks"],
    "locations": {
      "vic": {
        "price": 2,
        "promoText": " ",
        "packageSize": "90g",
        "packagePrice": "$2.22 per 100G"
      }
    }
  },
  {
    "id": "coles-organic-brown-rice-crackers-original",
    "brand": "Coles",
    "name": "Gluten Free Original Organic Brown Rice Crackers",
    "imageUrl": "https://shop.coles.com.au/wcsstore/Coles-CAS/images/3/1/1/3114210-th.jpg",
    "categories": ["back-to-school"],
    "tags": ["healthier-lunch-box", "healthier-snacks"],
    "locations": {
      "vic": {
        "price": 2,
        "promoText": "Was $2.50 on Sep 2018 ",
        "packageSize": "100g",
        "packagePrice": "$2.00 per 100G"
      }
    }
  },
  {
    "id": "coles-organic-gluten-free-cheese-corn-chips",
    "brand": "Coles",
    "name": "I'M Free From Cheddar Cheese Corn Chips",
    "imageUrl": "https://shop.coles.com.au/wcsstore/Coles-CAS/images/3/1/3/3138911-th.jpg",
    "categories": ["back-to-school"],
    "tags": ["healthier-lunch-box", "healthier-snacks"],
    "locations": {
      "vic": {
        "price": 2.5,
        "promoText": " ",
        "packageSize": "200g",
        "packagePrice": "$1.25 per 100G"
      }
    }
  },
  {
    "id": "coles-gluten-free-kids-cheeky-monkey-choc",
    "brand": "Coles",
    "name": "Gluten Free Kids Cheeky Choc Monkey Biscuits",
    "imageUrl": "https://shop.coles.com.au/wcsstore/Coles-CAS/images/3/1/2/3128532-th.jpg",
    "categories": ["back-to-school"],
    "tags": ["healthier-lunch-box", "healthier-snacks"],
    "locations": {
      "vic": {
        "price": 3.5,
        "promoText": " ",
        "packageSize": "150g",
        "packagePrice": "$2.33 per 100G"
      }
    }
  },
  {
    "id": "favva-beans-sea-salt-vinegar",
    "brand": "Favva Beans",
    "name": "Sea Salt & Vinegar",
    "imageUrl": "https://shop.coles.com.au/wcsstore/Coles-CAS/images/2/9/0/2903827-th.jpg",
    "categories": ["back-to-school"],
    "tags": ["healthier-lunch-box", "healthier-snacks"],
    "locations": {
      "vic": {
        "price": 5.3,
        "promoText": " ",
        "packageSize": "150g",
        "packagePrice": "$3.53 per 100G"
      }
    }
  },
  {
    "id": "messy-monkeys-chicken-bites",
    "brand": "Freedom Foods",
    "name": "Messy Monkeys Chicken Flavour Whole Grain Bites",
    "imageUrl": "https://shop.coles.com.au/wcsstore/Coles-CAS/images/3/5/6/3568965-th.jpg",
    "categories": ["back-to-school"],
    "tags": ["healthier-lunch-box", "healthier-snacks"],
    "locations": {
      "vic": {
        "price": 3.5,
        "promoText": "$3.50 ",
        "packageSize": "160g",
        "packagePrice": "$2.19 per 100G"
      }
    }
  },
  {
    "id": "healtheries-kidscare-twirls-pizza",
    "brand": "Healtheries",
    "name": "KidsCare Pizza Flavour Oven Baked Twirls",
    "imageUrl": "https://shop.coles.com.au/wcsstore/Coles-CAS/images/3/5/5/3557404-th.jpg",
    "categories": ["back-to-school"],
    "tags": ["healthier-lunch-box", "healthier-snacks"],
    "locations": {
      "vic": {
        "price": 5.3,
        "promoText": " ",
        "packageSize": "144g",
        "packagePrice": "$3.68 per 100G"
      }
    }
  },
  {
    "id": "healtheries-kidscare-twirls-chick",
    "brand": "Healtheries",
    "name": "KidsCare Chicken Flavour Oven Baked Twirls 8 pack",
    "imageUrl": "https://shop.coles.com.au/wcsstore/Coles-CAS/images/3/5/5/3557380-th.jpg",
    "categories": ["back-to-school"],
    "tags": ["healthier-lunch-box", "healthier-snacks"],
    "locations": {
      "vic": {
        "price": 5.3,
        "promoText": " ",
        "packageSize": "144g",
        "packagePrice": "$3.68 per 100G"
      }
    }
  },
  {
    "id": "messy-monkeys-gluten-free-popcorn-lightly-salted",
    "brand": "Messy Monkeys",
    "name": "Popcorn Lightly Salted",
    "imageUrl": "https://shop.coles.com.au/wcsstore/Coles-CAS/images/3/1/2/3125498-th.jpg",
    "categories": ["back-to-school"],
    "tags": ["healthier-lunch-box", "healthier-snacks"],
    "locations": {
      "vic": {
        "price": 5.5,
        "promoText": " ",
        "packageSize": "130g",
        "packagePrice": "$4.23 per 100G"
      }
    }
  },
  {
    "id": "olinas-bakehouse-gluten-free-crackers",
    "brand": "Olina's Bakehouse",
    "name": "Gluten Free Fig & Sunflower Seed Artisan Crackers",
    "imageUrl": "https://shop.coles.com.au/wcsstore/Coles-CAS/images/3/1/1/3119087-th.jpg",
    "categories": ["back-to-school"],
    "tags": ["healthier-lunch-box", "healthier-snacks"],
    "locations": {
      "vic": {
        "price": 5,
        "promoText": " ",
        "packageSize": "100g",
        "packagePrice": "$5.00 per 100G"
      }
    }
  },
  {
    "id": "favva-beans-lightly-salted",
    "brand": "The Happy Snack Company",
    "name": "Crunchy Roasted Favva Beans Lightly Salted",
    "imageUrl": "https://shop.coles.com.au/wcsstore/Coles-CAS/images/2/9/0/2903838-th.jpg",
    "categories": ["back-to-school"],
    "tags": ["healthier-lunch-box", "healthier-snacks"],
    "locations": {
      "vic": {
        "price": 5.3,
        "promoText": " ",
        "packageSize": "150g",
        "packagePrice": "$3.53 per 100G"
      }
    }
  },
  {
    "id": "vege-chips-sweet-sour",
    "brand": "Vege",
    "name": "Original Sweet & Sour Chips",
    "imageUrl": "https://shop.coles.com.au/wcsstore/Coles-CAS/images/6/6/7/6675699-th.jpg",
    "categories": ["back-to-school"],
    "tags": ["healthier-lunch-box", "healthier-snacks"],
    "locations": {
      "vic": {
        "price": 3.8,
        "promoText": " ",
        "packageSize": "100g",
        "packagePrice": "$3.80 per 100G"
      }
    }
  },
  {
    "id": "favva-beans-red-pepper-chilli",
    "brand": "Favva Beans",
    "name": "Red Pepper & Chilli",
    "imageUrl": "https://shop.coles.com.au/wcsstore/Coles-CAS/images/2/9/0/2903816-th.jpg",
    "categories": ["back-to-school"],
    "tags": ["healthier-lunch-box", "healthier-snacks"],
    "locations": {
      "vic": {
        "price": 5.3,
        "promoText": " ",
        "packageSize": "150g",
        "packagePrice": "$3.53 per 100G"
      }
    }
  },
  {
    "id": "messy-monkeys-tomato-sauce-bites",
    "brand": "Freedom Foods",
    "name": "Messy Monkeys Tomato Sauce Bites",
    "imageUrl": "https://shop.coles.com.au/wcsstore/Coles-CAS/images/3/5/6/3568910-th.jpg",
    "categories": ["back-to-school"],
    "tags": ["healthier-lunch-box", "healthier-snacks"],
    "locations": {
      "vic": {
        "price": 3.5,
        "promoText": "$3.50 ",
        "packageSize": "160g",
        "packagePrice": "$2.19 per 100G"
      }
    }
  },
  {
    "id": "messy-monkeys-cheese-popcorn",
    "brand": "Freedom Foods",
    "name": "Messy Monkeys Cheese Popcorn",
    "imageUrl": "https://shop.coles.com.au/wcsstore/Coles-CAS/images/3/5/6/3569210-th.jpg",
    "categories": ["back-to-school"],
    "tags": ["healthier-lunch-box", "healthier-snacks"],
    "locations": {
      "vic": {
        "price": 5.5,
        "promoText": " ",
        "packageSize": "130g",
        "packagePrice": "$4.23 per 100G"
      }
    }
  },
  {
    "id": "simply-7-lentil-chips-honey-soy-chicken",
    "brand": "Simply 7",
    "name": "Lentil Chips Honey Soy Chicken",
    "imageUrl": "https://shop.coles.com.au/wcsstore/Coles-CAS/images/3/5/4/3548425-th.jpg",
    "categories": ["back-to-school"],
    "tags": ["healthier-lunch-box", "healthier-snacks"],
    "locations": {
      "vic": {
        "price": 4.2,
        "promoText": "$1.05 ",
        "packageSize": "113g",
        "packagePrice": "$3.72 per 100G"
      }
    }
  },
  {
    "id": "the-happy-snack-company-kids-roasted-pizza-fav-va-beans-10-pack",
    "brand": "The Happy Snack Company",
    "name": "Kids Roasted Pizza Fav-Va Beans 10 pack",
    "imageUrl": "https://shop.coles.com.au/wcsstore/Coles-CAS/images/2/5/0/2508040-th.jpg",
    "categories": ["back-to-school"],
    "tags": ["healthier-lunch-box", "healthier-snacks"],
    "locations": {
      "vic": {
        "price": 5.3,
        "promoText": " ",
        "packageSize": "150g",
        "packagePrice": "$3.53 per 100G"
      }
    }
  },
  {
    "id": "happy-snacks-chic-peas-lightly-salted",
    "brand": "The Happy Snack Company",
    "name": "Lightly Salted Crunchy Roasted Chickpeas 6 Pack",
    "imageUrl": "https://shop.coles.com.au/wcsstore/Coles-CAS/images/3/0/1/3015296-th.jpg",
    "categories": ["back-to-school"],
    "tags": ["healthier-lunch-box", "healthier-snacks"],
    "locations": {
      "vic": {
        "price": 5.3,
        "promoText": " ",
        "packageSize": "150g",
        "packagePrice": "$3.53 per 100G"
      }
    }
  },
  {
    "id": "wholesome-food-veg-corn-cauli-cheese-chips-gf",
    "brand": "Wholesome Food Company",
    "name": "Gluten Free Corn Chips With Veg Cauliflower Linseed & Cheddar Cheese",
    "imageUrl": "https://shop.coles.com.au/wcsstore/Coles-CAS/images/3/1/4/3145010-th.jpg",
    "categories": ["back-to-school"],
    "tags": ["healthier-lunch-box", "healthier-snacks"],
    "locations": {
      "vic": {
        "price": 5,
        "promoText": " ",
        "packageSize": "150g",
        "packagePrice": "$3.33 per 100G"
      }
    }
  },
  {
    "id": "wholesome-foods-lentil-harissa-twists-chips-gf",
    "brand": "Wholesome Food Company",
    "name": "Gluten Free Lentil Harissa Twists Chips",
    "imageUrl": "https://shop.coles.com.au/wcsstore/Coles-CAS/images/3/1/4/3144991-th.jpg",
    "categories": ["back-to-school"],
    "tags": ["healthier-lunch-box", "healthier-snacks"],
    "locations": {
      "vic": {
        "price": 5,
        "promoText": " ",
        "packageSize": "120g",
        "packagePrice": "$4.17 per 100G"
      }
    }
  },
  {
    "id": "vege-chips-chicken-style",
    "brand": "Ajitas",
    "name": "Gluten Free Vege Chicken Style Chips",
    "imageUrl": "https://shop.coles.com.au/wcsstore/Coles-CAS/images/3/1/2/3127937-th.jpg",
    "categories": ["back-to-school"],
    "tags": ["healthier-lunch-box", "healthier-snacks"],
    "locations": {
      "vic": {
        "price": 3.8,
        "promoText": " ",
        "packageSize": "100g",
        "packagePrice": "$3.80 per 100G"
      }
    }
  },
  {
    "id": "coles-puffed-corn-chips-gf-sorghum-quinoa-chia",
    "brand": "Coles",
    "name": "I'M Free From Puffed Corn Chips Quinoa & Chia",
    "imageUrl": "https://shop.coles.com.au/wcsstore/Coles-CAS/images/3/1/3/3133000-th.jpg",
    "categories": ["back-to-school"],
    "tags": ["healthier-lunch-box", "healthier-snacks"],
    "locations": {
      "vic": {
        "price": 3.5,
        "promoText": " ",
        "packageSize": "168g",
        "packagePrice": "$2.08 per 100G"
      }
    }
  },
  {
    "id": "coles-puffed-corn-chips-gf-sorghum-quinoa-chia-3132992p",
    "brand": "Coles",
    "name": "I'M Free From Corn Chips Quinoa & Chia Cheese",
    "imageUrl": "https://shop.coles.com.au/wcsstore/Coles-CAS/images/3/1/3/3132992-th.jpg",
    "categories": ["back-to-school"],
    "tags": ["healthier-lunch-box", "healthier-snacks"],
    "locations": {
      "vic": {
        "price": 3.5,
        "promoText": " ",
        "packageSize": "168g",
        "packagePrice": "$2.08 per 100G"
      }
    }
  },
  {
    "id": "coles-im-free-from-sweet-salty-puffed-corn-chips",
    "brand": "Coles",
    "name": "I'M Free From Sweet & Salty Puffed Corn Chips",
    "imageUrl": "https://shop.coles.com.au/wcsstore/Coles-CAS/images/3/5/6/3566493-th.jpg",
    "categories": ["back-to-school"],
    "tags": ["healthier-lunch-box", "healthier-snacks"],
    "locations": {
      "vic": {
        "price": 3,
        "promoText": " ",
        "packageSize": "100g",
        "packagePrice": "$3.00 per 100G"
      }
    }
  },
  {
    "id": "coles-im-free-from-cheese-rings",
    "brand": "Coles",
    "name": "I'M Free From Cheese Rings",
    "imageUrl": "https://shop.coles.com.au/wcsstore/Coles-CAS/images/3/5/6/3566471-th.jpg",
    "categories": ["back-to-school"],
    "tags": ["healthier-lunch-box", "healthier-snacks"],
    "locations": {
      "vic": {
        "price": 2,
        "promoText": " ",
        "packageSize": "90g",
        "packagePrice": "$2.22 per 100G"
      }
    }
  },
  {
    "id": "messy-monkeys-gluten-free-popcorn-sweet-salty",
    "brand": "Freedom Foods",
    "name": "Messy Monkeys Lightly Sweet & Salty Popcorn",
    "imageUrl": "https://shop.coles.com.au/wcsstore/Coles-CAS/images/3/1/2/3125487-th.jpg",
    "categories": ["back-to-school"],
    "tags": ["healthier-lunch-box", "healthier-snacks"],
    "locations": {
      "vic": {
        "price": 5.5,
        "promoText": " ",
        "packageSize": "130g",
        "packagePrice": "$4.23 per 100G"
      }
    }
  },
  {
    "id": "keep-it-cleaner-protein-bar-crunchy-nut-butter",
    "brand": "Keep It Cleaner",
    "name": "Probiotic Crunchy Mixed Nut Protein Bar",
    "imageUrl": "https://shop.coles.com.au/wcsstore/Coles-CAS/images/3/4/6/3465044-th.jpg",
    "categories": ["back-to-school"],
    "tags": ["healthier-lunch-box", "healthier-snacks"],
    "locations": {
      "vic": {
        "price": 3,
        "promoText": " ",
        "packageSize": "40g",
        "packagePrice": "$7.50 per 100G"
      }
    }
  },
  {
    "id": "messy-monkeys-salt-vinegar-bites",
    "brand": "Messy Monkeys",
    "name": "Salt & Vinegar Whole Grain Bites 8 Pack",
    "imageUrl": "https://shop.coles.com.au/wcsstore/Coles-CAS/images/3/5/6/3568943-th.jpg",
    "categories": ["back-to-school"],
    "tags": ["healthier-lunch-box", "healthier-snacks"],
    "locations": {
      "vic": {
        "price": 3.5,
        "promoText": "$3.50 ",
        "packageSize": "160g",
        "packagePrice": "$2.19 per 100G"
      }
    }
  },
  {
    "id": "mighty-bellies-lentil-puffs-salt-vinegar",
    "brand": "Mighty Bellies",
    "name": "Salt & Vinegar Lentil Puffs 6 Pack",
    "imageUrl": "https://shop.coles.com.au/wcsstore/Coles-CAS/images/3/5/4/3548470-th.jpg",
    "categories": ["back-to-school"],
    "tags": ["healthier-lunch-box", "healthier-snacks"],
    "locations": {
      "vic": {
        "price": 2,
        "promoText": " ",
        "packageSize": "60g",
        "packagePrice": "$3.33 per 100G"
      }
    }
  },
  {
    "id": "mighty-bellies-lentil-puffs-bbq",
    "brand": "Mighty Bellies",
    "name": "BBQ Lentil Puffs",
    "imageUrl": "https://shop.coles.com.au/wcsstore/Coles-CAS/images/3/5/4/3548469-th.jpg",
    "categories": ["back-to-school"],
    "tags": ["healthier-lunch-box", "healthier-snacks"],
    "locations": {
      "vic": {
        "price": 2,
        "promoText": " ",
        "packageSize": "60g",
        "packagePrice": "$3.33 per 100G"
      }
    }
  },
  {
    "id": "nice-natural--protein-nut-bars-with-superseed-dark-chocolate-cacao",
    "brand": "Nice & Natural",
    "name": "Real Dark Chocolate & Cacao Protein Nut Bars 5 Pack",
    "imageUrl": "https://shop.coles.com.au/wcsstore/Coles-CAS/images/2/7/9/2795586-th.jpg",
    "categories": ["back-to-school"],
    "tags": ["healthier-lunch-box", "healthier-snacks"],
    "locations": {
      "vic": {
        "price": 5,
        "promoText": "Any 2 $7",
        "packageSize": "165g",
        "packagePrice": "$3.03 per 100G"
      }
    }
  },
  {
    "id": "orgran-tumeric-beetroot-wafer-crackers",
    "brand": "Orgran",
    "name": "Tumeric & Beetroot Wafer Crackers",
    "imageUrl": "https://shop.coles.com.au/wcsstore/Coles-CAS/images/3/5/5/3558350-th.jpg",
    "categories": ["back-to-school"],
    "tags": ["healthier-lunch-box", "healthier-snacks"],
    "locations": {
      "vic": {
        "price": 3.9,
        "promoText": " ",
        "packageSize": "100g",
        "packagePrice": "$3.90 per 100G"
      }
    }
  },
  {
    "id": "soren-5-malt-lunchbox-loaf",
    "brand": "Soreen",
    "name": "5 Malt Lunchbox Loaf",
    "imageUrl": "https://shop.coles.com.au/wcsstore/Coles-CAS/images/3/7/3/3733493-th.jpg",
    "categories": ["back-to-school"],
    "tags": ["healthier-lunch-box", "healthier-snacks"],
    "locations": {
      "vic": {
        "price": 5,
        "promoText": " ",
        "packageSize": "150g",
        "packagePrice": "$3.33 per 100G"
      }
    }
  },
  {
    "id": "soren-5-banana-lunchbox-loaf",
    "brand": "Soreen",
    "name": "5 Banana Lunchbox Loaf",
    "imageUrl": "https://shop.coles.com.au/wcsstore/Coles-CAS/images/3/7/3/3733507-th.jpg",
    "categories": ["back-to-school"],
    "tags": ["healthier-lunch-box", "healthier-snacks"],
    "locations": {
      "vic": {
        "price": 5,
        "promoText": " ",
        "packageSize": "150g",
        "packagePrice": "$3.33 per 100G"
      }
    }
  },
  {
    "id": "fav-va-nuts-lightly-salted",
    "brand": "The Happy Snack Company",
    "name": "Lightly Salted Crunchy Roasted Fav-Va Beans",
    "imageUrl": "https://shop.coles.com.au/wcsstore/Coles-CAS/images/1/4/6/1469645-th.jpg",
    "categories": ["back-to-school"],
    "tags": ["healthier-lunch-box", "healthier-snacks"],
    "locations": {
      "vic": {
        "price": 5.35,
        "promoText": " ",
        "packageSize": "200g",
        "packagePrice": "$2.68 per 100G"
      }
    }
  },
  {
    "id": "happy-snack-favva-beans-salt-vinegar",
    "brand": "The Happy Snack Company",
    "name": "Roasted Favva Bean Salt & Vinegar",
    "imageUrl": "https://shop.coles.com.au/wcsstore/Coles-CAS/images/3/0/1/3015274-th.jpg",
    "categories": ["back-to-school"],
    "tags": ["healthier-lunch-box", "healthier-snacks"],
    "locations": {
      "vic": {
        "price": 5.3,
        "promoText": " ",
        "packageSize": "150g",
        "packagePrice": "$3.53 per 100G"
      }
    }
  },
  {
    "id": "wfc-lentil-chips-lime-pepper-with-probiotic",
    "brand": "The Wholesome Food Company",
    "name": "Lime, Peppercorn & Probiotic Lentils Chips",
    "imageUrl": "https://shop.coles.com.au/wcsstore/Coles-CAS/images/3/5/5/3558360-th.jpg",
    "categories": ["back-to-school"],
    "tags": ["healthier-lunch-box", "healthier-snacks"],
    "locations": {
      "vic": {
        "price": 5,
        "promoText": " ",
        "packageSize": "100g",
        "packagePrice": "$5.00 per 100G"
      }
    }
  },
  {
    "id": "vege-deli-tumeric-cheese-crisps",
    "brand": "Vege",
    "name": "Deli Crisps Turmeric & Cheese Chips",
    "imageUrl": "https://shop.coles.com.au/wcsstore/Coles-CAS/images/2/4/9/2492212-th.jpg",
    "categories": ["back-to-school"],
    "tags": ["healthier-lunch-box", "healthier-snacks"],
    "locations": {
      "vic": {
        "price": 5.5,
        "promoText": " ",
        "packageSize": "100g",
        "packagePrice": "$5.50 per 100G"
      }
    }
  },
  {
    "id": "vege-deli-crisps-lentil-sriracha-gluten-free",
    "brand": "Vege",
    "name": "Deli Crisps Lentil Sriracha Chips",
    "imageUrl": "https://shop.coles.com.au/wcsstore/Coles-CAS/images/3/1/2/3127711-th.jpg",
    "categories": ["back-to-school"],
    "tags": ["healthier-lunch-box", "healthier-snacks"],
    "locations": {
      "vic": {
        "price": 5.5,
        "promoText": " ",
        "packageSize": "100g",
        "packagePrice": "$5.50 per 100G"
      }
    }
  },
  {
    "id": "wholesome-foods-protein-chips",
    "brand": "Wholesome Food Company",
    "name": "Gluten Free Roasted Jalapeno Protein Chips",
    "imageUrl": "https://shop.coles.com.au/wcsstore/Coles-CAS/images/2/9/9/2995891-th.jpg",
    "categories": ["back-to-school"],
    "tags": ["healthier-lunch-box", "healthier-snacks"],
    "locations": {
      "vic": {
        "price": 5,
        "promoText": " ",
        "packageSize": "70g",
        "packagePrice": "$7.14 per 100G"
      }
    }
  },
  {
    "id": "mccain-frozen-man-size-chicken-kiev",
    "brand": "McCain",
    "name": "Frozen Man Size Chicken Kiev",
    "imageUrl": "https://shop.coles.com.au/wcsstore/Coles-CAS/images/2/9/4/2944165-th.jpg",
    "categories": ["back-to-school"],
    "tags": ["healthier-lunch-box", "healthier-meals"],
    "locations": {
      "vic": {
        "price": 8,
        "promoText": " ",
        "packageSize": "480g",
        "packagePrice": "$1.67 per 100G"
      }
    }
  },
  {
    "id": "mccain-healthy-choice-bowls-chicken-carbonara-frozen",
    "brand": "McCain",
    "name": "Frozen Healthy Choice Creamy Chicken Carbonara",
    "imageUrl": "https://shop.coles.com.au/wcsstore/Coles-CAS/images/8/0/5/8057078-th.jpg",
    "categories": ["back-to-school"],
    "tags": ["healthier-lunch-box", "healthier-meals"],
    "locations": {
      "vic": {
        "price": 4,
        "promoText": "Was $5.60 on Jul 2017 ",
        "packageSize": "300g",
        "packagePrice": "$1.33 per 100G"
      }
    }
  },
  {
    "id": "mccain-healthy-choice-meal-frozen-lemon-chicken",
    "brand": "McCain",
    "name": "Frozen Healthy Choice Lemon Chicken",
    "imageUrl": "https://shop.coles.com.au/wcsstore/Coles-CAS/images/6/5/5/6557841-th.jpg",
    "categories": ["back-to-school"],
    "tags": ["healthier-lunch-box", "healthier-meals"],
    "locations": {
      "vic": {
        "price": 4,
        "promoText": "Was $6.15 on Jul 2017 ",
        "packageSize": "350g",
        "packagePrice": "$1.14 per 100G"
      }
    }
  },
  {
    "id": "buontempo-rice-pasta-spirals-gluten-free",
    "brand": "Buontempo",
    "name": "Gluten Free Spirals Pasta",
    "imageUrl": "https://shop.coles.com.au/wcsstore/Coles-CAS/images/7/2/4/7248944-th.jpg",
    "categories": ["back-to-school"],
    "tags": ["healthier-lunch-box", "healthier-meals"],
    "locations": {
      "vic": {
        "price": 3.4,
        "promoText": " ",
        "packageSize": "500g",
        "packagePrice": "$0.68 per 100G"
      }
    }
  },
  {
    "id": "weight-watchers-chilli-con-carne",
    "brand": "Weight Watchers",
    "name": "Chilli Con Carne",
    "imageUrl": "https://shop.coles.com.au/wcsstore/Coles-CAS/images/3/5/8/3581522-th.jpg",
    "categories": ["back-to-school"],
    "tags": ["healthier-lunch-box", "healthier-meals"],
    "locations": {
      "vic": {
        "price": 5.8,
        "promoText": " ",
        "packageSize": "330g",
        "packagePrice": "$1.76 per 100G"
      }
    }
  },
  {
    "id": "buontempo-rice-pasta-penne-gluten-free",
    "brand": "Buontempo",
    "name": "Gluten Free Penne Pasta",
    "imageUrl": "https://shop.coles.com.au/wcsstore/Coles-CAS/images/7/2/4/7248955-th.jpg",
    "categories": ["back-to-school"],
    "tags": ["healthier-lunch-box", "healthier-meals"],
    "locations": {
      "vic": {
        "price": 3.4,
        "promoText": " ",
        "packageSize": "500g",
        "packagePrice": "$0.68 per 100G"
      }
    }
  },
  {
    "id": "lean-cuisine-steamed-meal-frozen-chicken-butter-indian-style-with-rice",
    "brand": "Lean Cuisine",
    "name": "Frozen Steam Indian Butter Chicken with Rice",
    "imageUrl": "https://shop.coles.com.au/wcsstore/Coles-CAS/images/5/7/0/5700520-th.jpg",
    "categories": ["back-to-school"],
    "tags": ["healthier-lunch-box", "healthier-meals"],
    "locations": {
      "vic": {
        "price": 4.5,
        "promoText": "$2.20 ",
        "packageSize": "370g",
        "packagePrice": "$1.22 per 100G"
      }
    }
  },
  {
    "id": "weight-watchers-meal-frozen-tuna-bake",
    "brand": "Weight Watchers",
    "name": "Frozen Creamy Tuna Bake Meal",
    "imageUrl": "https://shop.coles.com.au/wcsstore/Coles-CAS/images/5/0/0/5006762-th.jpg",
    "categories": ["back-to-school"],
    "tags": ["healthier-lunch-box", "healthier-meals"],
    "locations": {
      "vic": {
        "price": 5.8,
        "promoText": " ",
        "packageSize": "320g",
        "packagePrice": "$1.81 per 100G"
      }
    }
  },
  {
    "id": "weight-watchers-beef-bolognese",
    "brand": "Weight Watchers",
    "name": "Beef Bolognese",
    "imageUrl": "https://shop.coles.com.au/wcsstore/Coles-CAS/images/3/5/8/3581533-th.jpg",
    "categories": ["back-to-school"],
    "tags": ["healthier-lunch-box", "healthier-meals"],
    "locations": {
      "vic": {
        "price": 5.8,
        "promoText": " ",
        "packageSize": "320g",
        "packagePrice": "$1.81 per 100G"
      }
    }
  },
  {
    "id": "lean-cuisine-meal-beef-stroganoff-with-pasta",
    "brand": "Lean Cuisine",
    "name": "Frozen Classic Beef Stroganoff with Pasta",
    "imageUrl": "https://shop.coles.com.au/wcsstore/Coles-CAS/images/4/4/8/4480655-th.jpg",
    "categories": ["back-to-school"],
    "tags": ["healthier-lunch-box", "healthier-meals"],
    "locations": {
      "vic": {
        "price": 5.7,
        "promoText": " ",
        "packageSize": "280g",
        "packagePrice": "$2.04 per 100G"
      }
    }
  },
  {
    "id": "weight-watchers-mushroom-pumpkn-risotto",
    "brand": "Weight Watchers",
    "name": "Snap Frozen Mushroom & Pumpkin Risotto",
    "imageUrl": "https://shop.coles.com.au/wcsstore/Coles-CAS/images/3/5/8/3581544-th.jpg",
    "categories": ["back-to-school"],
    "tags": ["healthier-lunch-box", "healthier-meals"],
    "locations": {
      "vic": {
        "price": 5.8,
        "promoText": " ",
        "packageSize": "320g",
        "packagePrice": "$1.81 per 100G"
      }
    }
  },
  {
    "id": "lean-cuisine-steamed-meal-frozen-salmon-atlantic-with-pasta",
    "brand": "Lean Cuisine",
    "name": "Frozen Steam Creamy Atlantic Salmon with Pasta",
    "imageUrl": "https://shop.coles.com.au/wcsstore/Coles-CAS/images/5/7/0/5700509-th.jpg",
    "categories": ["back-to-school"],
    "tags": ["healthier-lunch-box", "healthier-meals"],
    "locations": {
      "vic": {
        "price": 4.5,
        "promoText": "$2.20 ",
        "packageSize": "370g",
        "packagePrice": "$1.22 per 100G"
      }
    }
  },
  {
    "id": "lean-cuisine-steamed-meal-frozen-chicken-cheese-cracked-pepper-with-pasta",
    "brand": "Lean Cuisine",
    "name": "Frozen Steam Chicken Cheese & Pepper Pasta",
    "imageUrl": "https://shop.coles.com.au/wcsstore/Coles-CAS/images/5/7/0/5700553-th.jpg",
    "categories": ["back-to-school"],
    "tags": ["healthier-lunch-box", "healthier-meals"],
    "locations": {
      "vic": {
        "price": 4.5,
        "promoText": "$2.20 ",
        "packageSize": "380g",
        "packagePrice": "$1.18 per 100G"
      }
    }
  },
  {
    "id": "super-nature-wellness-sri-lankan-curry",
    "brand": "Super Nature",
    "name": "Frozen Sri Lankan Root Vegetable And Ancient Grain Curry With Cauliflower And Brown Rice Mix Wellness Bowl",
    "imageUrl": "https://shop.coles.com.au/wcsstore/Coles-CAS/images/3/2/4/3240226-th.jpg",
    "categories": ["back-to-school"],
    "tags": ["healthier-lunch-box", "healthier-meals"],
    "locations": {
      "vic": {
        "price": 5,
        "promoText": "$1.30 ",
        "packageSize": "350g",
        "packagePrice": "$1.43 per 100G"
      }
    }
  },
  {
    "id": "keep-it-cleaner-gf-chickpea-penne-pasta",
    "brand": "Keep It Cleaner",
    "name": "Chickpea Penne Pasta",
    "imageUrl": "https://shop.coles.com.au/wcsstore/Coles-CAS/images/3/4/0/3406205-th.jpg",
    "categories": ["back-to-school"],
    "tags": ["healthier-lunch-box", "healthier-meals"],
    "locations": {
      "vic": {
        "price": 4,
        "promoText": " ",
        "packageSize": "250g",
        "packagePrice": "$1.60 per 100G"
      }
    }
  },
  {
    "id": "lean-cuisine-steamed-meal-frozen-thai-red-chicken-curry-with-rice",
    "brand": "Lean Cuisine",
    "name": "Frozen Steam Thai Red Chicken Curry with Rice",
    "imageUrl": "https://shop.coles.com.au/wcsstore/Coles-CAS/images/5/7/0/5700564-th.jpg",
    "categories": ["back-to-school"],
    "tags": ["healthier-lunch-box", "healthier-meals"],
    "locations": {
      "vic": {
        "price": 4.5,
        "promoText": "$2.20 ",
        "packageSize": "380g",
        "packagePrice": "$1.18 per 100G"
      }
    }
  },
  {
    "id": "lean-cuisine-steamed-meal-frozen-sundried-tomato-chicken-with-pasta",
    "brand": "Lean Cuisine",
    "name": "Frozen Steam Sundried Tomato & Chicken Pasta",
    "imageUrl": "https://shop.coles.com.au/wcsstore/Coles-CAS/images/5/7/0/5700531-th.jpg",
    "categories": ["back-to-school"],
    "tags": ["healthier-lunch-box", "healthier-meals"],
    "locations": {
      "vic": {
        "price": 4.5,
        "promoText": "$2.20 ",
        "packageSize": "370g",
        "packagePrice": "$1.22 per 100G"
      }
    }
  },
  {
    "id": "lean-cuisine-meal-creamy-salmon-dill-linguine",
    "brand": "Lean Cuisine",
    "name": "Frozen Balance Creamy Salmon & Dill Linguine",
    "imageUrl": "https://shop.coles.com.au/wcsstore/Coles-CAS/images/9/2/3/9230881-th.jpg",
    "categories": ["back-to-school"],
    "tags": ["healthier-lunch-box", "healthier-meals"],
    "locations": {
      "vic": {
        "price": 5.7,
        "promoText": " ",
        "packageSize": "300g",
        "packagePrice": "$1.90 per 100G"
      }
    }
  },
  {
    "id": "mccain-frozen-man-size-chicken-bacon-bake",
    "brand": "McCain",
    "name": "Frozen Man Size Grilled Chicken & Bacon Pasta",
    "imageUrl": "https://shop.coles.com.au/wcsstore/Coles-CAS/images/2/9/4/2944176-th.jpg",
    "categories": ["back-to-school"],
    "tags": ["healthier-lunch-box", "healthier-meals"],
    "locations": {
      "vic": {
        "price": 8,
        "promoText": " ",
        "packageSize": "480g",
        "packagePrice": "$1.67 per 100G"
      }
    }
  },
  {
    "id": "slendier-slim-pasta-spaghetti",
    "brand": "Slendier",
    "name": "Spaghetti Style Pasta",
    "imageUrl": "https://shop.coles.com.au/wcsstore/Coles-CAS/images/9/9/0/9900816-th.jpg",
    "categories": ["back-to-school"],
    "tags": ["healthier-lunch-box", "healthier-meals"],
    "locations": {
      "vic": {
        "price": 3.9,
        "promoText": " ",
        "packageSize": "400g",
        "packagePrice": "$0.98 per 100G"
      }
    }
  },
  {
    "id": "sue-shepherd-gluten-free-red-wine-italian-herbs-tomato-pasta-sauce",
    "brand": "Fodmapped",
    "name": "Gluten Free Red Wine & Tomato Pasta Sauce",
    "imageUrl": "https://shop.coles.com.au/wcsstore/Coles-CAS/images/1/7/5/1755713-th.jpg",
    "categories": ["back-to-school"],
    "tags": ["healthier-lunch-box", "healthier-meals"],
    "locations": {
      "vic": {
        "price": 5.5,
        "promoText": " ",
        "packageSize": "375g",
        "packagePrice": "$1.47 per 100G"
      }
    }
  },
  {
    "id": "sue-shepherd-gluten-free-sweet-chilli-lemongrass-basil-stir-fry-sauce",
    "brand": "Fodmapped",
    "name": "Gluten Free Sweet Chilli Lemongrass & Basil Stir Fry Sauce",
    "imageUrl": "https://shop.coles.com.au/wcsstore/Coles-CAS/images/1/7/5/1755780-th.jpg",
    "categories": ["back-to-school"],
    "tags": ["healthier-lunch-box", "healthier-meals"],
    "locations": {
      "vic": {
        "price": 5,
        "promoText": " ",
        "packageSize": "200g",
        "packagePrice": "$2.50 per 100G"
      }
    }
  },
  {
    "id": "lean-cuisine-steamed-meal-frozen-meatball-arrabbiata",
    "brand": "Lean Cuisine",
    "name": "Frozen Steam Spicy Meatball Arrabbiata Spaghetti",
    "imageUrl": "https://shop.coles.com.au/wcsstore/Coles-CAS/images/6/5/6/6569749-th.jpg",
    "categories": ["back-to-school"],
    "tags": ["healthier-lunch-box", "healthier-meals"],
    "locations": {
      "vic": {
        "price": 4.5,
        "promoText": "$2.20 ",
        "packageSize": "380g",
        "packagePrice": "$1.18 per 100G"
      }
    }
  },
  {
    "id": "mccain-healthy-choice-chicken-mushroom-risotto-ready-meal",
    "brand": "McCain",
    "name": "Frozen Healthy Choice Whole Grains Chicken & Mushroom Risotto",
    "imageUrl": "https://shop.coles.com.au/wcsstore/Coles-CAS/images/2/4/0/2409525-th.jpg",
    "categories": ["back-to-school"],
    "tags": ["healthier-lunch-box", "healthier-meals"],
    "locations": {
      "vic": {
        "price": 5,
        "promoText": "Was $6.50 on May 2018 ",
        "packageSize": "350g",
        "packagePrice": "$1.43 per 100G"
      }
    }
  },
  {
    "id": "mccain-frozen-man-size-bangers-mash",
    "brand": "McCain",
    "name": "Frozen Man Size Bangers",
    "imageUrl": "https://shop.coles.com.au/wcsstore/Coles-CAS/images/2/9/4/2944154-th.jpg",
    "categories": ["back-to-school"],
    "tags": ["healthier-lunch-box", "healthier-meals"],
    "locations": {
      "vic": {
        "price": 8,
        "promoText": " ",
        "packageSize": "500g",
        "packagePrice": "$1.60 per 100G"
      }
    }
  },
  {
    "id": "orgran-pasta-buckwheat",
    "brand": "Orgran",
    "name": "Buckwheat Pasta",
    "imageUrl": "https://shop.coles.com.au/wcsstore/Coles-CAS/images/5/3/7/5373027-th.jpg",
    "categories": ["back-to-school"],
    "tags": ["healthier-lunch-box", "healthier-meals"],
    "locations": {
      "vic": {
        "price": 4,
        "promoText": " ",
        "packageSize": "250g",
        "packagePrice": "$1.60 per 100G"
      }
    }
  },
  {
    "id": "super-nature--frozen-green-chickpea-curry-with-quinoa--and-brown-rice-wellness-bowl",
    "brand": "Super Nature",
    "name": "Frozen Super Green Chickpea Curry with Quinoa  and Brown Rice Wellness Bowl",
    "imageUrl": "https://shop.coles.com.au/wcsstore/Coles-CAS/images/2/9/4/2944846-th.jpg",
    "categories": ["back-to-school"],
    "tags": ["healthier-lunch-box", "healthier-meals"],
    "locations": {
      "vic": {
        "price": 5,
        "promoText": "$1.30 ",
        "packageSize": "350g",
        "packagePrice": "$1.43 per 100G"
      }
    }
  },
  {
    "id": "weight-watchers-meals-chicken-mushroom-fettucine",
    "brand": "Weight Watchers",
    "name": "Frozen Chicken & Mushroom Fettuccine",
    "imageUrl": "https://shop.coles.com.au/wcsstore/Coles-CAS/images/8/0/7/8071046-th.jpg",
    "categories": ["back-to-school"],
    "tags": ["healthier-lunch-box", "healthier-meals"],
    "locations": {
      "vic": {
        "price": 5.8,
        "promoText": " ",
        "packageSize": "300g",
        "packagePrice": "$1.93 per 100G"
      }
    }
  },
  {
    "id": "weight-watchers-meal-frozen-cottage-pie",
    "brand": "Weight Watchers",
    "name": "Frozen Beef Cottage Pie Meal",
    "imageUrl": "https://shop.coles.com.au/wcsstore/Coles-CAS/images/5/0/0/5006900-th.jpg",
    "categories": ["back-to-school"],
    "tags": ["healthier-lunch-box", "healthier-meals"],
    "locations": {
      "vic": {
        "price": 5.8,
        "promoText": " ",
        "packageSize": "320g",
        "packagePrice": "$1.81 per 100G"
      }
    }
  },
  {
    "id": "fodmapped-gluten-free-simmer-sauce-teriyaki",
    "brand": "Fodmapped",
    "name": "Teriyaki Stir Fry Simmer Sauce",
    "imageUrl": "https://shop.coles.com.au/wcsstore/Coles-CAS/images/2/4/7/2474924-th.jpg",
    "categories": ["back-to-school"],
    "tags": ["healthier-lunch-box", "healthier-meals"],
    "locations": {
      "vic": {
        "price": 5,
        "promoText": " ",
        "packageSize": "200g",
        "packagePrice": "$2.50 per 100G"
      }
    }
  },
  {
    "id": "keep-it-cleaner-gf-red-lentil-fusilli-pasta",
    "brand": "Keep It Cleaner",
    "name": "Red Lentil Fusilli Pasta",
    "imageUrl": "https://shop.coles.com.au/wcsstore/Coles-CAS/images/3/4/0/3406249-th.jpg",
    "categories": ["back-to-school"],
    "tags": ["healthier-lunch-box", "healthier-meals"],
    "locations": {
      "vic": {
        "price": 4,
        "promoText": " ",
        "packageSize": "250g",
        "packagePrice": "$1.60 per 100G"
      }
    }
  },
  {
    "id": "lean-cuisine-meal-chicken-satay-noodles",
    "brand": "Lean Cuisine",
    "name": "Frozen Balance Satay Chicken Noodles",
    "imageUrl": "https://shop.coles.com.au/wcsstore/Coles-CAS/images/9/2/2/9229587-th.jpg",
    "categories": ["back-to-school"],
    "tags": ["healthier-lunch-box", "healthier-meals"],
    "locations": {
      "vic": {
        "price": 5.7,
        "promoText": " ",
        "packageSize": "300g",
        "packagePrice": "$1.90 per 100G"
      }
    }
  },
  {
    "id": "lean-cuisine-meal-lamb-rosemary-hot-pot",
    "brand": "Lean Cuisine",
    "name": "Frozen Balance Hearty Lamb & Rosemary Hot Pot",
    "imageUrl": "https://shop.coles.com.au/wcsstore/Coles-CAS/images/6/5/6/6567980-th.jpg",
    "categories": ["back-to-school"],
    "tags": ["healthier-lunch-box", "healthier-meals"],
    "locations": {
      "vic": {
        "price": 5.7,
        "promoText": " ",
        "packageSize": "290g",
        "packagePrice": "$1.97 per 100G"
      }
    }
  },
  {
    "id": "lean-cuisine-steamed-meal-frozen-satay-beef-with-rice",
    "brand": "Lean Cuisine",
    "name": "Frozen Steam Spiced Satay Beef with Rice",
    "imageUrl": "https://shop.coles.com.au/wcsstore/Coles-CAS/images/5/7/0/5700644-th.jpg",
    "categories": ["back-to-school"],
    "tags": ["healthier-lunch-box", "healthier-meals"],
    "locations": {
      "vic": {
        "price": 4.5,
        "promoText": "$2.20 ",
        "packageSize": "390g",
        "packagePrice": "$1.15 per 100G"
      }
    }
  },
  {
    "id": "lean-cuisine-wholegrain-beef-rendang-curry",
    "brand": "Lean Cuisine",
    "name": "Frozen Steam Beef Rendang Curry With Turmeric Rice",
    "imageUrl": "https://shop.coles.com.au/wcsstore/Coles-CAS/images/2/9/5/2957214-th.jpg",
    "categories": ["back-to-school"],
    "tags": ["healthier-lunch-box", "healthier-meals"],
    "locations": {
      "vic": {
        "price": 4.5,
        "promoText": "$2.20 ",
        "packageSize": "365g",
        "packagePrice": "$1.23 per 100G"
      }
    }
  },
  {
    "id": "slendier-slim-noodle-wok-ready",
    "brand": "Slendier",
    "name": "Wok Ready Noodles",
    "imageUrl": "https://shop.coles.com.au/wcsstore/Coles-CAS/images/9/9/0/9900850-th.jpg",
    "categories": ["back-to-school"],
    "tags": ["healthier-lunch-box", "healthier-meals"],
    "locations": {
      "vic": {
        "price": 3.9,
        "promoText": " ",
        "packageSize": "400g",
        "packagePrice": "$0.98 per 100G"
      }
    }
  },
  {
    "id": "slendier-black-bean-organic-spaghetti",
    "brand": "Slendier",
    "name": "Black Bean Organic Spaghetti",
    "imageUrl": "https://shop.coles.com.au/wcsstore/Coles-CAS/images/3/6/0/3609858-th.jpg",
    "categories": ["back-to-school"],
    "tags": ["healthier-lunch-box", "healthier-meals"],
    "locations": {
      "vic": {
        "price": 5.2,
        "promoText": " ",
        "packageSize": "200g",
        "packagePrice": "$2.60 per 100G"
      }
    }
  },
  {
    "id": "super-nature-wellness-slow-cooked-lamb",
    "brand": "Super Nature",
    "name": "Frozen Super Protein Slow Cooked Lamb With Chickpea, Amaranth And Sweet Potato Mash Wellness Bowl",
    "imageUrl": "https://shop.coles.com.au/wcsstore/Coles-CAS/images/3/2/4/3240237-th.jpg",
    "categories": ["back-to-school"],
    "tags": ["healthier-lunch-box", "healthier-meals"],
    "locations": {
      "vic": {
        "price": 5,
        "promoText": "$1.30 ",
        "packageSize": "350g",
        "packagePrice": "$1.43 per 100G"
      }
    }
  },
  {
    "id": "celebrate-health-recipe-base-teriyaki-chicken-stir-fry",
    "brand": "Celebrate Health",
    "name": "Teriyaki Chicken Stir Fry Recipe Base",
    "imageUrl": "https://shop.coles.com.au/wcsstore/Coles-CAS/images/9/9/0/9901477-th.jpg",
    "categories": ["back-to-school"],
    "tags": ["healthier-lunch-box", "healthier-meals"],
    "locations": {
      "vic": {
        "price": 2.8,
        "promoText": "$0.70 ",
        "packageSize": "175g",
        "packagePrice": "$1.60 per 100G"
      }
    }
  },
  {
    "id": "celebrate-health-recipe-tomato-basil-napoli",
    "brand": "Celebrate Health",
    "name": "Tomato & Basil Pasta Sauce",
    "imageUrl": "https://shop.coles.com.au/wcsstore/Coles-CAS/images/3/4/0/3406293-th.jpg",
    "categories": ["back-to-school"],
    "tags": ["healthier-lunch-box", "healthier-meals"],
    "locations": {
      "vic": {
        "price": 2.8,
        "promoText": "$0.70 ",
        "packageSize": "175g",
        "packagePrice": "$1.60 per 100G"
      }
    }
  },
  {
    "id": "sue-shepherd-gluten-free-slow-roasted-vegetable-tomato-pasta-sauce",
    "brand": "Fodmapped",
    "name": "Gluten Free Slow Roasted Vegetable Pasta Sauce",
    "imageUrl": "https://shop.coles.com.au/wcsstore/Coles-CAS/images/1/7/5/1755633-th.jpg",
    "categories": ["back-to-school"],
    "tags": ["healthier-lunch-box", "healthier-meals"],
    "locations": {
      "vic": {
        "price": 5.5,
        "promoText": " ",
        "packageSize": "375g",
        "packagePrice": "$1.47 per 100G"
      }
    }
  },
  {
    "id": "sue-shepherd-green-curry-simmer-sauce",
    "brand": "Fodmapped",
    "name": "Green Curry Simmer Sauce",
    "imageUrl": "https://shop.coles.com.au/wcsstore/Coles-CAS/images/2/4/7/2474913-th.jpg",
    "categories": ["back-to-school"],
    "tags": ["healthier-lunch-box", "healthier-meals"],
    "locations": {
      "vic": {
        "price": 5,
        "promoText": " ",
        "packageSize": "200g",
        "packagePrice": "$2.50 per 100G"
      }
    }
  },
  {
    "id": "lean-cuisine-meal-thai-green-chicken-curry-with-rice",
    "brand": "Lean Cuisine",
    "name": "Frozen Steam Thai Green Curry with Rice",
    "imageUrl": "https://shop.coles.com.au/wcsstore/Coles-CAS/images/9/2/2/9229747-th.jpg",
    "categories": ["back-to-school"],
    "tags": ["healthier-lunch-box", "healthier-meals"],
    "locations": {
      "vic": {
        "price": 5.7,
        "promoText": " ",
        "packageSize": "280g",
        "packagePrice": "$2.04 per 100G"
      }
    }
  },
  {
    "id": "lean-cuisine-convenience-meal-spaghetti-basil-chicken",
    "brand": "Lean Cuisine",
    "name": "Frozen Creamy Chicken & Basil Spaghetti Balanced Serve Meal",
    "imageUrl": "https://shop.coles.com.au/wcsstore/Coles-CAS/images/1/2/8/1281415-th.jpg",
    "categories": ["back-to-school"],
    "tags": ["healthier-lunch-box", "healthier-meals"],
    "locations": {
      "vic": {
        "price": 5.7,
        "promoText": " ",
        "packageSize": "300g",
        "packagePrice": "$1.90 per 100G"
      }
    }
  },
  {
    "id": "mccain-healthy-choice-plus-honey-stir-fry-meal-frozen",
    "brand": "McCain",
    "name": "Frozen Healthy Choice Chicken Honey Stir Fry",
    "imageUrl": "https://shop.coles.com.au/wcsstore/Coles-CAS/images/6/7/7/6774340-th.jpg",
    "categories": ["back-to-school"],
    "tags": ["healthier-lunch-box", "healthier-meals"],
    "locations": {
      "vic": {
        "price": 4,
        "promoText": "Was $5.60 on Jul 2017 ",
        "packageSize": "330g",
        "packagePrice": "$1.21 per 100G"
      }
    }
  },
  {
    "id": "mccain-healthy-choice-meal-frozen-spinach-ricotta-ravioli",
    "brand": "McCain",
    "name": "Frozen Healthy Choice Spinach & Ricotta Ravioli",
    "imageUrl": "https://shop.coles.com.au/wcsstore/Coles-CAS/images/4/7/3/4732237-th.jpg",
    "categories": ["back-to-school"],
    "tags": ["healthier-lunch-box", "healthier-meals"],
    "locations": {
      "vic": {
        "price": 4,
        "promoText": "Was $5.60 on Jul 2017 ",
        "packageSize": "390g",
        "packagePrice": "$1.14 per 100G"
      }
    }
  },
  {
    "id": "mccain-healthy-choice-japanese-teriyaki-chicken-ready-meal",
    "brand": "McCain",
    "name": "Frozen Healthy Choice Whole Grains Japanese Teriyaki Chicken",
    "imageUrl": "https://shop.coles.com.au/wcsstore/Coles-CAS/images/2/4/0/2409536-th.jpg",
    "categories": ["back-to-school"],
    "tags": ["healthier-lunch-box", "healthier-meals"],
    "locations": {
      "vic": {
        "price": 5,
        "promoText": "Was $6.50 on May 2018 ",
        "packageSize": "340g",
        "packagePrice": "$1.47 per 100G"
      }
    }
  },
  {
    "id": "superfood-kale-quinoa-brown-rice-penne-pasta",
    "brand": "Orgran",
    "name": "Superfood Kale Quinoa Brown Rice Penne Pasta",
    "imageUrl": "https://shop.coles.com.au/wcsstore/Coles-CAS/images/3/4/1/3412220-th.jpg",
    "categories": ["back-to-school"],
    "tags": ["healthier-lunch-box", "healthier-meals"],
    "locations": {
      "vic": {
        "price": 4,
        "promoText": " ",
        "packageSize": "250g",
        "packagePrice": "$1.60 per 100G"
      }
    }
  },
  {
    "id": "super-nature--frozen-super-nut-satay-chicken-with-quinoa",
    "brand": "Super Nature",
    "name": "Frozen Super Protein Satay Chicken with Quinoa, Chickpea & Wild Rice Mix Wellness Bowl",
    "imageUrl": "https://shop.coles.com.au/wcsstore/Coles-CAS/images/2/9/4/2946659-th.jpg",
    "categories": ["back-to-school"],
    "tags": ["healthier-lunch-box", "healthier-meals"],
    "locations": {
      "vic": {
        "price": 5,
        "promoText": "$1.30 ",
        "packageSize": "350g",
        "packagePrice": "$1.43 per 100G"
      }
    }
  },
  {
    "id": "celebrate-health-recipe-base-butter-chicken",
    "brand": "Celebrate Health",
    "name": "Butter Chicken Recipe Base",
    "imageUrl": "https://shop.coles.com.au/wcsstore/Coles-CAS/images/9/9/4/9948608-th.jpg",
    "categories": ["back-to-school"],
    "tags": ["healthier-lunch-box", "healthier-meals"],
    "locations": {
      "vic": {
        "price": 2.8,
        "promoText": "$0.70 ",
        "packageSize": "175g",
        "packagePrice": "$1.60 per 100G"
      }
    }
  },
  {
    "id": "celebrate-health-recipe-base-chinese-beef-stir-fry",
    "brand": "Celebrate Health",
    "name": "Chinese Beef Stir Fry Recipe Base",
    "imageUrl": "https://shop.coles.com.au/wcsstore/Coles-CAS/images/9/9/0/9901513-th.jpg",
    "categories": ["back-to-school"],
    "tags": ["healthier-lunch-box", "healthier-meals"],
    "locations": {
      "vic": {
        "price": 2.8,
        "promoText": "$0.70 ",
        "packageSize": "175g",
        "packagePrice": "$1.60 per 100G"
      }
    }
  },
  {
    "id": "celebrate-health-sweet-chili-sauce-no-add-sgr-gf",
    "brand": "Celebrate Health",
    "name": "Gluten Free Sweet Chilli Sauce",
    "imageUrl": "https://shop.coles.com.au/wcsstore/Coles-CAS/images/3/1/2/3128102-th.jpg",
    "categories": ["back-to-school"],
    "tags": ["healthier-lunch-box", "healthier-meals"],
    "locations": {
      "vic": {
        "price": 4,
        "promoText": "$1.00 ",
        "packageSize": "430mL",
        "packagePrice": "$0.93 per 100mL"
      }
    }
  },
  {
    "id": "celebrate-health-pumpkin-tri-colour-risotto",
    "brand": "Celebrate Health",
    "name": "Pumpkin Tri-colour Vegan Risotto",
    "imageUrl": "https://shop.coles.com.au/wcsstore/Coles-CAS/images/3/4/0/3406588-th.jpg",
    "categories": ["back-to-school"],
    "tags": ["healthier-lunch-box", "healthier-meals"],
    "locations": {
      "vic": {
        "price": 4,
        "promoText": "$1.00 ",
        "packageSize": "250g",
        "packagePrice": "$1.60 per 100G"
      }
    }
  },
  {
    "id": "celebrate-health-vegan-gravy",
    "brand": "Celebrate Health",
    "name": "Vegan Gravy",
    "imageUrl": "https://shop.coles.com.au/wcsstore/Coles-CAS/images/3/4/0/3406329-th.jpg",
    "categories": ["back-to-school"],
    "tags": ["healthier-lunch-box", "healthier-meals"],
    "locations": {
      "vic": {
        "price": 3.2,
        "promoText": "$0.80 ",
        "packageSize": "200g",
        "packagePrice": "$1.60 per 100G"
      }
    }
  },
  {
    "id": "celebrate-health-bbq-sauce-no-added-sugar",
    "brand": "Celebrate Health",
    "name": "BBQ Sauce",
    "imageUrl": "https://shop.coles.com.au/wcsstore/Coles-CAS/images/3/4/0/3406577-th.jpg",
    "categories": ["back-to-school"],
    "tags": ["healthier-lunch-box", "healthier-meals"],
    "locations": {
      "vic": {
        "price": 4,
        "promoText": "$1.00 ",
        "packageSize": "430mL",
        "packagePrice": "$0.93 per 100mL"
      }
    }
  },
  {
    "id": "coles-gluten-free-brown-rice-beef-noodle",
    "brand": "Coles",
    "name": "Gluten Free Beef Flavoured Brown Rice Noodle",
    "imageUrl": "https://shop.coles.com.au/wcsstore/Coles-CAS/images/3/4/1/3410348-th.jpg",
    "categories": ["back-to-school"],
    "tags": ["healthier-lunch-box", "healthier-meals"],
    "locations": {
      "vic": {
        "price": 5,
        "promoText": " ",
        "packageSize": "210g",
        "packagePrice": "$2.38 per 100G"
      }
    }
  },
  {
    "id": "coles-gluten-free-brown-rice-chicken-noodle",
    "brand": "Coles",
    "name": "Gluten Free Chicken Flavoured Brown Rice Noodle",
    "imageUrl": "https://shop.coles.com.au/wcsstore/Coles-CAS/images/3/4/1/3410326-th.jpg",
    "categories": ["back-to-school"],
    "tags": ["healthier-lunch-box", "healthier-meals"],
    "locations": {
      "vic": {
        "price": 5,
        "promoText": " ",
        "packageSize": "210g",
        "packagePrice": "$2.38 per 100G"
      }
    }
  },
  {
    "id": "keep-it-cleaner-gf-pasta-sauce-primavera",
    "brand": "Keep It Cleaner",
    "name": "Gluten Free Primavera Pasta Sauce",
    "imageUrl": "https://shop.coles.com.au/wcsstore/Coles-CAS/images/3/4/2/3428015-th.jpg",
    "categories": ["back-to-school"],
    "tags": ["healthier-lunch-box", "healthier-meals"],
    "locations": {
      "vic": {
        "price": 4,
        "promoText": " ",
        "packageSize": "500g",
        "packagePrice": "$0.80 per 100G"
      }
    }
  },
  {
    "id": "keep-it-cleaner-gf-pasta-sauce-tomato-gar-basil",
    "brand": "Keep It Cleaner",
    "name": "Gluten Free Tomato Garlic & Basil Pasta Sauce",
    "imageUrl": "https://shop.coles.com.au/wcsstore/Coles-CAS/images/3/4/0/3406624-th.jpg",
    "categories": ["back-to-school"],
    "tags": ["healthier-lunch-box", "healthier-meals"],
    "locations": {
      "vic": {
        "price": 4,
        "promoText": " ",
        "packageSize": "500g",
        "packagePrice": "$0.80 per 100G"
      }
    }
  },
  {
    "id": "lean-cuisine-meal-spaghetti-bolognese",
    "brand": "Lean Cuisine",
    "name": "Frozen Balance Classic Spaghetti Bolognese",
    "imageUrl": "https://shop.coles.com.au/wcsstore/Coles-CAS/images/6/5/6/6567947-th.jpg",
    "categories": ["back-to-school"],
    "tags": ["healthier-lunch-box", "healthier-meals"],
    "locations": {
      "vic": {
        "price": 5.7,
        "promoText": " ",
        "packageSize": "300g",
        "packagePrice": "$1.90 per 100G"
      }
    }
  },
  {
    "id": "loma-linda-thai-green-curry-meal",
    "brand": "Loma Linda",
    "name": "Gluten Free Thai Green Curry With Chik'N And Rice",
    "imageUrl": "https://shop.coles.com.au/wcsstore/Coles-CAS/images/3/4/1/3411329-th.jpg",
    "categories": ["back-to-school"],
    "tags": ["healthier-lunch-box", "healthier-meals"],
    "locations": {
      "vic": {
        "price": 5,
        "promoText": "Any 2 $5",
        "packageSize": "285g",
        "packagePrice": "$1.75 per 100G"
      }
    }
  },
  {
    "id": "loma-linda-thai-red-curry-meal",
    "brand": "Loma Linda",
    "name": "Thai Red Curry With Coconut & Mock Duk",
    "imageUrl": "https://shop.coles.com.au/wcsstore/Coles-CAS/images/3/4/1/3411351-th.jpg",
    "categories": ["back-to-school"],
    "tags": ["healthier-lunch-box", "healthier-meals"],
    "locations": {
      "vic": {
        "price": 5,
        "promoText": "Any 2 $5",
        "packageSize": "285g",
        "packagePrice": "$1.75 per 100G"
      }
    }
  },
  {
    "id": "loma-linda-spring-water-tuno",
    "brand": "Loma Linda",
    "name": "Spring Water Tuno",
    "imageUrl": "https://shop.coles.com.au/wcsstore/Coles-CAS/images/3/4/1/3410450-th.jpg",
    "categories": ["back-to-school"],
    "tags": ["healthier-lunch-box", "healthier-meals"],
    "locations": {
      "vic": {
        "price": 2.35,
        "promoText": " ",
        "packageSize": "142g",
        "packagePrice": "$1.65 per 100G"
      }
    }
  },
  {
    "id": "loma-linda-tikka-masala-meal",
    "brand": "Loma Linda",
    "name": "Gluten Free Tikka Masala With Chicken And Rice",
    "imageUrl": "https://shop.coles.com.au/wcsstore/Coles-CAS/images/3/4/1/3411340-th.jpg",
    "categories": ["back-to-school"],
    "tags": ["healthier-lunch-box", "healthier-meals"],
    "locations": {
      "vic": {
        "price": 5,
        "promoText": "Any 2 $5",
        "packageSize": "285g",
        "packagePrice": "$1.75 per 100G"
      }
    }
  },
  {
    "id": "mccain-health-choice-bowls-chinese-chicken-cashews-frozen",
    "brand": "McCain",
    "name": "Frozen Healthy Choice Chinese Chicken With Cashews",
    "imageUrl": "https://shop.coles.com.au/wcsstore/Coles-CAS/images/8/0/5/8057001-th.jpg",
    "categories": ["back-to-school"],
    "tags": ["healthier-lunch-box", "healthier-meals"],
    "locations": {
      "vic": {
        "price": 4,
        "promoText": "Was $5.60 on Jul 2017 ",
        "packageSize": "280g",
        "packagePrice": "$1.43 per 100G"
      }
    }
  },
  {
    "id": "slendier-edamame-bean-organic-fettuccine",
    "brand": "Slendier",
    "name": "Edamame Bean Organic Fettuccine",
    "imageUrl": "https://shop.coles.com.au/wcsstore/Coles-CAS/images/3/6/0/3609869-th.jpg",
    "categories": ["back-to-school"],
    "tags": ["healthier-lunch-box", "healthier-meals"],
    "locations": {
      "vic": {
        "price": 5.2,
        "promoText": " ",
        "packageSize": "200g",
        "packagePrice": "$2.60 per 100G"
      }
    }
  },
  {
    "id": "slendier-black-bean-organic-fettuccine-pasta",
    "brand": "Slendier",
    "name": "Black Bean Organic Fettuccine Pasta",
    "imageUrl": "https://shop.coles.com.au/wcsstore/Coles-CAS/images/3/6/0/3609847-th.jpg",
    "categories": ["back-to-school"],
    "tags": ["healthier-lunch-box", "healthier-meals"],
    "locations": {
      "vic": {
        "price": 5.2,
        "promoText": " ",
        "packageSize": "200g",
        "packagePrice": "$2.60 per 100G"
      }
    }
  },
  {
    "id": "slendier-soy-bean-organic-fettuccine",
    "brand": "Slendier",
    "name": "Soy Bean Organic Fettuccine",
    "imageUrl": "https://shop.coles.com.au/wcsstore/Coles-CAS/images/3/6/0/3609949-th.jpg",
    "categories": ["back-to-school"],
    "tags": ["healthier-lunch-box", "healthier-meals"],
    "locations": {
      "vic": {
        "price": 5.2,
        "promoText": " ",
        "packageSize": "200g",
        "packagePrice": "$2.60 per 100G"
      }
    }
  },
  {
    "id": "weight-watchers-beef-hot-pot-meal-frozen",
    "brand": "Weight Watchers",
    "name": "Frozen Beef Hot Pot Meal",
    "imageUrl": "https://shop.coles.com.au/wcsstore/Coles-CAS/images/9/6/3/9632717-th.jpg",
    "categories": ["back-to-school"],
    "tags": ["healthier-lunch-box", "healthier-meals"],
    "locations": {
      "vic": {
        "price": 5.8,
        "promoText": " ",
        "packageSize": "320g",
        "packagePrice": "$1.81 per 100G"
      }
    }
  },
  {
    "id": "coles-organic-rice-noodles-with-chia",
    "brand": "Wellness Road",
    "name": "Organic Red Rice Noodles With Chia",
    "imageUrl": "https://shop.coles.com.au/wcsstore/Coles-CAS/images/3/4/0/3409123-th.jpg",
    "categories": ["back-to-school"],
    "tags": ["healthier-lunch-box", "healthier-meals"],
    "locations": {
      "vic": {
        "price": 3.75,
        "promoText": " ",
        "packageSize": "225g",
        "packagePrice": "$1.67 per 100G"
      }
    }
  },
  {
    "id": "coles-textured-vegetable-protein",
    "brand": "Wellness Road",
    "name": "Textured Vegetable Protein",
    "imageUrl": "https://shop.coles.com.au/wcsstore/Coles-CAS/images/3/4/0/3405847-th.jpg",
    "categories": ["back-to-school"],
    "tags": ["healthier-lunch-box", "healthier-meals"],
    "locations": {
      "vic": {
        "price": 6,
        "promoText": " ",
        "packageSize": "400g",
        "packagePrice": "$1.50 per 100G"
      }
    }
  },
  {
    "id": "cleaver-organic-beef-mince",
    "brand": "Cleaver's",
    "name": "Free Range Organic Beef Mince",
    "imageUrl": "https://shop.coles.com.au/wcsstore/Coles-CAS/images/9/2/2/9224255-th.jpg",
    "categories": ["back-to-school"],
    "tags": ["healthier-lunch-box", "organic-choices"],
    "locations": {
      "vic": {
        "price": 11,
        "promoText": " ",
        "packageSize": "500g",
        "packagePrice": "$22.00 per 1Kg"
      }
    }
  },
  {
    "id": "hakubaku-noodles-soba-organic",
    "brand": "Hakubaku",
    "name": "Organic Soba Noodles",
    "imageUrl": "https://shop.coles.com.au/wcsstore/Coles-CAS/images/9/4/3/9434666-th.jpg",
    "categories": ["back-to-school"],
    "tags": ["healthier-lunch-box", "organic-choices"],
    "locations": {
      "vic": {
        "price": 3.7,
        "promoText": " ",
        "packageSize": "270g",
        "packagePrice": "$1.37 per 100G"
      }
    }
  },
  {
    "id": "hakubaku-noodles-udon-organic",
    "brand": "Hakubaku",
    "name": "Organic Udon Noodles",
    "imageUrl": "https://shop.coles.com.au/wcsstore/Coles-CAS/images/9/4/3/9434677-th.jpg",
    "categories": ["back-to-school"],
    "tags": ["healthier-lunch-box", "organic-choices"],
    "locations": {
      "vic": {
        "price": 3.7,
        "promoText": " ",
        "packageSize": "270g",
        "packagePrice": "$1.37 per 100G"
      }
    }
  },
  {
    "id": "coles-chickpeas-organic",
    "brand": "Coles",
    "name": "Organic Chickpeas",
    "imageUrl": "https://shop.coles.com.au/wcsstore/Coles-CAS/images/9/7/7/9776251-th.jpg",
    "categories": ["back-to-school"],
    "tags": ["healthier-lunch-box", "organic-choices"],
    "locations": {
      "vic": {
        "price": 1.3,
        "promoText": " ",
        "packageSize": "400g",
        "packagePrice": "$0.33 per 100G"
      }
    }
  },
  {
    "id": "coles-pasta-penne-organic",
    "brand": "Coles",
    "name": "Organic Penne Rigate Pasta",
    "imageUrl": "https://shop.coles.com.au/wcsstore/Coles-CAS/images/9/4/7/9477432-th.jpg",
    "categories": ["back-to-school"],
    "tags": ["healthier-lunch-box", "organic-choices"],
    "locations": {
      "vic": {
        "price": 1.65,
        "promoText": " ",
        "packageSize": "500g",
        "packagePrice": "$0.33 per 100G"
      }
    }
  },
  {
    "id": "coles-beans-kidney-red-organic",
    "brand": "Coles",
    "name": "Organic Red Kidney Beans",
    "imageUrl": "https://shop.coles.com.au/wcsstore/Coles-CAS/images/9/7/7/9776182-th.jpg",
    "categories": ["back-to-school"],
    "tags": ["healthier-lunch-box", "organic-choices"],
    "locations": {
      "vic": {
        "price": 1.3,
        "promoText": " ",
        "packageSize": "400g",
        "packagePrice": "$0.33 per 100G"
      }
    }
  },
  {
    "id": "bio-nature-lentils-organic",
    "brand": "Bio Nature",
    "name": "Organic Lentils",
    "imageUrl": "https://shop.coles.com.au/wcsstore/Coles-CAS/images/8/5/1/8515605-th.jpg",
    "categories": ["back-to-school"],
    "tags": ["healthier-lunch-box", "organic-choices"],
    "locations": {
      "vic": {
        "price": 1.6,
        "promoText": "Was $1.79 on Feb 2016 ",
        "packageSize": "400g",
        "packagePrice": "$4.00 per 1Kg"
      }
    }
  },
  {
    "id": "coles-beans-4-bean-mix-organic",
    "brand": "Coles",
    "name": "Organic Four Bean Mix",
    "imageUrl": "https://shop.coles.com.au/wcsstore/Coles-CAS/images/9/7/7/9776230-th.jpg",
    "categories": ["back-to-school"],
    "tags": ["healthier-lunch-box", "organic-choices"],
    "locations": {
      "vic": {
        "price": 1.3,
        "promoText": " ",
        "packageSize": "400g",
        "packagePrice": "$0.33 per 100G"
      }
    }
  },
  {
    "id": "pureharvest--rice-cakes-organic",
    "brand": "Pureharvest",
    "name": "Organic Rice Cakes",
    "imageUrl": "https://shop.coles.com.au/wcsstore/Coles-CAS/images/5/7/4/5748403-th.jpg",
    "categories": ["back-to-school"],
    "tags": ["healthier-lunch-box", "organic-choices"],
    "locations": {
      "vic": {
        "price": 1.7,
        "promoText": " ",
        "packageSize": "150g",
        "packagePrice": "$1.13 per 100G"
      }
    }
  },
  {
    "id": "coles-beans-butter-organic",
    "brand": "Coles",
    "name": "Organic Butter Beans",
    "imageUrl": "https://shop.coles.com.au/wcsstore/Coles-CAS/images/9/7/7/9776310-th.jpg",
    "categories": ["back-to-school"],
    "tags": ["healthier-lunch-box", "organic-choices"],
    "locations": {
      "vic": {
        "price": 1.3,
        "promoText": " ",
        "packageSize": "400g",
        "packagePrice": "$0.33 per 100G"
      }
    }
  },
  {
    "id": "coles-gluten-free-organic-brown-rice-cakes",
    "brand": "Coles",
    "name": "Gluten Free Organic Brown Rice Cakes",
    "imageUrl": "https://shop.coles.com.au/wcsstore/Coles-CAS/images/3/5/6/3568772-th.jpg",
    "categories": ["back-to-school"],
    "tags": ["healthier-lunch-box", "organic-choices"],
    "locations": {
      "vic": {
        "price": 2.5,
        "promoText": " ",
        "packageSize": "150g",
        "packagePrice": "$1.67 per 100G"
      }
    }
  },
  {
    "id": "coles-pasta-spaghetti-organic",
    "brand": "Coles",
    "name": "Organic Spaghetti",
    "imageUrl": "https://shop.coles.com.au/wcsstore/Coles-CAS/images/9/4/7/9478865-th.jpg",
    "categories": ["back-to-school"],
    "tags": ["healthier-lunch-box", "organic-choices"],
    "locations": {
      "vic": {
        "price": 1.65,
        "promoText": " ",
        "packageSize": "500g",
        "packagePrice": "$0.33 per 100G"
      }
    }
  },
  {
    "id": "coles-organic-wholemeal-spaghetti",
    "brand": "Coles",
    "name": "Organic Wholemeal Spaghetti",
    "imageUrl": "https://shop.coles.com.au/wcsstore/Coles-CAS/images/3/3/8/3380305-th.jpg",
    "categories": ["back-to-school"],
    "tags": ["healthier-lunch-box", "organic-choices"],
    "locations": {
      "vic": {
        "price": 1.65,
        "promoText": " ",
        "packageSize": "500g",
        "packagePrice": "$0.33 per 100G"
      }
    }
  },
  {
    "id": "coles-organic-lasagne-sheets",
    "brand": "Coles",
    "name": "Organic Lasagne Sheets",
    "imageUrl": "https://shop.coles.com.au/wcsstore/Coles-CAS/images/3/3/8/3380338-th.jpg",
    "categories": ["back-to-school"],
    "tags": ["healthier-lunch-box", "organic-choices"],
    "locations": {
      "vic": {
        "price": 2,
        "promoText": " ",
        "packageSize": "250g",
        "packagePrice": "$0.80 per 100G"
      }
    }
  },
  {
    "id": "mutti-organic-passata",
    "brand": "Mutti",
    "name": "Organic Passata",
    "imageUrl": "https://shop.coles.com.au/wcsstore/Coles-CAS/images/3/5/9/3591130-th.jpg",
    "categories": ["back-to-school"],
    "tags": ["healthier-lunch-box", "organic-choices"],
    "locations": {
      "vic": {
        "price": 3.5,
        "promoText": " ",
        "packageSize": "560g",
        "packagePrice": "$0.63 per 100G"
      }
    }
  },
  {
    "id": "bio-nature-beans-cannellini-organic",
    "brand": "Bio Nature",
    "name": "Organic Cannellini Beans",
    "imageUrl": "https://shop.coles.com.au/wcsstore/Coles-CAS/images/8/5/1/8515456-th.jpg",
    "categories": ["back-to-school"],
    "tags": ["healthier-lunch-box", "organic-choices"],
    "locations": {
      "vic": {
        "price": 1.6,
        "promoText": "Was $1.79 on Feb 2016 ",
        "packageSize": "400g",
        "packagePrice": "$4.00 per 1Kg"
      }
    }
  },
  {
    "id": "coles-organic-pasta-wholemeal-spirals",
    "brand": "Coles",
    "name": "Organic Wholemeal Spiral Pasta",
    "imageUrl": "https://shop.coles.com.au/wcsstore/Coles-CAS/images/3/3/8/3380316-th.jpg",
    "categories": ["back-to-school"],
    "tags": ["healthier-lunch-box", "organic-choices"],
    "locations": {
      "vic": {
        "price": 1.65,
        "promoText": " ",
        "packageSize": "500g",
        "packagePrice": "$0.33 per 100G"
      }
    }
  },
  {
    "id": "genius-2-pack-brioche-burger-buns",
    "brand": "Genius",
    "name": "Gluten Free Soft Brioche Rolls",
    "imageUrl": "https://shop.coles.com.au/wcsstore/Coles-CAS/images/3/2/3/3237582-th.jpg",
    "categories": ["back-to-school"],
    "tags": ["lunchbox-fillers", "bread-rolls-wraps"],
    "locations": {
      "vic": {
        "price": 3.5,
        "promoText": " ",
        "packageSize": "2 pack",
        "packagePrice": "$1.75 per 1Ea"
      }
    }
  },
  {
    "id": "simsons-pantry-premium-white-wraps-4pack",
    "brand": "Simson's Pantry",
    "name": "Premium White Wraps 4 Pack",
    "imageUrl": "https://shop.coles.com.au/wcsstore/Coles-CAS/images/2/8/1/2815570-th.jpg",
    "categories": ["back-to-school"],
    "tags": ["lunchbox-fillers", "bread-rolls-wraps"],
    "locations": {
      "vic": {
        "price": 2.3,
        "promoText": "Any 2 $4",
        "packageSize": "180g",
        "packagePrice": "$1.28 per 100G"
      }
    }
  },
  {
    "id": "simsons-pantry-four-seeds-wraps-4-pack",
    "brand": "Simson's Pantry",
    "name": "Four Seeds Wraps 4 pack",
    "imageUrl": "https://shop.coles.com.au/wcsstore/Coles-CAS/images/2/8/1/2815581-th.jpg",
    "categories": ["back-to-school"],
    "tags": ["lunchbox-fillers", "bread-rolls-wraps"],
    "locations": {
      "vic": {
        "price": 2.3,
        "promoText": "Any 2 $4",
        "packageSize": "180g",
        "packagePrice": "$1.28 per 100G"
      }
    }
  },
  {
    "id": "simsons-pantry-summer-herb-wraps-4pack",
    "brand": "Simson's Pantry",
    "name": "Summer Herb Wraps 4 pack",
    "imageUrl": "https://shop.coles.com.au/wcsstore/Coles-CAS/images/2/8/1/2815592-th.jpg",
    "categories": ["back-to-school"],
    "tags": ["lunchbox-fillers", "bread-rolls-wraps"],
    "locations": {
      "vic": {
        "price": 2.3,
        "promoText": "Any 2 $4",
        "packageSize": "180g",
        "packagePrice": "$1.28 per 100G"
      }
    }
  },
  {
    "id": "simsons-pantry-wholegrain-wraps-8pack",
    "brand": "Simson's Pantry",
    "name": "Wholegrain Large Wraps 8 pack",
    "imageUrl": "https://shop.coles.com.au/wcsstore/Coles-CAS/images/2/8/1/2815617-th.jpg",
    "categories": ["back-to-school"],
    "tags": ["lunchbox-fillers", "bread-rolls-wraps"],
    "locations": {
      "vic": {
        "price": 4.2,
        "promoText": " ",
        "packageSize": "560g",
        "packagePrice": "$0.75 per 100G"
      }
    }
  },
  {
    "id": "genius-white-rolls-2-pack-",
    "brand": "Genius",
    "name": "Gluten Free Soft White Rolls",
    "imageUrl": "https://shop.coles.com.au/wcsstore/Coles-CAS/images/3/2/3/3237571-th.jpg",
    "categories": ["back-to-school"],
    "tags": ["lunchbox-fillers", "bread-rolls-wraps"],
    "locations": {
      "vic": {
        "price": 3.5,
        "promoText": " ",
        "packageSize": "2 pack",
        "packagePrice": "$1.75 per 1Ea"
      }
    }
  },
  {
    "id": "-4938276p",
    "brand": "Coles",
    "name": "High Fibre Wholemeal Sandwich Bread",
    "imageUrl": "https://shop.coles.com.au/wcsstore/Coles-CAS/images/4/9/3/4938276-th.jpg",
    "categories": ["back-to-school"],
    "tags": ["lunchbox-fillers", "bread-rolls-wraps"],
    "locations": {
      "vic": {
        "price": 2.3,
        "promoText": " ",
        "packageSize": "700g",
        "packagePrice": "$0.33 per 100G"
      }
    }
  },
  {
    "id": "helgas-bread-continental-bakehouse-mixed-grain",
    "brand": "Helga's",
    "name": "Mixed Grain Bread",
    "imageUrl": "https://shop.coles.com.au/wcsstore/Coles-CAS/images/6/7/1/6711227-th.jpg",
    "categories": ["back-to-school"],
    "tags": ["lunchbox-fillers", "bread-rolls-wraps"],
    "locations": {
      "vic": {
        "price": 3.9,
        "promoText": " ",
        "packageSize": "850g",
        "packagePrice": "$0.46 per 100G"
      }
    }
  },
  {
    "id": "tip-top-bread-raisin-toast-7024470p",
    "brand": "Tip Top",
    "name": "Raisin Toast Bread",
    "imageUrl": "https://shop.coles.com.au/wcsstore/Coles-CAS/images/7/0/2/7024470-th.jpg",
    "categories": ["back-to-school"],
    "tags": ["lunchbox-fillers", "bread-rolls-wraps"],
    "locations": {
      "vic": {
        "price": 3,
        "promoText": " ",
        "packageSize": "520g",
        "packagePrice": "$0.58 per 100G"
      }
    }
  },
  {
    "id": "helgas-bread-traditional-wholemeal",
    "brand": "Helga's",
    "name": "Traditional Wholemeal Bread",
    "imageUrl": "https://shop.coles.com.au/wcsstore/Coles-CAS/images/5/9/6/5969435-th.jpg",
    "categories": ["back-to-school"],
    "tags": ["lunchbox-fillers", "bread-rolls-wraps"],
    "locations": {
      "vic": {
        "price": 3.9,
        "promoText": " ",
        "packageSize": "750g",
        "packagePrice": "$0.52 per 100G"
      }
    }
  },
  {
    "id": "coles-smart-buy-bread-white",
    "brand": "Coles",
    "name": "White Sandwich Bread",
    "imageUrl": "https://shop.coles.com.au/wcsstore/Coles-CAS/images/4/9/0/4901345-th.jpg",
    "categories": ["back-to-school"],
    "tags": ["lunchbox-fillers", "bread-rolls-wraps"],
    "locations": {
      "vic": {
        "price": 1.3,
        "promoText": " ",
        "packageSize": "650g",
        "packagePrice": "$0.20 per 100G"
      }
    }
  },
  {
    "id": "wonder-white-bread-wholemeal-plus-iron",
    "brand": "Wonder White",
    "name": "Wholemeal Bread Plus Iron",
    "imageUrl": "https://shop.coles.com.au/wcsstore/Coles-CAS/images/5/3/2/5322140-th.jpg",
    "categories": ["back-to-school"],
    "tags": ["lunchbox-fillers", "bread-rolls-wraps"],
    "locations": {
      "vic": {
        "price": 3.4,
        "promoText": " ",
        "packageSize": "700g",
        "packagePrice": "$0.49 per 100G"
      }
    }
  },
  {
    "id": "abbotts-village-bakery-country-grains",
    "brand": "Abbott's Village Bakery",
    "name": "Country Grains Bread",
    "imageUrl": "https://shop.coles.com.au/wcsstore/Coles-CAS/images/3/2/3/3237196-th.jpg",
    "categories": ["back-to-school"],
    "tags": ["lunchbox-fillers", "bread-rolls-wraps"],
    "locations": {
      "vic": {
        "price": 3.8,
        "promoText": " ",
        "packageSize": "800g",
        "packagePrice": "$0.48 per 100G"
      }
    }
  },
  {
    "id": "wonder-white-bread-7-vitamins-minerals-sandwich",
    "brand": "Wonder White",
    "name": "Sandwich Bread +7 Vitamins & Minerals",
    "imageUrl": "https://shop.coles.com.au/wcsstore/Coles-CAS/images/5/7/9/5795130-th.jpg",
    "categories": ["back-to-school"],
    "tags": ["lunchbox-fillers", "bread-rolls-wraps"],
    "locations": {
      "vic": {
        "price": 3.4,
        "promoText": " ",
        "packageSize": "700g",
        "packagePrice": "$0.49 per 100G"
      }
    }
  },
  {
    "id": "coles-soft-wholemeal-sandwich-loaf",
    "brand": "Coles",
    "name": "Soft Wholemeal Sandwich Bread Loaf",
    "imageUrl": "https://shop.coles.com.au/wcsstore/Coles-CAS/images/3/3/7/3378290-th.jpg",
    "categories": ["back-to-school"],
    "tags": ["lunchbox-fillers", "bread-rolls-wraps"],
    "locations": {
      "vic": {
        "price": 1.6,
        "promoText": " ",
        "packageSize": "650g",
        "packagePrice": "$0.25 per 100G"
      }
    }
  },
  {
    "id": "helgas-bread-continental-bakehouse-light-rye",
    "brand": "Helga's",
    "name": "Light Rye Bread",
    "imageUrl": "https://shop.coles.com.au/wcsstore/Coles-CAS/images/5/0/7/5072836-th.jpg",
    "categories": ["back-to-school"],
    "tags": ["lunchbox-fillers", "bread-rolls-wraps"],
    "locations": {
      "vic": {
        "price": 3.9,
        "promoText": " ",
        "packageSize": "680g",
        "packagePrice": "$0.57 per 100G"
      }
    }
  },
  {
    "id": "tip-top-bread-the-one-toast",
    "brand": "Tip Top",
    "name": "The One White Toast Bread",
    "imageUrl": "https://shop.coles.com.au/wcsstore/Coles-CAS/images/8/9/5/8956189-th.jpg",
    "categories": ["back-to-school"],
    "tags": ["lunchbox-fillers", "bread-rolls-wraps"],
    "locations": {
      "vic": {
        "price": 3.4,
        "promoText": " ",
        "packageSize": "700g",
        "packagePrice": "$0.49 per 100G"
      }
    }
  },
  {
    "id": "coles-soft-white-toast-loaf-3378289p",
    "brand": "Coles",
    "name": "Soft White Toast Bread Loaf",
    "imageUrl": "https://shop.coles.com.au/wcsstore/Coles-CAS/images/3/3/7/3378289-th.jpg",
    "categories": ["back-to-school"],
    "tags": ["lunchbox-fillers", "bread-rolls-wraps"],
    "locations": {
      "vic": {
        "price": 1.6,
        "promoText": " ",
        "packageSize": "650g",
        "packagePrice": "$0.25 per 100G"
      }
    }
  },
  {
    "id": "coles-brioche-hamburger-bun-4pk",
    "brand": "Coles",
    "name": "Brioche Hamburger Buns 4 Pack",
    "imageUrl": "https://shop.coles.com.au/wcsstore/Coles-CAS/images/3/5/7/3572292-th.jpg",
    "categories": ["back-to-school"],
    "tags": ["lunchbox-fillers", "bread-rolls-wraps"],
    "locations": {
      "vic": {
        "price": 2.7,
        "promoText": " ",
        "packageSize": "200g",
        "packagePrice": "$1.35 per 100G"
      }
    }
  },
  {
    "id": "tip-top-bread-the-one-sandwich",
    "brand": "Tip Top",
    "name": "The One White Sandwich Bread",
    "imageUrl": "https://shop.coles.com.au/wcsstore/Coles-CAS/images/8/9/5/8956156-th.jpg",
    "categories": ["back-to-school"],
    "tags": ["lunchbox-fillers", "bread-rolls-wraps"],
    "locations": {
      "vic": {
        "price": 3.4,
        "promoText": " ",
        "packageSize": "700g",
        "packagePrice": "$0.49 per 100G"
      }
    }
  },
  {
    "id": "abbotts-village-bakery-rustic-white",
    "brand": "Abbott's Village Bakery",
    "name": "Rustic White Bread",
    "imageUrl": "https://shop.coles.com.au/wcsstore/Coles-CAS/images/3/2/3/3237185-th.jpg",
    "categories": ["back-to-school"],
    "tags": ["lunchbox-fillers", "bread-rolls-wraps"],
    "locations": {
      "vic": {
        "price": 3.8,
        "promoText": " ",
        "packageSize": "700g",
        "packagePrice": "$0.54 per 100G"
      }
    }
  },
  {
    "id": "coles-rolls-white-round",
    "brand": "Coles",
    "name": "White Round Rolls",
    "imageUrl": "https://shop.coles.com.au/wcsstore/Coles-CAS/images/5/6/9/5697903-th.jpg",
    "categories": ["back-to-school"],
    "tags": ["lunchbox-fillers", "bread-rolls-wraps"],
    "locations": {
      "vic": {
        "price": 3.5,
        "promoText": " ",
        "packageSize": "6 pack",
        "packagePrice": "$0.58 per 1Ea"
      }
    }
  },
  {
    "id": "-4938312p",
    "brand": "Coles",
    "name": "High Fibre Multigrain Sandwich Bread",
    "imageUrl": "https://shop.coles.com.au/wcsstore/Coles-CAS/images/4/9/3/4938312-th.jpg",
    "categories": ["back-to-school"],
    "tags": ["lunchbox-fillers", "bread-rolls-wraps"],
    "locations": {
      "vic": {
        "price": 2.3,
        "promoText": " ",
        "packageSize": "700g",
        "packagePrice": "$0.33 per 100G"
      }
    }
  },
  {
    "id": "helgas-bread-traditional-white",
    "brand": "Helga's",
    "name": "Traditional White Bread",
    "imageUrl": "https://shop.coles.com.au/wcsstore/Coles-CAS/images/5/9/6/5969945-th.jpg",
    "categories": ["back-to-school"],
    "tags": ["lunchbox-fillers", "bread-rolls-wraps"],
    "locations": {
      "vic": {
        "price": 3.9,
        "promoText": " ",
        "packageSize": "750g",
        "packagePrice": "$0.52 per 100G"
      }
    }
  },
  {
    "id": "tip-top-bread-cafe-raisin-loaf-extra-thick",
    "brand": "Tip Top",
    "name": "Cafe Raisin Bread Loaf",
    "imageUrl": "https://shop.coles.com.au/wcsstore/Coles-CAS/images/5/7/0/5703766-th.jpg",
    "categories": ["back-to-school"],
    "tags": ["lunchbox-fillers", "bread-rolls-wraps"],
    "locations": {
      "vic": {
        "price": 6,
        "promoText": " ",
        "packageSize": "650g",
        "packagePrice": "$0.92 per 100G"
      }
    }
  },
  {
    "id": "lawsons-traditional-wholemeal",
    "brand": "Lawson's",
    "name": "Traditional Stone Mill Wholemeal Bread",
    "imageUrl": "https://shop.coles.com.au/wcsstore/Coles-CAS/images/3/3/6/3362926-th.jpg",
    "categories": ["back-to-school"],
    "tags": ["lunchbox-fillers", "bread-rolls-wraps"],
    "locations": {
      "vic": {
        "price": 4,
        "promoText": "$1.80 ",
        "packageSize": "750g",
        "packagePrice": "$0.53 per 100G"
      }
    }
  },
  {
    "id": "burgen-bread-soy-linseed-6712445p",
    "brand": "Burgen",
    "name": "Soy & Linseed Bread",
    "imageUrl": "https://shop.coles.com.au/wcsstore/Coles-CAS/images/6/7/1/6712445-th.jpg",
    "categories": ["back-to-school"],
    "tags": ["lunchbox-fillers", "bread-rolls-wraps"],
    "locations": {
      "vic": {
        "price": 5,
        "promoText": " ",
        "packageSize": "700g",
        "packagePrice": "$0.71 per 100G"
      }
    }
  },
  {
    "id": "burgen-bread-wholemeal-seeds-5369358p",
    "brand": "Burgen",
    "name": "Wholemeal & Seeds Bread",
    "imageUrl": "https://shop.coles.com.au/wcsstore/Coles-CAS/images/5/3/6/5369358-th.jpg",
    "categories": ["back-to-school"],
    "tags": ["lunchbox-fillers", "bread-rolls-wraps"],
    "locations": {
      "vic": {
        "price": 5,
        "promoText": " ",
        "packageSize": "700g",
        "packagePrice": "$0.71 per 100G"
      }
    }
  },
  {
    "id": "helgas-sourdough",
    "brand": "Helga's",
    "name": "Sourdough Bread",
    "imageUrl": "https://shop.coles.com.au/wcsstore/Coles-CAS/images/3/5/5/3558247-th.jpg",
    "categories": ["back-to-school"],
    "tags": ["lunchbox-fillers", "bread-rolls-wraps"],
    "locations": {
      "vic": {
        "price": 3.9,
        "promoText": " ",
        "packageSize": "650g",
        "packagePrice": "$0.60 per 100G"
      }
    }
  },
  {
    "id": "abbotts-village-bakery-bread-rye-light",
    "brand": "Abbott's Village Bakery",
    "name": "Light Rye Bread",
    "imageUrl": "https://shop.coles.com.au/wcsstore/Coles-CAS/images/7/2/2/7226023-th.jpg",
    "categories": ["back-to-school"],
    "tags": ["lunchbox-fillers", "bread-rolls-wraps"],
    "locations": {
      "vic": {
        "price": 3.8,
        "promoText": " ",
        "packageSize": "680g",
        "packagePrice": "$0.56 per 100G"
      }
    }
  },
  {
    "id": "coles-cafe-style-raisin-toast",
    "brand": "Coles",
    "name": "Cafe Style Raisin Toast",
    "imageUrl": "https://shop.coles.com.au/wcsstore/Coles-CAS/images/2/7/1/2715816-th.jpg",
    "categories": ["back-to-school"],
    "tags": ["lunchbox-fillers", "bread-rolls-wraps"],
    "locations": {
      "vic": {
        "price": 2.8,
        "promoText": " ",
        "packageSize": "650g",
        "packagePrice": "$0.43 per 100G"
      }
    }
  },
  {
    "id": "wonder-active-bread",
    "brand": "Wonder",
    "name": "Active High Fibre Low GI+ Protein Soft White Bread",
    "imageUrl": "https://shop.coles.com.au/wcsstore/Coles-CAS/images/3/5/7/3573295-th.jpg",
    "categories": ["back-to-school"],
    "tags": ["lunchbox-fillers", "bread-rolls-wraps"],
    "locations": {
      "vic": {
        "price": 3.4,
        "promoText": " ",
        "packageSize": "680g",
        "packagePrice": "$0.50 per 100G"
      }
    }
  },
  {
    "id": "lawsons-traditional-original-white",
    "brand": "Lawson's",
    "name": "Traditional Original White Bread",
    "imageUrl": "https://shop.coles.com.au/wcsstore/Coles-CAS/images/3/3/6/3362937-th.jpg",
    "categories": ["back-to-school"],
    "tags": ["lunchbox-fillers", "bread-rolls-wraps"],
    "locations": {
      "vic": {
        "price": 4,
        "promoText": "$1.80 ",
        "packageSize": "750g",
        "packagePrice": "$0.53 per 100G"
      }
    }
  },
  {
    "id": "mission-wraps-mini-original-8-pack",
    "brand": "Mission",
    "name": "Original  Mini Wraps 8 pack",
    "imageUrl": "https://shop.coles.com.au/wcsstore/Coles-CAS/images/7/8/6/7863592-th.jpg",
    "categories": ["back-to-school"],
    "tags": ["lunchbox-fillers", "bread-rolls-wraps"],
    "locations": {
      "vic": {
        "price": 4,
        "promoText": "$1.00 ",
        "packageSize": "384g",
        "packagePrice": "$1.04 per 100G"
      }
    }
  },
  {
    "id": "burgen-bread-rye-5249684p",
    "brand": "Burgen",
    "name": "Traditional Rye Bread",
    "imageUrl": "https://shop.coles.com.au/wcsstore/Coles-CAS/images/5/2/4/5249684-th.jpg",
    "categories": ["back-to-school"],
    "tags": ["lunchbox-fillers", "bread-rolls-wraps"],
    "locations": {
      "vic": {
        "price": 5,
        "promoText": " ",
        "packageSize": "700g",
        "packagePrice": "$0.71 per 100G"
      }
    }
  },
  {
    "id": "helgas-bread-continental-bakehouse-wholemeal-grain-loaf",
    "brand": "Helga's",
    "name": "Continental Bakehouse Wholemeal Grain Bread",
    "imageUrl": "https://shop.coles.com.au/wcsstore/Coles-CAS/images/6/6/7/6676716-th.jpg",
    "categories": ["back-to-school"],
    "tags": ["lunchbox-fillers", "bread-rolls-wraps"],
    "locations": {
      "vic": {
        "price": 3.9,
        "promoText": " ",
        "packageSize": "850g",
        "packagePrice": "$0.46 per 100G"
      }
    }
  },
  {
    "id": "lawsons-traditional-settlers-grain",
    "brand": "Lawson's",
    "name": "Traditional Settler's Grain Bread",
    "imageUrl": "https://shop.coles.com.au/wcsstore/Coles-CAS/images/3/3/6/3362915-th.jpg",
    "categories": ["back-to-school"],
    "tags": ["lunchbox-fillers", "bread-rolls-wraps"],
    "locations": {
      "vic": {
        "price": 4,
        "promoText": "$1.80 ",
        "packageSize": "750g",
        "packagePrice": "$0.53 per 100G"
      }
    }
  },
  {
    "id": "mission-wraps-original-8-pack",
    "brand": "Mission",
    "name": "Original Wraps 8 pack",
    "imageUrl": "https://shop.coles.com.au/wcsstore/Coles-CAS/images/6/9/5/6955662-th.jpg",
    "categories": ["back-to-school"],
    "tags": ["lunchbox-fillers", "bread-rolls-wraps"],
    "locations": {
      "vic": {
        "price": 5,
        "promoText": " ",
        "packageSize": "567g",
        "packagePrice": "$0.88 per 100G"
      }
    }
  },
  {
    "id": "-4938243p",
    "brand": "Coles",
    "name": "High Fibre White Sandwich Bread",
    "imageUrl": "https://shop.coles.com.au/wcsstore/Coles-CAS/images/4/9/3/4938243-th.jpg",
    "categories": ["back-to-school"],
    "tags": ["lunchbox-fillers", "bread-rolls-wraps"],
    "locations": {
      "vic": {
        "price": 2.3,
        "promoText": " ",
        "packageSize": "700g",
        "packagePrice": "$0.33 per 100G"
      }
    }
  },
  {
    "id": "coles-soft-white-multigrain-sandwich-loaf",
    "brand": "Coles",
    "name": "Soft Multigrain Sandwich Bread",
    "imageUrl": "https://shop.coles.com.au/wcsstore/Coles-CAS/images/3/3/7/3378314-th.jpg",
    "categories": ["back-to-school"],
    "tags": ["lunchbox-fillers", "bread-rolls-wraps"],
    "locations": {
      "vic": {
        "price": 1.6,
        "promoText": " ",
        "packageSize": "650g",
        "packagePrice": "$0.25 per 100G"
      }
    }
  },
  {
    "id": "tip-top-bread-sunblest-white-sandwich",
    "brand": "Tip Top",
    "name": "Sunblest White Bread",
    "imageUrl": "https://shop.coles.com.au/wcsstore/Coles-CAS/images/7/9/5/7953924-th.jpg",
    "categories": ["back-to-school"],
    "tags": ["lunchbox-fillers", "bread-rolls-wraps"],
    "locations": {
      "vic": {
        "price": 3,
        "promoText": " ",
        "packageSize": "650g",
        "packagePrice": "$0.46 per 100G"
      }
    }
  },
  {
    "id": "wonder-white-bread-7-vitamins-minerals-toast",
    "brand": "Wonder White",
    "name": "Toast Bread +7 Vitamins & Minerals",
    "imageUrl": "https://shop.coles.com.au/wcsstore/Coles-CAS/images/5/8/2/5827361-th.jpg",
    "categories": ["back-to-school"],
    "tags": ["lunchbox-fillers", "bread-rolls-wraps"],
    "locations": {
      "vic": {
        "price": 3.4,
        "promoText": " ",
        "packageSize": "700g",
        "packagePrice": "$0.49 per 100G"
      }
    }
  },
  {
    "id": "abbotts-village-bakery-gluten-free-soy-linseed",
    "brand": "Abbott's Village Bakery",
    "name": "Gluten Free Soy & Linseed Bread",
    "imageUrl": "https://shop.coles.com.au/wcsstore/Coles-CAS/images/2/8/3/2834247-th.jpg",
    "categories": ["back-to-school"],
    "tags": ["lunchbox-fillers", "bread-rolls-wraps"],
    "locations": {
      "vic": {
        "price": 6,
        "promoText": "$1.00 ",
        "packageSize": "500g",
        "packagePrice": "$1.20 per 100G"
      }
    }
  },
  {
    "id": "tip-top-bread-rolls-hot-dog-white",
    "brand": "Tip Top",
    "name": "White Bread Hot Dog Rolls",
    "imageUrl": "https://shop.coles.com.au/wcsstore/Coles-CAS/images/7/0/5/7057200-th.jpg",
    "categories": ["back-to-school"],
    "tags": ["lunchbox-fillers", "bread-rolls-wraps"],
    "locations": {
      "vic": {
        "price": 4,
        "promoText": " ",
        "packageSize": "6 pack",
        "packagePrice": "$0.67 per 1Ea"
      }
    }
  },
  {
    "id": "mission-wraps-wholegrain",
    "brand": "Mission",
    "name": "Wholegrain Wraps 8 pack",
    "imageUrl": "https://shop.coles.com.au/wcsstore/Coles-CAS/images/7/8/6/7863480-th.jpg",
    "categories": ["back-to-school"],
    "tags": ["lunchbox-fillers", "bread-rolls-wraps"],
    "locations": {
      "vic": {
        "price": 5,
        "promoText": " ",
        "packageSize": "567g",
        "packagePrice": "$0.88 per 100G"
      }
    }
  },
  {
    "id": "helgas-wraps-wholegrain",
    "brand": "Helga's",
    "name": "Mixed Grain Wraps 8 pack",
    "imageUrl": "https://shop.coles.com.au/wcsstore/Coles-CAS/images/1/5/7/1576463-th.jpg",
    "categories": ["back-to-school"],
    "tags": ["lunchbox-fillers", "bread-rolls-wraps"],
    "locations": {
      "vic": {
        "price": 4,
        "promoText": "$1.00 ",
        "packageSize": "560g",
        "packagePrice": "$0.71 per 100G"
      }
    }
  },
  {
    "id": "abbotts-village-bakery-bread-harvest-seeds-grains",
    "brand": "Abbott's Village Bakery",
    "name": "Harvest Seeds & Grains Bread",
    "imageUrl": "https://shop.coles.com.au/wcsstore/Coles-CAS/images/7/5/3/7534885-th.jpg",
    "categories": ["back-to-school"],
    "tags": ["lunchbox-fillers", "bread-rolls-wraps"],
    "locations": {
      "vic": {
        "price": 3.8,
        "promoText": " ",
        "packageSize": "750g",
        "packagePrice": "$0.51 per 100G"
      }
    }
  },
  {
    "id": "coles-brioche-burger-bun-charcoal-2pk",
    "brand": "Coles Finest",
    "name": "By Laurent Charcoal Brioche Burger Buns",
    "imageUrl": "https://shop.coles.com.au/wcsstore/Coles-CAS/images/3/0/9/3092286-th.jpg",
    "categories": ["back-to-school"],
    "tags": ["lunchbox-fillers", "bread-rolls-wraps"],
    "locations": {
      "vic": {
        "price": 2.7,
        "promoText": " ",
        "packageSize": "2 Pack",
        "packagePrice": "$1.35 per 1Ea"
      }
    }
  },
  {
    "id": "tip-top-bread-9-grain-original-9201680p",
    "brand": "Tip Top",
    "name": "9 Grain Original Bread",
    "imageUrl": "https://shop.coles.com.au/wcsstore/Coles-CAS/images/9/2/0/9201680-th.jpg",
    "categories": ["back-to-school"],
    "tags": ["lunchbox-fillers", "bread-rolls-wraps"],
    "locations": {
      "vic": {
        "price": 3.4,
        "promoText": " ",
        "packageSize": "700g",
        "packagePrice": "$0.49 per 100G"
      }
    }
  },
  {
    "id": "coles-smart-buy-rolls-hamburger",
    "brand": "Coles",
    "name": "Hamburger Rolls",
    "imageUrl": "https://shop.coles.com.au/wcsstore/Coles-CAS/images/5/6/9/5696751-th.jpg",
    "categories": ["back-to-school"],
    "tags": ["lunchbox-fillers", "bread-rolls-wraps"],
    "locations": {
      "vic": {
        "price": 2.5,
        "promoText": " ",
        "packageSize": "6 pack",
        "packagePrice": "$0.42 per 1Ea"
      }
    }
  },
  {
    "id": "coles-brioche-burger-bun-plain-seeded",
    "brand": "Coles Finest",
    "name": "By Laurent Traditional Brioche Burger Buns",
    "imageUrl": "https://shop.coles.com.au/wcsstore/Coles-CAS/images/3/3/2/3326161-th.jpg",
    "categories": ["back-to-school"],
    "tags": ["lunchbox-fillers", "bread-rolls-wraps"],
    "locations": {
      "vic": {
        "price": 2.7,
        "promoText": " ",
        "packageSize": "2 pack",
        "packagePrice": "$1.35 per 1Ea"
      }
    }
  },
  {
    "id": "helgas-gluten-free-wholemeal",
    "brand": "Helga's",
    "name": "Gluten Free Traditional Wholemeal Bread",
    "imageUrl": "https://shop.coles.com.au/wcsstore/Coles-CAS/images/3/2/3/3237957-th.jpg",
    "categories": ["back-to-school"],
    "tags": ["lunchbox-fillers", "bread-rolls-wraps"],
    "locations": {
      "vic": {
        "price": 7,
        "promoText": " ",
        "packageSize": "500g",
        "packagePrice": "$1.40 per 100G"
      }
    }
  },
  {
    "id": "helgas-wraps-wholemeal",
    "brand": "Helga's",
    "name": "Traditional Wholemeal Large Wraps 8 pack",
    "imageUrl": "https://shop.coles.com.au/wcsstore/Coles-CAS/images/3/3/0/3308410-th.jpg",
    "categories": ["back-to-school"],
    "tags": ["lunchbox-fillers", "bread-rolls-wraps"],
    "locations": {
      "vic": {
        "price": 4,
        "promoText": "$1.00 ",
        "packageSize": "560g",
        "packagePrice": "$0.71 per 100G"
      }
    }
  },
  {
    "id": "wonder-wraps-wraps-hi-fibre-plus-6-pack",
    "brand": "Wonder White",
    "name": "Hi Fibre Soft Wraps 6 pack",
    "imageUrl": "https://shop.coles.com.au/wcsstore/Coles-CAS/images/1/7/0/1704600-th.jpg",
    "categories": ["back-to-school"],
    "tags": ["lunchbox-fillers", "bread-rolls-wraps"],
    "locations": {
      "vic": {
        "price": 4,
        "promoText": " ",
        "packageSize": "312g",
        "packagePrice": "$1.28 per 100G"
      }
    }
  },
  {
    "id": "mission-wraps-mini-wholewheat",
    "brand": "Mission",
    "name": "Whole Wheat Mini Wraps 8 pack",
    "imageUrl": "https://shop.coles.com.au/wcsstore/Coles-CAS/images/7/8/6/7863606-th.jpg",
    "categories": ["back-to-school"],
    "tags": ["lunchbox-fillers", "bread-rolls-wraps"],
    "locations": {
      "vic": {
        "price": 4,
        "promoText": "$1.00 ",
        "packageSize": "384g",
        "packagePrice": "$1.04 per 100G"
      }
    }
  },
  {
    "id": "coles-simply-gluten-free-pizza-bases",
    "brand": "Coles",
    "name": "Gluten Free Pizza Bases 2 pack",
    "imageUrl": "https://shop.coles.com.au/wcsstore/Coles-CAS/images/1/5/9/1595548-th.jpg",
    "categories": ["back-to-school"],
    "tags": ["lunchbox-fillers", "bread-rolls-wraps"],
    "locations": {
      "vic": {
        "price": 5.5,
        "promoText": " ",
        "packageSize": "300g",
        "packagePrice": "$1.83 per 100G"
      }
    }
  },
  {
    "id": "helgas-bread-continental-bakehouse-soy-linseed",
    "brand": "Helga's",
    "name": "Soy Linseed Bread",
    "imageUrl": "https://shop.coles.com.au/wcsstore/Coles-CAS/images/6/9/1/6913695-th.jpg",
    "categories": ["back-to-school"],
    "tags": ["lunchbox-fillers", "bread-rolls-wraps"],
    "locations": {
      "vic": {
        "price": 3.9,
        "promoText": " ",
        "packageSize": "850g",
        "packagePrice": "$0.46 per 100G"
      }
    }
  },
  {
    "id": "tip-top-bread-the-one-wholemeal-sandwich",
    "brand": "Tip Top",
    "name": "The One Wholemeal Sandwich Bread",
    "imageUrl": "https://shop.coles.com.au/wcsstore/Coles-CAS/images/1/1/3/1139480-th.jpg",
    "categories": ["back-to-school"],
    "tags": ["lunchbox-fillers", "bread-rolls-wraps"],
    "locations": {
      "vic": {
        "price": 3.4,
        "promoText": " ",
        "packageSize": "700g",
        "packagePrice": "$0.49 per 100G"
      }
    }
  },
  {
    "id": "abbotts-village-bakery-gluten-free-mixed-seeds",
    "brand": "Abbott's Village Bakery",
    "name": "Gluten Free Mixed Seeds bread",
    "imageUrl": "https://shop.coles.com.au/wcsstore/Coles-CAS/images/2/8/3/2834225-th.jpg",
    "categories": ["back-to-school"],
    "tags": ["lunchbox-fillers", "bread-rolls-wraps"],
    "locations": {
      "vic": {
        "price": 6,
        "promoText": "$1.00 ",
        "packageSize": "500g",
        "packagePrice": "$1.20 per 100G"
      }
    }
  },
  {
    "id": "burgen-bread-wholegrain-oats-7482271p",
    "brand": "Burgen",
    "name": "Wholegrain & Oats Bread",
    "imageUrl": "https://shop.coles.com.au/wcsstore/Coles-CAS/images/7/4/8/7482271-th.jpg",
    "categories": ["back-to-school"],
    "tags": ["lunchbox-fillers", "bread-rolls-wraps"],
    "locations": {
      "vic": {
        "price": 5,
        "promoText": " ",
        "packageSize": "700g",
        "packagePrice": "$0.71 per 100G"
      }
    }
  },
  {
    "id": "helgas-white-bread-10-grains-seeds-750g",
    "brand": "Helga's",
    "name": "10 Grains & Seeds Square Bread Loaf",
    "imageUrl": "https://shop.coles.com.au/wcsstore/Coles-CAS/images/3/1/8/3180420-th.jpg",
    "categories": ["back-to-school"],
    "tags": ["lunchbox-fillers", "bread-rolls-wraps"],
    "locations": {
      "vic": {
        "price": 3.9,
        "promoText": " ",
        "packageSize": "750g",
        "packagePrice": "$0.52 per 100G"
      }
    }
  },
  {
    "id": "mission-wraps-low-carb-6-pack",
    "brand": "Mission",
    "name": "Low Carb Wraps 6 pack",
    "imageUrl": "https://shop.coles.com.au/wcsstore/Coles-CAS/images/3/3/1/3313727-th.jpg",
    "categories": ["back-to-school"],
    "tags": ["lunchbox-fillers", "bread-rolls-wraps"],
    "locations": {
      "vic": {
        "price": 4,
        "promoText": "$1.00 ",
        "packageSize": "288g",
        "packagePrice": "$1.39 per 100G"
      }
    }
  },
  {
    "id": "tip-top-bread-rolls-hamburger-white",
    "brand": "Tip Top",
    "name": "White Hamburger Rolls",
    "imageUrl": "https://shop.coles.com.au/wcsstore/Coles-CAS/images/7/0/5/7057276-th.jpg",
    "categories": ["back-to-school"],
    "tags": ["lunchbox-fillers", "bread-rolls-wraps"],
    "locations": {
      "vic": {
        "price": 4,
        "promoText": " ",
        "packageSize": "6 pack",
        "packagePrice": "$0.67 per 1Ea"
      }
    }
  },
  {
    "id": "van-der-meulen-bread-pumpernickel",
    "brand": "Van Der Meulen",
    "name": "Pumpernickel Bread",
    "imageUrl": "https://shop.coles.com.au/wcsstore/Coles-CAS/images/5/5/0/5505106-th.jpg",
    "categories": ["back-to-school"],
    "tags": ["lunchbox-fillers", "bread-rolls-wraps"],
    "locations": {
      "vic": {
        "price": 2.4,
        "promoText": " ",
        "packageSize": "500g",
        "packagePrice": "$0.48 per 100G"
      }
    }
  },
  {
    "id": "coles-gluten-free-white-loaf",
    "brand": "Coles",
    "name": "Gluten Free White Bread",
    "imageUrl": "https://shop.coles.com.au/wcsstore/Coles-CAS/images/3/2/1/3216673-th.jpg",
    "categories": ["back-to-school"],
    "tags": ["lunchbox-fillers", "bread-rolls-wraps"],
    "locations": {
      "vic": {
        "price": 4.5,
        "promoText": " ",
        "packageSize": "500g",
        "packagePrice": "$0.90 per 100G"
      }
    }
  },
  {
    "id": "helgas-wraps-white",
    "brand": "Helga's",
    "name": "Traditional White Wraps 8 pack",
    "imageUrl": "https://shop.coles.com.au/wcsstore/Coles-CAS/images/1/5/7/1576474-th.jpg",
    "categories": ["back-to-school"],
    "tags": ["lunchbox-fillers", "bread-rolls-wraps"],
    "locations": {
      "vic": {
        "price": 4,
        "promoText": "$1.00 ",
        "packageSize": "560g",
        "packagePrice": "$0.71 per 100G"
      }
    }
  },
  {
    "id": "helgas-continental-bakehouse-lower-carb-wholemeal-seed-bread",
    "brand": "Helga's",
    "name": "Low Carb Wholemeal & Seed Bread",
    "imageUrl": "https://shop.coles.com.au/wcsstore/Coles-CAS/images/2/2/7/2270425-th.jpg",
    "categories": ["back-to-school"],
    "tags": ["lunchbox-fillers", "bread-rolls-wraps"],
    "locations": {
      "vic": {
        "price": 4.2,
        "promoText": " ",
        "packageSize": "700g",
        "packagePrice": "$0.60 per 100G"
      }
    }
  },
  {
    "id": "tip-top-wholemeal-breakfast-fruit-toast-bread",
    "brand": "Tip Top",
    "name": "Wholemeal Raisin Toast Bread",
    "imageUrl": "https://shop.coles.com.au/wcsstore/Coles-CAS/images/1/7/9/1794180-th.jpg",
    "categories": ["back-to-school"],
    "tags": ["lunchbox-fillers", "bread-rolls-wraps"],
    "locations": {
      "vic": {
        "price": 3,
        "promoText": " ",
        "packageSize": "600g",
        "packagePrice": "$0.50 per 100G"
      }
    }
  },
  {
    "id": "coles-smart-buy-rolls-hot-dog",
    "brand": "Coles",
    "name": "Hot Dog Rolls",
    "imageUrl": "https://shop.coles.com.au/wcsstore/Coles-CAS/images/5/6/9/5696762-th.jpg",
    "categories": ["back-to-school"],
    "tags": ["lunchbox-fillers", "bread-rolls-wraps"],
    "locations": {
      "vic": {
        "price": 2.5,
        "promoText": " ",
        "packageSize": "6 pack",
        "packagePrice": "$0.42 per 1Ea"
      }
    }
  },
  {
    "id": "coles-gluten-free-5-seed-loaf",
    "brand": "Coles",
    "name": "Gluten Free Five Seed Bread",
    "imageUrl": "https://shop.coles.com.au/wcsstore/Coles-CAS/images/3/2/1/3216695-th.jpg",
    "categories": ["back-to-school"],
    "tags": ["lunchbox-fillers", "bread-rolls-wraps"],
    "locations": {
      "vic": {
        "price": 4.5,
        "promoText": " ",
        "packageSize": "500g",
        "packagePrice": "$0.90 per 100G"
      }
    }
  },
  {
    "id": "helgas-continental-bakehouse-lower-carb-5-seed-bread-loaf",
    "brand": "Helga's",
    "name": "Low Carb 5 Seeds Bread Loaf",
    "imageUrl": "https://shop.coles.com.au/wcsstore/Coles-CAS/images/1/8/4/1847163-th.jpg",
    "categories": ["back-to-school"],
    "tags": ["lunchbox-fillers", "bread-rolls-wraps"],
    "locations": {
      "vic": {
        "price": 4.2,
        "promoText": " ",
        "packageSize": "700g",
        "packagePrice": "$0.60 per 100G"
      }
    }
  },
  {
    "id": "helgas-continental-bakehouse-lower-carb-wholemeal-wraps",
    "brand": "Helga's",
    "name": "Low Carb Wholemeal Wraps 5 pack",
    "imageUrl": "https://shop.coles.com.au/wcsstore/Coles-CAS/images/2/7/3/2738232-th.jpg",
    "categories": ["back-to-school"],
    "tags": ["lunchbox-fillers", "bread-rolls-wraps"],
    "locations": {
      "vic": {
        "price": 4,
        "promoText": "$1.00 ",
        "packageSize": "250g",
        "packagePrice": "$1.60 per 100G"
      }
    }
  },
  {
    "id": "mission-wraps-spinach-herb-8-pack",
    "brand": "Mission",
    "name": "Spinach & Herb Wraps 8 pack",
    "imageUrl": "https://shop.coles.com.au/wcsstore/Coles-CAS/images/7/6/2/7620921-th.jpg",
    "categories": ["back-to-school"],
    "tags": ["lunchbox-fillers", "bread-rolls-wraps"],
    "locations": {
      "vic": {
        "price": 5,
        "promoText": " ",
        "packageSize": "567g",
        "packagePrice": "$0.88 per 100G"
      }
    }
  },
  {
    "id": "abbotts-village-bakery-gluten-free-rustic-white",
    "brand": "Abbott's Village Bakery",
    "name": "Gluten Free Rustic White Bread",
    "imageUrl": "https://shop.coles.com.au/wcsstore/Coles-CAS/images/3/2/1/3216913-th.jpg",
    "categories": ["back-to-school"],
    "tags": ["lunchbox-fillers", "bread-rolls-wraps"],
    "locations": {
      "vic": {
        "price": 6,
        "promoText": "$1.00 ",
        "packageSize": "500g",
        "packagePrice": "$1.20 per 100G"
      }
    }
  },
  {
    "id": "mission-ss-reduced-sodium-wraps-10",
    "brand": "Mission",
    "name": "Salt Reduced Wraps 8 pack",
    "imageUrl": "https://shop.coles.com.au/wcsstore/Coles-CAS/images/3/6/3/3639597-th.jpg",
    "categories": ["back-to-school"],
    "tags": ["lunchbox-fillers", "bread-rolls-wraps"],
    "locations": {
      "vic": {
        "price": 5,
        "promoText": " ",
        "packageSize": "567g",
        "packagePrice": "$0.88 per 100G"
      }
    }
  },
  {
    "id": "tip-top-bread-9-grain-wholemeal",
    "brand": "Tip Top",
    "name": "9 Grain Wholemeal Bread",
    "imageUrl": "https://shop.coles.com.au/wcsstore/Coles-CAS/images/6/0/1/6010561-th.jpg",
    "categories": ["back-to-school"],
    "tags": ["lunchbox-fillers", "bread-rolls-wraps"],
    "locations": {
      "vic": {
        "price": 3.4,
        "promoText": " ",
        "packageSize": "750g",
        "packagePrice": "$0.45 per 100G"
      }
    }
  },
  {
    "id": "tip-top-bread-sunblest-wholemeal-sandwich-9395101p",
    "brand": "Tip Top",
    "name": "Sunblest Wholemeal Sandwich Bread",
    "imageUrl": "https://shop.coles.com.au/wcsstore/Coles-CAS/images/9/3/9/9395101-th.jpg",
    "categories": ["back-to-school"],
    "tags": ["lunchbox-fillers", "bread-rolls-wraps"],
    "locations": {
      "vic": {
        "price": 3,
        "promoText": " ",
        "packageSize": "650g",
        "packagePrice": "$0.46 per 100G"
      }
    }
  },
  {
    "id": "abbotts-village-bakery-bread-wholemeal-farmhouse",
    "brand": "Abbott's Village Bakery",
    "name": "Farmhouse Wholemeal Bread",
    "imageUrl": "https://shop.coles.com.au/wcsstore/Coles-CAS/images/7/2/2/7226034-th.jpg",
    "categories": ["back-to-school"],
    "tags": ["lunchbox-fillers", "bread-rolls-wraps"],
    "locations": {
      "vic": {
        "price": 3.8,
        "promoText": " ",
        "packageSize": "750g",
        "packagePrice": "$0.51 per 100G"
      }
    }
  },
  {
    "id": "abbotts-sensations-pumpkin-suflower-seed",
    "brand": "Abbott's Village Bakery",
    "name": "Sensations Pumpkin & Sunflower Seeds Bread",
    "imageUrl": "https://shop.coles.com.au/wcsstore/Coles-CAS/images/3/2/3/3235055-th.jpg",
    "categories": ["back-to-school"],
    "tags": ["lunchbox-fillers", "bread-rolls-wraps"],
    "locations": {
      "vic": {
        "price": 4.3,
        "promoText": " ",
        "packageSize": "750g",
        "packagePrice": "$0.57 per 100G"
      }
    }
  },
  {
    "id": "-8104382p",
    "brand": "Coles",
    "name": "High Fibre White Toast Bread",
    "imageUrl": "https://shop.coles.com.au/wcsstore/Coles-CAS/images/8/1/0/8104382-th.jpg",
    "categories": ["back-to-school"],
    "tags": ["lunchbox-fillers", "bread-rolls-wraps"],
    "locations": {
      "vic": {
        "price": 2.3,
        "promoText": " ",
        "packageSize": "700g",
        "packagePrice": "$0.33 per 100G"
      }
    }
  },
  {
    "id": "coles-brioche-slider-bun-8pk",
    "brand": "Coles Bakery",
    "name": "Brioche Slider Bun 8 Pack",
    "imageUrl": "https://shop.coles.com.au/wcsstore/Coles-CAS/images/3/5/7/3572306-th.jpg",
    "categories": ["back-to-school"],
    "tags": ["lunchbox-fillers", "bread-rolls-wraps"],
    "locations": {
      "vic": {
        "price": 2.7,
        "promoText": " ",
        "packageSize": "190g",
        "packagePrice": "$1.42 per 100G"
      }
    }
  },
  {
    "id": "helgas-gluten-freee-soy-linseed",
    "brand": "Helga's",
    "name": "Gluten Free Soy & Linseed Bread",
    "imageUrl": "https://shop.coles.com.au/wcsstore/Coles-CAS/images/3/2/3/3237935-th.jpg",
    "categories": ["back-to-school"],
    "tags": ["lunchbox-fillers", "bread-rolls-wraps"],
    "locations": {
      "vic": {
        "price": 7,
        "promoText": " ",
        "packageSize": "500g",
        "packagePrice": "$1.40 per 100G"
      }
    }
  },
  {
    "id": "helgas-olive-oil-herb",
    "brand": "Helga's",
    "name": "Olive Oil & Herb Bread",
    "imageUrl": "https://shop.coles.com.au/wcsstore/Coles-CAS/images/3/5/5/3558236-th.jpg",
    "categories": ["back-to-school"],
    "tags": ["lunchbox-fillers", "bread-rolls-wraps"],
    "locations": {
      "vic": {
        "price": 3.9,
        "promoText": " ",
        "packageSize": "650g",
        "packagePrice": "$0.60 per 100G"
      }
    }
  },
  {
    "id": "helgas-sourdough-wraps-7-pack",
    "brand": "Helga's",
    "name": "Sourdough Large Wraps 7 pack",
    "imageUrl": "https://shop.coles.com.au/wcsstore/Coles-CAS/images/3/5/6/3566631-th.jpg",
    "categories": ["back-to-school"],
    "tags": ["lunchbox-fillers", "bread-rolls-wraps"],
    "locations": {
      "vic": {
        "price": 4,
        "promoText": "$1.00 ",
        "packageSize": "490g",
        "packagePrice": "$0.82 per 100G"
      }
    }
  },
  {
    "id": "mission-wrap-lite",
    "brand": "Mission",
    "name": "Lite Wrap 8 pack",
    "imageUrl": "https://shop.coles.com.au/wcsstore/Coles-CAS/images/8/6/3/8636359-th.jpg",
    "categories": ["back-to-school"],
    "tags": ["lunchbox-fillers", "bread-rolls-wraps"],
    "locations": {
      "vic": {
        "price": 5,
        "promoText": " ",
        "packageSize": "567g",
        "packagePrice": "$0.88 per 100G"
      }
    }
  },
  {
    "id": "mission-organic-wrap-wholemeal-8",
    "brand": "Mission",
    "name": "Organic Wholemeal Wraps 5 Pack",
    "imageUrl": "https://shop.coles.com.au/wcsstore/Coles-CAS/images/3/6/3/3639633-th.jpg",
    "categories": ["back-to-school"],
    "tags": ["lunchbox-fillers", "bread-rolls-wraps"],
    "locations": {
      "vic": {
        "price": 5,
        "promoText": " ",
        "packageSize": "240g",
        "packagePrice": "$2.08 per 100G"
      }
    }
  },
  {
    "id": "taylors-bread-wholemeal",
    "brand": "Taylor's",
    "name": "Wholemeal Bread",
    "imageUrl": "https://shop.coles.com.au/wcsstore/Coles-CAS/images/4/5/7/457301-th.jpg",
    "categories": ["back-to-school"],
    "tags": ["lunchbox-fillers", "bread-rolls-wraps"],
    "locations": {
      "vic": {
        "price": 5.85,
        "promoText": " ",
        "packageSize": "900g",
        "packagePrice": "$0.65 per 100G"
      }
    }
  },
  {
    "id": "tip-top-the-one-mixed-grains",
    "brand": "Tip Top",
    "name": "The One Kids Grains Bread",
    "imageUrl": "https://shop.coles.com.au/wcsstore/Coles-CAS/images/2/9/0/2901617-th.jpg",
    "categories": ["back-to-school"],
    "tags": ["lunchbox-fillers", "bread-rolls-wraps"],
    "locations": {
      "vic": {
        "price": 3.4,
        "promoText": " ",
        "packageSize": "700g",
        "packagePrice": "$0.49 per 100G"
      }
    }
  },
  {
    "id": "helgas-wraps-spinach-garden-herb",
    "brand": "Helga's",
    "name": "Spinach & Herb Large Wraps 7 pack",
    "imageUrl": "https://shop.coles.com.au/wcsstore/Coles-CAS/images/3/3/0/3308512-th.jpg",
    "categories": ["back-to-school"],
    "tags": ["lunchbox-fillers", "bread-rolls-wraps"],
    "locations": {
      "vic": {
        "price": 4,
        "promoText": "$1.00 ",
        "packageSize": "490g",
        "packagePrice": "$0.82 per 100G"
      }
    }
  },
  {
    "id": "mission-wraps-low-gi-wholemeal-6-pack",
    "brand": "Mission",
    "name": "Low GI Wraps 6 Pack",
    "imageUrl": "https://shop.coles.com.au/wcsstore/Coles-CAS/images/3/3/1/3313760-th.jpg",
    "categories": ["back-to-school"],
    "tags": ["lunchbox-fillers", "bread-rolls-wraps"],
    "locations": {
      "vic": {
        "price": 5,
        "promoText": " ",
        "packageSize": "425g",
        "packagePrice": "$1.18 per 100G"
      }
    }
  },
  {
    "id": "simsons-panrty-wraps-thai-chilli-lime-8-pack",
    "brand": "Simson's Pantry",
    "name": "Lime & Chilli Large Wraps 8 pack",
    "imageUrl": "https://shop.coles.com.au/wcsstore/Coles-CAS/images/3/2/0/3207570-th.jpg",
    "categories": ["back-to-school"],
    "tags": ["lunchbox-fillers", "bread-rolls-wraps"],
    "locations": {
      "vic": {
        "price": 4.2,
        "promoText": " ",
        "packageSize": "560g",
        "packagePrice": "$0.75 per 100G"
      }
    }
  },
  {
    "id": "coles-soft-white-sandwich-3627328p",
    "brand": "Coles",
    "name": "Soft White Sandwich",
    "imageUrl": "https://shop.coles.com.au/wcsstore/ColesResponsiveStorefrontAssetStore/dist/ccfc54aed6e361b650bcf0582f7b576b/img/img_product-placeholder.png",
    "categories": ["back-to-school"],
    "tags": ["lunchbox-fillers", "bread-rolls-wraps"],
    "locations": {
      "vic": {
        "price": 1.6,
        "promoText": " ",
        "packageSize": "650g",
        "packagePrice": "$0.25 per 100G"
      }
    }
  },
  {
    "id": "country-life-bread-low-gi-gluten-free",
    "brand": "Country Life",
    "name": "Gluten Free Low GI Bread",
    "imageUrl": "https://shop.coles.com.au/wcsstore/Coles-CAS/images/9/9/7/9970731-th.jpg",
    "categories": ["back-to-school"],
    "tags": ["lunchbox-fillers", "bread-rolls-wraps"],
    "locations": {
      "vic": {
        "price": 6.7,
        "promoText": " ",
        "packageSize": "580g",
        "packagePrice": "$1.16 per 100G"
      }
    }
  },
  {
    "id": "country-life-gluten-free-white",
    "brand": "Country Life",
    "name": "Gluten Free White Bread",
    "imageUrl": "https://shop.coles.com.au/wcsstore/Coles-CAS/images/3/2/3/3237979-th.jpg",
    "categories": ["back-to-school"],
    "tags": ["lunchbox-fillers", "bread-rolls-wraps"],
    "locations": {
      "vic": {
        "price": 6,
        "promoText": " ",
        "packageSize": "400g",
        "packagePrice": "$1.50 per 100G"
      }
    }
  },
  {
    "id": "helgas-continental-bakehouse-lower-carb-soy-toasted-sesame-bread-loaf",
    "brand": "Helga's",
    "name": "Low Carb Soy & Toasted Sesame Bread Loaf",
    "imageUrl": "https://shop.coles.com.au/wcsstore/Coles-CAS/images/1/8/4/1847425-th.jpg",
    "categories": ["back-to-school"],
    "tags": ["lunchbox-fillers", "bread-rolls-wraps"],
    "locations": {
      "vic": {
        "price": 4.2,
        "promoText": " ",
        "packageSize": "700g",
        "packagePrice": "$0.60 per 100G"
      }
    }
  },
  {
    "id": "helgas-white-gluten-freee",
    "brand": "Helga's",
    "name": "Gluten Free White Bread Slices",
    "imageUrl": "https://shop.coles.com.au/wcsstore/Coles-CAS/images/3/2/3/3237913-th.jpg",
    "categories": ["back-to-school"],
    "tags": ["lunchbox-fillers", "bread-rolls-wraps"],
    "locations": {
      "vic": {
        "price": 7,
        "promoText": " ",
        "packageSize": "470g",
        "packagePrice": "$1.49 per 100G"
      }
    }
  },
  {
    "id": "simsons-pantry--premium-white-wraps-8pack",
    "brand": "Simson's Pantry",
    "name": "Premium White Large Wraps 8 pack",
    "imageUrl": "https://shop.coles.com.au/wcsstore/Coles-CAS/images/2/8/1/2815606-th.jpg",
    "categories": ["back-to-school"],
    "tags": ["lunchbox-fillers", "bread-rolls-wraps"],
    "locations": {
      "vic": {
        "price": 4.2,
        "promoText": " ",
        "packageSize": "560g",
        "packagePrice": "$0.75 per 100G"
      }
    }
  },
  {
    "id": "helgas-gluten-freee-5-seed",
    "brand": "Helga's",
    "name": "Gluten Free 5 Seeds Bread",
    "imageUrl": "https://shop.coles.com.au/wcsstore/Coles-CAS/images/3/2/3/3237946-th.jpg",
    "categories": ["back-to-school"],
    "tags": ["lunchbox-fillers", "bread-rolls-wraps"],
    "locations": {
      "vic": {
        "price": 7,
        "promoText": " ",
        "packageSize": "500g",
        "packagePrice": "$1.40 per 100G"
      }
    }
  },
  {
    "id": "meb-fresh-white-wraps-",
    "brand": "MEB",
    "name": "Fresh White Wraps",
    "imageUrl": "https://shop.coles.com.au/wcsstore/Coles-CAS/images/3/6/5/3657180-th.jpg",
    "categories": ["back-to-school"],
    "tags": ["lunchbox-fillers", "bread-rolls-wraps"],
    "locations": {
      "vic": {
        "price": 3,
        "promoText": " ",
        "packageSize": "250g",
        "packagePrice": "$1.20 per 100G"
      }
    }
  },
  {
    "id": "mission-wraps-zesty-garlic-herb-8-pack",
    "brand": "Mission",
    "name": "Roasted Garlic Wraps 8 pack",
    "imageUrl": "https://shop.coles.com.au/wcsstore/Coles-CAS/images/6/9/5/6955673-th.jpg",
    "categories": ["back-to-school"],
    "tags": ["lunchbox-fillers", "bread-rolls-wraps"],
    "locations": {
      "vic": {
        "price": 5,
        "promoText": " ",
        "packageSize": "567g",
        "packagePrice": "$0.88 per 100G"
      }
    }
  },
  {
    "id": "vitality-bakehouse-loaf-ryegrid-sourdough",
    "brand": "Vitality",
    "name": "Ryegrid Sourdough",
    "imageUrl": "https://shop.coles.com.au/wcsstore/ColesResponsiveStorefrontAssetStore/dist/ccfc54aed6e361b650bcf0582f7b576b/img/img_product-placeholder.png",
    "categories": ["back-to-school"],
    "tags": ["lunchbox-fillers", "bread-rolls-wraps"],
    "locations": {
      "vic": {
        "price": 5.5,
        "promoText": " ",
        "packageSize": "700g",
        "packagePrice": "$0.79 per 100G"
      }
    }
  },
  {
    "id": "genius-gluten-free-wraps",
    "brand": "Genius",
    "name": "Gluten Free Wraps",
    "imageUrl": "https://shop.coles.com.au/wcsstore/Coles-CAS/images/3/6/2/3627306-th.jpg",
    "categories": ["back-to-school"],
    "tags": ["lunchbox-fillers", "bread-rolls-wraps"],
    "locations": {
      "vic": {
        "price": 6,
        "promoText": " ",
        "packageSize": "4 pack",
        "packagePrice": "$1.50 per 1Ea"
      }
    }
  },
  {
    "id": "helgas-gluten-free-mixed-grain",
    "brand": "Helga's",
    "name": "Gluten Free Mixed Grain Bread",
    "imageUrl": "https://shop.coles.com.au/wcsstore/Coles-CAS/images/3/2/3/3237968-th.jpg",
    "categories": ["back-to-school"],
    "tags": ["lunchbox-fillers", "bread-rolls-wraps"],
    "locations": {
      "vic": {
        "price": 7,
        "promoText": " ",
        "packageSize": "500g",
        "packagePrice": "$1.40 per 100G"
      }
    }
  },
  {
    "id": "mission-protein-wholemeal-wraps-8",
    "brand": "Mission",
    "name": "Wholemeal Protein Wraps 6 pack",
    "imageUrl": "https://shop.coles.com.au/wcsstore/Coles-CAS/images/3/6/3/3639586-th.jpg",
    "categories": ["back-to-school"],
    "tags": ["lunchbox-fillers", "bread-rolls-wraps"],
    "locations": {
      "vic": {
        "price": 4,
        "promoText": "$1.00 ",
        "packageSize": "288g",
        "packagePrice": "$1.39 per 100G"
      }
    }
  },
  {
    "id": "simsons-pantry-wholegrain-super-barley-5pk",
    "brand": "Simson's Pantry",
    "name": "Wholegrain Super Barley 5 pack",
    "imageUrl": "https://shop.coles.com.au/wcsstore/Coles-CAS/images/3/6/6/3665520-th.jpg",
    "categories": ["back-to-school"],
    "tags": ["lunchbox-fillers", "bread-rolls-wraps"],
    "locations": {
      "vic": {
        "price": 5,
        "promoText": " ",
        "packageSize": "225g",
        "packagePrice": "$2.22 per 100G"
      }
    }
  },
  {
    "id": "tip-top-bread-9-grain-plus-pumpkin-seed",
    "brand": "Tip Top",
    "name": "9 Grain Bread Pumpkin Seeds",
    "imageUrl": "https://shop.coles.com.au/wcsstore/Coles-CAS/images/4/8/6/4865955-th.jpg",
    "categories": ["back-to-school"],
    "tags": ["lunchbox-fillers", "bread-rolls-wraps"],
    "locations": {
      "vic": {
        "price": 3.4,
        "promoText": " ",
        "packageSize": "700g",
        "packagePrice": "$0.49 per 100G"
      }
    }
  },
  {
    "id": "helgas-gluten-free-white-rolls",
    "brand": "Helga's",
    "name": "Gluten Free Traditional White Rolls 4 pack",
    "imageUrl": "https://shop.coles.com.au/wcsstore/Coles-CAS/images/3/2/3/3238053-th.jpg",
    "categories": ["back-to-school"],
    "tags": ["lunchbox-fillers", "bread-rolls-wraps"],
    "locations": {
      "vic": {
        "price": 7,
        "promoText": " ",
        "packageSize": "320g",
        "packagePrice": "$2.19 per 100G"
      }
    }
  },
  {
    "id": "vitality-bakehouse-loaf-wholemeal-spelt-chia",
    "brand": "Vitality",
    "name": "Spelt Wholemeal Chia",
    "imageUrl": "https://shop.coles.com.au/wcsstore/ColesResponsiveStorefrontAssetStore/dist/ccfc54aed6e361b650bcf0582f7b576b/img/img_product-placeholder.png",
    "categories": ["back-to-school"],
    "tags": ["lunchbox-fillers", "bread-rolls-wraps"],
    "locations": {
      "vic": {
        "price": 7,
        "promoText": " ",
        "packageSize": "580g",
        "packagePrice": "$1.21 per 100G"
      }
    }
  },
  {
    "id": "bega-cheese-stringers-12-pack",
    "brand": "Bega",
    "name": "Stringers Original Cheese 12 Pack",
    "imageUrl": "https://shop.coles.com.au/wcsstore/Coles-CAS/images/6/0/8/6081118-th.jpg",
    "categories": ["back-to-school"],
    "tags": ["lunchbox-fillers", "lunchbox-chese"],
    "locations": {
      "vic": {
        "price": 7.35,
        "promoText": " ",
        "packageSize": "240g",
        "packagePrice": "$3.06 per 100G"
      }
    }
  },
  {
    "id": "the-laughing-cow-cheese-snack-wedges",
    "brand": "The Laughing Cow",
    "name": "Cheese Spread",
    "imageUrl": "https://shop.coles.com.au/wcsstore/Coles-CAS/images/7/6/4/7646109-th.jpg",
    "categories": ["back-to-school"],
    "tags": ["lunchbox-fillers", "lunchbox-chese"],
    "locations": {
      "vic": {
        "price": 3.75,
        "promoText": " ",
        "packageSize": "128g",
        "packagePrice": "$29.30 per 1Kg"
      }
    }
  },
  {
    "id": "babybel-cheese-snack-mini",
    "brand": "Babybel",
    "name": "Mini Original Cheese 5 pack",
    "imageUrl": "https://shop.coles.com.au/wcsstore/Coles-CAS/images/6/1/6/6165014-th.jpg",
    "categories": ["back-to-school"],
    "tags": ["lunchbox-fillers", "lunchbox-chese"],
    "locations": {
      "vic": {
        "price": 3.8,
        "promoText": "$1.00 ",
        "packageSize": "100g",
        "packagePrice": "$3.80 per 100G"
      }
    }
  },
  {
    "id": "coles-australian-string-cheese",
    "brand": "Coles",
    "name": "Cheesey Peelers 8 Pack",
    "imageUrl": "https://shop.coles.com.au/wcsstore/Coles-CAS/images/1/9/2/1922713-th.jpg",
    "categories": ["back-to-school"],
    "tags": ["lunchbox-fillers", "lunchbox-chese"],
    "locations": {
      "vic": {
        "price": 3.9,
        "promoText": " ",
        "packageSize": "160g",
        "packagePrice": "$24.38 per 1Kg"
      }
    }
  },
  {
    "id": "bega-cheese-snack-tasty-sticks-8-pack",
    "brand": "Bega",
    "name": "Tasty Cheese Sticks 8 pack",
    "imageUrl": "https://shop.coles.com.au/wcsstore/Coles-CAS/images/7/8/8/7881754-th.jpg",
    "categories": ["back-to-school"],
    "tags": ["lunchbox-fillers", "lunchbox-chese"],
    "locations": {
      "vic": {
        "price": 5.5,
        "promoText": " ",
        "packageSize": "160g",
        "packagePrice": "$34.38 per 1Kg"
      }
    }
  },
  {
    "id": "bel-mini-cheese-babybel",
    "brand": "Babybel",
    "name": "Mini Original Cheese 10 Pack",
    "imageUrl": "https://shop.coles.com.au/wcsstore/Coles-CAS/images/6/1/6/6165047-th.jpg",
    "categories": ["back-to-school"],
    "tags": ["lunchbox-fillers", "lunchbox-chese"],
    "locations": {
      "vic": {
        "price": 8.5,
        "promoText": " ",
        "packageSize": "200g",
        "packagePrice": "$4.25 per 100G"
      }
    }
  },
  {
    "id": "bega-cheese-snack-stringers-8-pack",
    "brand": "Bega",
    "name": "Stringers Original Cheese 8 pack",
    "imageUrl": "https://shop.coles.com.au/wcsstore/Coles-CAS/images/7/3/2/7325863-th.jpg",
    "categories": ["back-to-school"],
    "tags": ["lunchbox-fillers", "lunchbox-chese"],
    "locations": {
      "vic": {
        "price": 5.5,
        "promoText": " ",
        "packageSize": "160g",
        "packagePrice": "$3.44 per 100G"
      }
    }
  },
  {
    "id": "babybel-cheese-snack-mini-light",
    "brand": "Babybel",
    "name": "Mini Light Cheese 5 pack",
    "imageUrl": "https://shop.coles.com.au/wcsstore/Coles-CAS/images/5/8/2/5829120-th.jpg",
    "categories": ["back-to-school"],
    "tags": ["lunchbox-fillers", "lunchbox-chese"],
    "locations": {
      "vic": {
        "price": 3.8,
        "promoText": "$1.00 ",
        "packageSize": "100g",
        "packagePrice": "$3.80 per 100G"
      }
    }
  },
  {
    "id": "kraft-cream-cheese-spread",
    "brand": "Bega",
    "name": "Cream Cheese Spread Original",
    "imageUrl": "https://shop.coles.com.au/wcsstore/Coles-CAS/images/1/7/4/1744739-th.jpg",
    "categories": ["back-to-school"],
    "tags": ["lunchbox-fillers", "lunchbox-chese"],
    "locations": {
      "vic": {
        "price": 6.5,
        "promoText": " ",
        "packageSize": "500g",
        "packagePrice": "$13.00 per 1Kg"
      }
    }
  },
  {
    "id": "coles-tasty-cheese-crackers-4-pack",
    "brand": "Coles",
    "name": "Tasty Cheese & Crackers 4 Pack",
    "imageUrl": "https://shop.coles.com.au/wcsstore/Coles-CAS/images/2/9/8/2989028-th.jpg",
    "categories": ["back-to-school"],
    "tags": ["lunchbox-fillers", "lunchbox-chese"],
    "locations": {
      "vic": {
        "price": 4,
        "promoText": " ",
        "packageSize": "120g",
        "packagePrice": ""
      }
    }
  },
  {
    "id": "kraft-cheestiks-12-pack",
    "brand": "Dairylea",
    "name": "Cheese Sticks 12 pack",
    "imageUrl": "https://shop.coles.com.au/wcsstore/Coles-CAS/images/5/8/8/5888912-th.jpg",
    "categories": ["back-to-school"],
    "tags": ["lunchbox-fillers", "lunchbox-chese"],
    "locations": {
      "vic": {
        "price": 5.55,
        "promoText": " ",
        "packageSize": "240g",
        "packagePrice": "$23.13 per 1Kg"
      }
    }
  },
  {
    "id": "coon-cheese-slices-tasty-light-12-pack",
    "brand": "Coon",
    "name": "Light 'N Tasty Cheese Slices 12 pack",
    "imageUrl": "https://shop.coles.com.au/wcsstore/Coles-CAS/images/5/1/7/5174053-th.jpg",
    "categories": ["back-to-school"],
    "tags": ["lunchbox-fillers", "lunchbox-chese"],
    "locations": {
      "vic": {
        "price": 4.6,
        "promoText": "$1.40 ",
        "packageSize": "250g",
        "packagePrice": "$18.40 per 1Kg"
      }
    }
  },
  {
    "id": "bel-dairy-cheese-snack-dippers-4-pack",
    "brand": "The Laughing Cow",
    "name": "Creamy Cheese Dip And Crunchy Breadsticks 4 pack",
    "imageUrl": "https://shop.coles.com.au/wcsstore/Coles-CAS/images/8/1/3/8139809-th.jpg",
    "categories": ["back-to-school"],
    "tags": ["lunchbox-fillers", "lunchbox-chese"],
    "locations": {
      "vic": {
        "price": 4.5,
        "promoText": " ",
        "packageSize": "140g",
        "packagePrice": ""
      }
    }
  },
  {
    "id": "bega-cheese-block-tasty-bar-b-cubes",
    "brand": "Bega",
    "name": "Bar-B-Cubes Tasty Cheese",
    "imageUrl": "https://shop.coles.com.au/wcsstore/Coles-CAS/images/4/6/7/467189-th.jpg",
    "categories": ["back-to-school"],
    "tags": ["lunchbox-fillers", "lunchbox-chese"],
    "locations": {
      "vic": {
        "price": 8,
        "promoText": " ",
        "packageSize": "500g",
        "packagePrice": "$16.00 per 1Kg"
      }
    }
  },
  {
    "id": "kraft-original-cream-cheese-spread",
    "brand": "Bega",
    "name": "Original Cream Cheese Spread",
    "imageUrl": "https://shop.coles.com.au/wcsstore/Coles-CAS/images/1/7/4/1744852-th.jpg",
    "categories": ["back-to-school"],
    "tags": ["lunchbox-fillers", "lunchbox-chese"],
    "locations": {
      "vic": {
        "price": 3.8,
        "promoText": " ",
        "packageSize": "250g",
        "packagePrice": "$15.20 per 1Kg"
      }
    }
  },
  {
    "id": "bel-cheese-laughing-cow",
    "brand": "Bel",
    "name": "The Laughing Cow Cheese Portions Original",
    "imageUrl": "https://shop.coles.com.au/wcsstore/Coles-CAS/images/8/5/4/8546642-th.jpg",
    "categories": ["back-to-school"],
    "tags": ["lunchbox-fillers", "lunchbox-chese"],
    "locations": {
      "vic": {
        "price": 6.1,
        "promoText": " ",
        "packageSize": "240g",
        "packagePrice": "$25.42 per 1Kg"
      }
    }
  },
  {
    "id": "the-laughing-cow-cheese-snack-wedges-light",
    "brand": "The Laughing Cow",
    "name": "Light Less Fat Cheese Spread",
    "imageUrl": "https://shop.coles.com.au/wcsstore/Coles-CAS/images/7/6/4/7646266-th.jpg",
    "categories": ["back-to-school"],
    "tags": ["lunchbox-fillers", "lunchbox-chese"],
    "locations": {
      "vic": {
        "price": 3.75,
        "promoText": " ",
        "packageSize": "128g",
        "packagePrice": "$2.93 per 100G"
      }
    }
  },
  {
    "id": "bega-cheese-snack-cheddar-stringers-12-pack",
    "brand": "Bega",
    "name": "Stringers Cheddar Cheese 8 pack",
    "imageUrl": "https://shop.coles.com.au/wcsstore/Coles-CAS/images/7/6/2/7626699-th.jpg",
    "categories": ["back-to-school"],
    "tags": ["lunchbox-fillers", "lunchbox-chese"],
    "locations": {
      "vic": {
        "price": 5.5,
        "promoText": " ",
        "packageSize": "160g",
        "packagePrice": "$34.38 per 1Kg"
      }
    }
  },
  {
    "id": "coles-kids-cheese-triangles",
    "brand": "Coles",
    "name": "Kids Triangles Cheese 8 pack",
    "imageUrl": "https://shop.coles.com.au/wcsstore/Coles-CAS/images/3/4/1/3418361-th.jpg",
    "categories": ["back-to-school"],
    "tags": ["lunchbox-fillers", "lunchbox-chese"],
    "locations": {
      "vic": {
        "price": 2,
        "promoText": " ",
        "packageSize": "140g",
        "packagePrice": "$1.43 per 100G"
      }
    }
  },
  {
    "id": "kraft-light-cream-cheese-spread-1744830p",
    "brand": "Bega",
    "name": "Cream Cheese Spread Light",
    "imageUrl": "https://shop.coles.com.au/wcsstore/Coles-CAS/images/1/7/4/1744830-th.jpg",
    "categories": ["back-to-school"],
    "tags": ["lunchbox-fillers", "lunchbox-chese"],
    "locations": {
      "vic": {
        "price": 3.8,
        "promoText": " ",
        "packageSize": "250g",
        "packagePrice": "$15.20 per 1Kg"
      }
    }
  },
  {
    "id": "coles-tasty-cheese-crackers",
    "brand": "Coles",
    "name": "Tasty Cheese & Crackers",
    "imageUrl": "https://shop.coles.com.au/wcsstore/Coles-CAS/images/2/0/7/2073060-th.jpg",
    "categories": ["back-to-school"],
    "tags": ["lunchbox-fillers", "lunchbox-chese"],
    "locations": {
      "vic": {
        "price": 1.6,
        "promoText": " ",
        "packageSize": "50g",
        "packagePrice": ""
      }
    }
  },
  {
    "id": "coles-vintage-cheese-crackers-4-pack",
    "brand": "Coles",
    "name": "Vintage Cheese & Crackers 4 Pack",
    "imageUrl": "https://shop.coles.com.au/wcsstore/Coles-CAS/images/2/9/8/2989039-th.jpg",
    "categories": ["back-to-school"],
    "tags": ["lunchbox-fillers", "lunchbox-chese"],
    "locations": {
      "vic": {
        "price": 4,
        "promoText": " ",
        "packageSize": "120g",
        "packagePrice": ""
      }
    }
  },
  {
    "id": "kraft-cheddar-cream-cheese-spread",
    "brand": "Bega",
    "name": "Cream Cheese Spread Bold",
    "imageUrl": "https://shop.coles.com.au/wcsstore/Coles-CAS/images/1/7/4/1744841-th.jpg",
    "categories": ["back-to-school"],
    "tags": ["lunchbox-fillers", "lunchbox-chese"],
    "locations": {
      "vic": {
        "price": 3.8,
        "promoText": " ",
        "packageSize": "250g",
        "packagePrice": "$15.20 per 1Kg"
      }
    }
  },
  {
    "id": "coles-cream-cheese-spread",
    "brand": "Coles",
    "name": "Cream Cheese Spread",
    "imageUrl": "https://shop.coles.com.au/wcsstore/Coles-CAS/images/2/0/7/2078326-th.jpg",
    "categories": ["back-to-school"],
    "tags": ["lunchbox-fillers", "lunchbox-chese"],
    "locations": {
      "vic": {
        "price": 2.9,
        "promoText": " ",
        "packageSize": "245g",
        "packagePrice": "$11.84 per 1Kg"
      }
    }
  },
  {
    "id": "coles-light-cheese-crackers",
    "brand": "Coles",
    "name": "Tasty Light Cheese & Crackers",
    "imageUrl": "https://shop.coles.com.au/wcsstore/Coles-CAS/images/2/0/7/2073093-th.jpg",
    "categories": ["back-to-school"],
    "tags": ["lunchbox-fillers", "lunchbox-chese"],
    "locations": {
      "vic": {
        "price": 1.6,
        "promoText": " ",
        "packageSize": "50g",
        "packagePrice": "$3.20 per 100G"
      }
    }
  },
  {
    "id": "kraft-pods--cheese-snacks-bots",
    "brand": "Dairylea",
    "name": "Cheese Pods 5 Pack",
    "imageUrl": "https://shop.coles.com.au/wcsstore/Coles-CAS/images/8/6/5/8655230-th.jpg",
    "categories": ["back-to-school"],
    "tags": ["lunchbox-fillers", "lunchbox-chese"],
    "locations": {
      "vic": {
        "price": 4,
        "promoText": " ",
        "packageSize": "100g",
        "packagePrice": "$40.00 per 1Kg"
      }
    }
  },
  {
    "id": "the-laughing-cow-cheddar",
    "brand": "The Laughing Cow",
    "name": "Cheese Spread with Cheddar",
    "imageUrl": "https://shop.coles.com.au/wcsstore/Coles-CAS/images/3/2/7/3275559-th.jpg",
    "categories": ["back-to-school"],
    "tags": ["lunchbox-fillers", "lunchbox-chese"],
    "locations": {
      "vic": {
        "price": 3.75,
        "promoText": " ",
        "packageSize": "128g",
        "packagePrice": "$29.30 per 1Kg"
      }
    }
  },
  {
    "id": "kraft-cheddar-cream-cheese-spread-1744692p",
    "brand": "Bega",
    "name": "Cream Cheese Spread Bold",
    "imageUrl": "https://shop.coles.com.au/wcsstore/Coles-CAS/images/1/7/4/1744692-th.jpg",
    "categories": ["back-to-school"],
    "tags": ["lunchbox-fillers", "lunchbox-chese"],
    "locations": {
      "vic": {
        "price": 6.5,
        "promoText": " ",
        "packageSize": "500g",
        "packagePrice": "$13.00 per 1Kg"
      }
    }
  },
  {
    "id": "coles-vintage-cheese-crackers",
    "brand": "Coles",
    "name": "Vintage Cheese & Crackers",
    "imageUrl": "https://shop.coles.com.au/wcsstore/Coles-CAS/images/2/0/7/2073071-th.jpg",
    "categories": ["back-to-school"],
    "tags": ["lunchbox-fillers", "lunchbox-chese"],
    "locations": {
      "vic": {
        "price": 1.6,
        "promoText": " ",
        "packageSize": "50g",
        "packagePrice": ""
      }
    }
  },
  {
    "id": "coles-tasty-cheese-bites-soy-crisps",
    "brand": "Coles",
    "name": "Tasty Cheese Bites & Soy Crisps",
    "imageUrl": "https://shop.coles.com.au/wcsstore/Coles-CAS/images/3/5/6/3561988-th.jpg",
    "categories": ["back-to-school"],
    "tags": ["lunchbox-fillers", "lunchbox-chese"],
    "locations": {
      "vic": {
        "price": 2,
        "promoText": " ",
        "packageSize": "45g",
        "packagePrice": ""
      }
    }
  },
  {
    "id": "coles-tasty-cheese-bites-garlic-chilli-olives",
    "brand": "Coles",
    "name": "Tasty Cheese Bites & Garlic Chilli Olives",
    "imageUrl": "https://shop.coles.com.au/wcsstore/Coles-CAS/images/3/5/6/3561977-th.jpg",
    "categories": ["back-to-school"],
    "tags": ["lunchbox-fillers", "lunchbox-chese"],
    "locations": {
      "vic": {
        "price": 2,
        "promoText": " ",
        "packageSize": "45g",
        "packagePrice": ""
      }
    }
  },
  {
    "id": "coles-apple-fruit-drink-2535574p",
    "brand": "Coles",
    "name": "Apple Fruit Drink Multipack 250mL",
    "imageUrl": "https://shop.coles.com.au/wcsstore/Coles-CAS/images/2/5/3/2535574-th.jpg",
    "categories": ["back-to-school"],
    "tags": ["lunchbox-fillers", "lunchbox-drinks"],
    "locations": {
      "vic": {
        "price": 2,
        "promoText": " ",
        "packageSize": "6 Pack",
        "packagePrice": "$1.33 per 1L"
      }
    }
  },
  {
    "id": "golden-circle-golden-pash-drink",
    "brand": "Golden Circle",
    "name": "Golden Pash Fruit Drink Multipack 250mL",
    "imageUrl": "https://shop.coles.com.au/wcsstore/Coles-CAS/images/5/1/2/5127246-th.jpg",
    "categories": ["back-to-school"],
    "tags": ["lunchbox-fillers", "lunchbox-drinks"],
    "locations": {
      "vic": {
        "price": 3.8,
        "promoText": "Any 2 $6",
        "packageSize": "6 pack",
        "packagePrice": "$0.63 per 1Ea"
      }
    }
  },
  {
    "id": "just-juice-100%25-apple-8147115p",
    "brand": "Just Juice",
    "name": "Apple Juice Multipack 200mL",
    "imageUrl": "https://shop.coles.com.au/wcsstore/Coles-CAS/images/8/1/4/8147115-th.jpg",
    "categories": ["back-to-school"],
    "tags": ["lunchbox-fillers", "lunchbox-drinks"],
    "locations": {
      "vic": {
        "price": 3.5,
        "promoText": "$1.20 ",
        "packageSize": "6 pack",
        "packagePrice": "$0.58 per 1Ea"
      }
    }
  },
  {
    "id": "ribena-fruit-drink-blackcurrant-ready-to-drink-6-pack-tetra",
    "brand": "Ribena",
    "name": "Blackcurrant Fruit Drink Multipack 250mL",
    "imageUrl": "https://shop.coles.com.au/wcsstore/Coles-CAS/images/9/5/1/9515087-th.jpg",
    "categories": ["back-to-school"],
    "tags": ["lunchbox-fillers", "lunchbox-drinks"],
    "locations": {
      "vic": {
        "price": 3,
        "promoText": "Was $3.55 on Nov 2018 ",
        "packageSize": "6 pack",
        "packagePrice": "$0.50 per 1Ea"
      }
    }
  },
  {
    "id": "coles-apple-raspberry-fruit-drink",
    "brand": "Coles",
    "name": "Apple & Raspberry Fruit Drink Multipack 250mL",
    "imageUrl": "https://shop.coles.com.au/wcsstore/Coles-CAS/images/2/5/3/2535596-th.jpg",
    "categories": ["back-to-school"],
    "tags": ["lunchbox-fillers", "lunchbox-drinks"],
    "locations": {
      "vic": {
        "price": 2,
        "promoText": " ",
        "packageSize": "6 pack",
        "packagePrice": "$1.33 per 1L"
      }
    }
  },
  {
    "id": "coles-tropical-fruit-drink-2535600p",
    "brand": "Coles",
    "name": "Tropical Fruit Drink Multipack 250mL",
    "imageUrl": "https://shop.coles.com.au/wcsstore/Coles-CAS/images/2/5/3/2535600-th.jpg",
    "categories": ["back-to-school"],
    "tags": ["lunchbox-fillers", "lunchbox-drinks"],
    "locations": {
      "vic": {
        "price": 2,
        "promoText": " ",
        "packageSize": "6 pack",
        "packagePrice": "$1.33 per 1L"
      }
    }
  },
  {
    "id": "golden-circle-tropical-punch-fruit-drink",
    "brand": "Golden Circle",
    "name": "Tropical Punch Fruit Drink Multipack 250mL",
    "imageUrl": "https://shop.coles.com.au/wcsstore/Coles-CAS/images/3/8/4/384354-th.jpg",
    "categories": ["back-to-school"],
    "tags": ["lunchbox-fillers", "lunchbox-drinks"],
    "locations": {
      "vic": {
        "price": 3.8,
        "promoText": "Any 2 $6",
        "packageSize": "6 pack",
        "packagePrice": "$0.63 per 1Ea"
      }
    }
  },
  {
    "id": "golden-circle-summer-berries-drink",
    "brand": "Golden Circle",
    "name": "Summer Berries Fruit Drink 250mL",
    "imageUrl": "https://shop.coles.com.au/wcsstore/Coles-CAS/images/2/0/4/2044561-th.jpg",
    "categories": ["back-to-school"],
    "tags": ["lunchbox-fillers", "lunchbox-drinks"],
    "locations": {
      "vic": {
        "price": 3.8,
        "promoText": "Any 2 $6",
        "packageSize": "6 pack",
        "packagePrice": "$0.63 per 1Ea"
      }
    }
  },
  {
    "id": "campbells-v8-juice-tropical",
    "brand": "Campbell's",
    "name": "V8 Tropical Juice Multipack 250mL",
    "imageUrl": "https://shop.coles.com.au/wcsstore/Coles-CAS/images/7/9/4/7945223-th.jpg",
    "categories": ["back-to-school"],
    "tags": ["lunchbox-fillers", "lunchbox-drinks"],
    "locations": {
      "vic": {
        "price": 3,
        "promoText": "Was $3.80 on Jan 2020 ",
        "packageSize": "3 pack",
        "packagePrice": "$4.00 per 1L"
      }
    }
  },
  {
    "id": "coles-tropical-juice",
    "brand": "Coles",
    "name": "Tropical Juice Chilled 250mL",
    "imageUrl": "https://shop.coles.com.au/wcsstore/Coles-CAS/images/2/5/3/2535643-th.jpg",
    "categories": ["back-to-school"],
    "tags": ["lunchbox-fillers", "lunchbox-drinks"],
    "locations": {
      "vic": {
        "price": 2.3,
        "promoText": " ",
        "packageSize": "6 pack",
        "packagePrice": "$1.53 per 1L"
      }
    }
  },
  {
    "id": "coles--orange-fruit-drink",
    "brand": "Coles",
    "name": "Orange Fruit Drink Multipack 250mL",
    "imageUrl": "https://shop.coles.com.au/wcsstore/Coles-CAS/images/2/5/3/2535585-th.jpg",
    "categories": ["back-to-school"],
    "tags": ["lunchbox-fillers", "lunchbox-drinks"],
    "locations": {
      "vic": {
        "price": 2,
        "promoText": " ",
        "packageSize": "6 pack",
        "packagePrice": "$1.33 per 1L"
      }
    }
  },
  {
    "id": "coles-fruit-drink-orange-mango-6pk",
    "brand": "Coles",
    "name": "Orange & Mango Fruit Drink 250mL",
    "imageUrl": "https://shop.coles.com.au/wcsstore/Coles-CAS/images/2/5/3/2535610-th.jpg",
    "categories": ["back-to-school"],
    "tags": ["lunchbox-fillers", "lunchbox-drinks"],
    "locations": {
      "vic": {
        "price": 2,
        "promoText": " ",
        "packageSize": "6 pack",
        "packagePrice": "$1.33 per 1L"
      }
    }
  },
  {
    "id": "golden-circle-sunshine-punch-fruit-drink",
    "brand": "Golden Circle",
    "name": "Sunshine Punch Fruit Drink Multipack 250mL",
    "imageUrl": "https://shop.coles.com.au/wcsstore/Coles-CAS/images/6/9/1/6910391-th.jpg",
    "categories": ["back-to-school"],
    "tags": ["lunchbox-fillers", "lunchbox-drinks"],
    "locations": {
      "vic": {
        "price": 3.8,
        "promoText": "Any 2 $6",
        "packageSize": "6 pack",
        "packagePrice": "$0.63 per 1Ea"
      }
    }
  },
  {
    "id": "just-juice-100%25-orange",
    "brand": "Just Juice",
    "name": "Orange Juice Multipack 200mL",
    "imageUrl": "https://shop.coles.com.au/wcsstore/Coles-CAS/images/5/0/0/5001281-th.jpg",
    "categories": ["back-to-school"],
    "tags": ["lunchbox-fillers", "lunchbox-drinks"],
    "locations": {
      "vic": {
        "price": 3.5,
        "promoText": "$1.20 ",
        "packageSize": "6 pack",
        "packagePrice": "$0.58 per 1Ea"
      }
    }
  },
  {
    "id": "prima-fruit-drink-apple-raspberry",
    "brand": "Prima",
    "name": "Apple Raspberry Fruit Drink Multipack 200mL",
    "imageUrl": "https://shop.coles.com.au/wcsstore/Coles-CAS/images/6/6/3/6631831-th.jpg",
    "categories": ["back-to-school"],
    "tags": ["lunchbox-fillers", "lunchbox-drinks"],
    "locations": {
      "vic": {
        "price": 2.5,
        "promoText": "Was $3.45 on Mar 2018 ",
        "packageSize": "6 pack",
        "packagePrice": "$0.42 per 1Ea"
      }
    }
  },
  {
    "id": "coles-apple-blackcurrant-fruit-drink",
    "brand": "Coles",
    "name": "Apple & Blackcurrant Fruit Drink Multipack 250mL",
    "imageUrl": "https://shop.coles.com.au/wcsstore/Coles-CAS/images/2/5/3/2535563-th.jpg",
    "categories": ["back-to-school"],
    "tags": ["lunchbox-fillers", "lunchbox-drinks"],
    "locations": {
      "vic": {
        "price": 2,
        "promoText": " ",
        "packageSize": "6 Pack",
        "packagePrice": "$1.33 per 1L"
      }
    }
  },
  {
    "id": "golden-circle-pineapple-orange-fruit-drink",
    "brand": "Golden Circle",
    "name": "Pine Orange Fruit Drink Multipack 250mL",
    "imageUrl": "https://shop.coles.com.au/wcsstore/Coles-CAS/images/3/8/4/384376-th.jpg",
    "categories": ["back-to-school"],
    "tags": ["lunchbox-fillers", "lunchbox-drinks"],
    "locations": {
      "vic": {
        "price": 3.8,
        "promoText": "Any 2 $6",
        "packageSize": "6 pack",
        "packagePrice": "$2.53 per 1L"
      }
    }
  },
  {
    "id": "golden-circle-drink-apple-250ml",
    "brand": "Golden Circle",
    "name": "Apple Fruit Drink Multipack 250mL",
    "imageUrl": "https://shop.coles.com.au/wcsstore/Coles-CAS/images/2/1/2/212111-th.jpg",
    "categories": ["back-to-school"],
    "tags": ["lunchbox-fillers", "lunchbox-drinks"],
    "locations": {
      "vic": {
        "price": 3.8,
        "promoText": "Any 2 $6",
        "packageSize": "6 pack",
        "packagePrice": "$0.63 per 1Ea"
      }
    }
  },
  {
    "id": "just-juice-100%25-apple-blackcurrent",
    "brand": "Just Juice",
    "name": "Apple Blackcurrant Juice Multipack 200mL",
    "imageUrl": "https://shop.coles.com.au/wcsstore/Coles-CAS/images/5/0/0/5001248-th.jpg",
    "categories": ["back-to-school"],
    "tags": ["lunchbox-fillers", "lunchbox-drinks"],
    "locations": {
      "vic": {
        "price": 3.5,
        "promoText": "$1.20 ",
        "packageSize": "6 pack",
        "packagePrice": "$0.58 per 1Ea"
      }
    }
  },
  {
    "id": "pop-tops-fruit-drink-apple",
    "brand": "Pop Tops",
    "name": "Apple Fruit Drink Multipack 250mL",
    "imageUrl": "https://shop.coles.com.au/wcsstore/Coles-CAS/images/6/9/1/6914188-th.jpg",
    "categories": ["back-to-school"],
    "tags": ["lunchbox-fillers", "lunchbox-drinks"],
    "locations": {
      "vic": {
        "price": 4.4,
        "promoText": "Any 2 $7",
        "packageSize": "6 pack",
        "packagePrice": "$0.73 per 1Ea"
      }
    }
  },
  {
    "id": "pop-tops-apple-blackcurrant-fruit-drink",
    "brand": "Pop Tops",
    "name": "Apple Blackcurrant Fruit Drink Multipack 250mL",
    "imageUrl": "https://shop.coles.com.au/wcsstore/Coles-CAS/images/8/1/4/8147374-th.jpg",
    "categories": ["back-to-school"],
    "tags": ["lunchbox-fillers", "lunchbox-drinks"],
    "locations": {
      "vic": {
        "price": 4.4,
        "promoText": "Any 2 $7",
        "packageSize": "6 pack",
        "packagePrice": "$0.73 per 1Ea"
      }
    }
  },
  {
    "id": "prima-fruit-drink-apple-6-pack",
    "brand": "Prima",
    "name": "Apple Fruit Drink Multipack 200mL",
    "imageUrl": "https://shop.coles.com.au/wcsstore/Coles-CAS/images/6/6/3/6631820-th.jpg",
    "categories": ["back-to-school"],
    "tags": ["lunchbox-fillers", "lunchbox-drinks"],
    "locations": {
      "vic": {
        "price": 2.5,
        "promoText": "Was $3.45 on Mar 2018 ",
        "packageSize": "6 pack",
        "packagePrice": "$0.42 per 1Ea"
      }
    }
  },
  {
    "id": "campbells-v8-juice-apple-berry-fusion",
    "brand": "Campbell's",
    "name": "V8 Apple Berry Fusion Juice Multipack 250mL",
    "imageUrl": "https://shop.coles.com.au/wcsstore/Coles-CAS/images/1/1/6/1165298-th.jpg",
    "categories": ["back-to-school"],
    "tags": ["lunchbox-fillers", "lunchbox-drinks"],
    "locations": {
      "vic": {
        "price": 3,
        "promoText": "Was $3.80 on Jan 2020 ",
        "packageSize": "3 pack",
        "packagePrice": "$4.00 per 1L"
      }
    }
  },
  {
    "id": "campbells-v8-juice-breakfast-250ml",
    "brand": "Campbell's",
    "name": "V8 Breakfast Juice Box 250mL",
    "imageUrl": "https://shop.coles.com.au/wcsstore/Coles-CAS/images/1/1/6/1165301-th.jpg",
    "categories": ["back-to-school"],
    "tags": ["lunchbox-fillers", "lunchbox-drinks"],
    "locations": {
      "vic": {
        "price": 3,
        "promoText": "Was $3.80 on Jan 2020 ",
        "packageSize": "3 pack",
        "packagePrice": "$1.00 per 1Ea"
      }
    }
  },
  {
    "id": "coles-orange-juice",
    "brand": "Coles",
    "name": "Orange Juice Multipack 250mL",
    "imageUrl": "https://shop.coles.com.au/wcsstore/Coles-CAS/images/2/5/3/2535665-th.jpg",
    "categories": ["back-to-school"],
    "tags": ["lunchbox-fillers", "lunchbox-drinks"],
    "locations": {
      "vic": {
        "price": 2.3,
        "promoText": " ",
        "packageSize": "6 pack",
        "packagePrice": "$1.53 per 1L"
      }
    }
  },
  {
    "id": "coles-apple-blackcurrant-juice-2535632p",
    "brand": "Coles",
    "name": "Apple & Blackcurrant Juice Multipack 250mL",
    "imageUrl": "https://shop.coles.com.au/wcsstore/Coles-CAS/images/2/5/3/2535632-th.jpg",
    "categories": ["back-to-school"],
    "tags": ["lunchbox-fillers", "lunchbox-drinks"],
    "locations": {
      "vic": {
        "price": 2.3,
        "promoText": " ",
        "packageSize": "6 pack",
        "packagePrice": "$1.53 per 1L"
      }
    }
  },
  {
    "id": "coles-juice-apple-6pk",
    "brand": "Coles",
    "name": "Apple Juice Multipack 250mL",
    "imageUrl": "https://shop.coles.com.au/wcsstore/Coles-CAS/images/2/5/3/2535654-th.jpg",
    "categories": ["back-to-school"],
    "tags": ["lunchbox-fillers", "lunchbox-drinks"],
    "locations": {
      "vic": {
        "price": 2.3,
        "promoText": " ",
        "packageSize": "6 pack",
        "packagePrice": "$1.53 per 1L"
      }
    }
  },
  {
    "id": "golden-circle-orange-fruit-drink-6-pack",
    "brand": "Golden Circle",
    "name": "Orange Fruit Drink Multipack 250mL",
    "imageUrl": "https://shop.coles.com.au/wcsstore/Coles-CAS/images/3/8/4/384365-th.jpg",
    "categories": ["back-to-school"],
    "tags": ["lunchbox-fillers", "lunchbox-drinks"],
    "locations": {
      "vic": {
        "price": 3.8,
        "promoText": "Any 2 $6",
        "packageSize": "6 pack",
        "packagePrice": "$0.63 per 1Ea"
      }
    }
  },
  {
    "id": "golden-circle-pineapple-juice",
    "brand": "Golden Circle",
    "name": "Pineapple Juice Multipack 250mL",
    "imageUrl": "https://shop.coles.com.au/wcsstore/Coles-CAS/images/3/8/4/384387-th.jpg",
    "categories": ["back-to-school"],
    "tags": ["lunchbox-fillers", "lunchbox-drinks"],
    "locations": {
      "vic": {
        "price": 3.8,
        "promoText": " ",
        "packageSize": "6 pack",
        "packagePrice": "$0.63 per 1Ea"
      }
    }
  },
  {
    "id": "golden-circle-apple-blackcurrant-tetra-drink",
    "brand": "Golden Circle",
    "name": "Apple Blackcurrant Fruit Drink Multipack 250mL",
    "imageUrl": "https://shop.coles.com.au/wcsstore/Coles-CAS/images/2/0/4/2044550-th.jpg",
    "categories": ["back-to-school"],
    "tags": ["lunchbox-fillers", "lunchbox-drinks"],
    "locations": {
      "vic": {
        "price": 3.8,
        "promoText": "Any 2 $6",
        "packageSize": "6 pack",
        "packagePrice": "$0.63 per 1Ea"
      }
    }
  },
  {
    "id": "just-juice-100%25-paradise-punch",
    "brand": "Just Juice",
    "name": "Paradise Punch Juice Multipack 200mL",
    "imageUrl": "https://shop.coles.com.au/wcsstore/Coles-CAS/images/5/4/2/5424365-th.jpg",
    "categories": ["back-to-school"],
    "tags": ["lunchbox-fillers", "lunchbox-drinks"],
    "locations": {
      "vic": {
        "price": 3.5,
        "promoText": "$1.20 ",
        "packageSize": "6 pack",
        "packagePrice": "$0.58 per 1Ea"
      }
    }
  },
  {
    "id": "just-juice-100%25-orange-mango",
    "brand": "Just Juice",
    "name": "Orange Mango Juice Multipack 200mL",
    "imageUrl": "https://shop.coles.com.au/wcsstore/Coles-CAS/images/5/0/0/5001270-th.jpg",
    "categories": ["back-to-school"],
    "tags": ["lunchbox-fillers", "lunchbox-drinks"],
    "locations": {
      "vic": {
        "price": 3.5,
        "promoText": "$1.20 ",
        "packageSize": "6 pack",
        "packagePrice": "$0.58 per 1Ea"
      }
    }
  },
  {
    "id": "pop-tops-orange-fruit-drink",
    "brand": "Pop Tops",
    "name": "Orange Fruit Drink Multipack 250mL",
    "imageUrl": "https://shop.coles.com.au/wcsstore/Coles-CAS/images/6/8/8/6882831-th.jpg",
    "categories": ["back-to-school"],
    "tags": ["lunchbox-fillers", "lunchbox-drinks"],
    "locations": {
      "vic": {
        "price": 4.4,
        "promoText": "Any 2 $7",
        "packageSize": "6 pack",
        "packagePrice": "$0.73 per 1Ea"
      }
    }
  },
  {
    "id": "pop-tops-tropical-drink",
    "brand": "Pop Tops",
    "name": "Tropical Fruit Drink Multipack 250mL",
    "imageUrl": "https://shop.coles.com.au/wcsstore/Coles-CAS/images/2/0/4/2044700-th.jpg",
    "categories": ["back-to-school"],
    "tags": ["lunchbox-fillers", "lunchbox-drinks"],
    "locations": {
      "vic": {
        "price": 4.4,
        "promoText": "Any 2 $7",
        "packageSize": "6 pack",
        "packagePrice": "$0.73 per 1Ea"
      }
    }
  },
  {
    "id": "prima-fruit-drink-tropical",
    "brand": "Prima",
    "name": "Tropical Fruit Drink Multipack 200mL",
    "imageUrl": "https://shop.coles.com.au/wcsstore/Coles-CAS/images/6/6/3/6631875-th.jpg",
    "categories": ["back-to-school"],
    "tags": ["lunchbox-fillers", "lunchbox-drinks"],
    "locations": {
      "vic": {
        "price": 2.5,
        "promoText": "Was $3.45 on Mar 2018 ",
        "packageSize": "6 pack",
        "packagePrice": "$0.42 per 1Ea"
      }
    }
  },
  {
    "id": "prima-reduced-sugar-tropical",
    "brand": "Prima",
    "name": "Tropical Fruit Drink Multipack 200mL",
    "imageUrl": "https://shop.coles.com.au/wcsstore/Coles-CAS/images/3/5/3/3530292-th.jpg",
    "categories": ["back-to-school"],
    "tags": ["lunchbox-fillers", "lunchbox-drinks"],
    "locations": {
      "vic": {
        "price": 2.5,
        "promoText": " ",
        "packageSize": "6 pack",
        "packagePrice": "$0.42 per 1Ea"
      }
    }
  },
  {
    "id": "prima-reduced-sugar-apple-raspberry",
    "brand": "Prima",
    "name": "Apple Raspberry Fruit Drink Multipack 200mL",
    "imageUrl": "https://shop.coles.com.au/wcsstore/Coles-CAS/images/3/5/3/3530306-th.jpg",
    "categories": ["back-to-school"],
    "tags": ["lunchbox-fillers", "lunchbox-drinks"],
    "locations": {
      "vic": {
        "price": 2.5,
        "promoText": " ",
        "packageSize": "6 pack",
        "packagePrice": "$0.42 per 1Ea"
      }
    }
  },
  {
    "id": "prima-reduced-sugar-apple",
    "brand": "Prima",
    "name": "Apple Fruit Drink Multipack 200mL",
    "imageUrl": "https://shop.coles.com.au/wcsstore/Coles-CAS/images/3/5/2/3529792-th.jpg",
    "categories": ["back-to-school"],
    "tags": ["lunchbox-fillers", "lunchbox-drinks"],
    "locations": {
      "vic": {
        "price": 2.5,
        "promoText": " ",
        "packageSize": "6 pack",
        "packagePrice": "$0.42 per 1Ea"
      }
    }
  },
  {
    "id": "glad-cling-wrap-297792p",
    "brand": "Glad",
    "name": "Cling Wrap 60m x 33cm",
    "imageUrl": "https://shop.coles.com.au/wcsstore/Coles-CAS/images/2/9/7/297792-th.jpg",
    "categories": ["back-to-school"],
    "tags": ["lunchbox-fillers", "lunchbox-packaging"],
    "locations": {
      "vic": {
        "price": 4.5,
        "promoText": "Was $5.00 on Apr 2018 ",
        "packageSize": "60m",
        "packagePrice": "$0.08 per 1M"
      }
    }
  },
  {
    "id": "glad-cling-wrap",
    "brand": "Glad",
    "name": "Cling Wrap 30m X 33cm",
    "imageUrl": "https://shop.coles.com.au/wcsstore/Coles-CAS/images/1/0/6/106282-th.jpg",
    "categories": ["back-to-school"],
    "tags": ["lunchbox-fillers", "lunchbox-packaging"],
    "locations": {
      "vic": {
        "price": 2.7,
        "promoText": "Was $3.09 on Apr 2018 ",
        "packageSize": "30m",
        "packagePrice": "$0.09 per 1M"
      }
    }
  },
  {
    "id": "multix-traditional-strenght-alfoil",
    "brand": "Multix",
    "name": "Alfoil Traditional Strength 30cm X 60m",
    "imageUrl": "https://shop.coles.com.au/wcsstore/Coles-CAS/images/2/5/0/2503410-th.jpg",
    "categories": ["back-to-school"],
    "tags": ["lunchbox-fillers", "lunchbox-packaging"],
    "locations": {
      "vic": {
        "price": 10,
        "promoText": " ",
        "packageSize": "1 pack",
        "packagePrice": "$10.00 per 1Ea"
      }
    }
  },
  {
    "id": "coles-brand-bags-sandwich-resealable",
    "brand": "Coles",
    "name": "Snap Seal Resealable Sandwich Bags 18cm x 17cm",
    "imageUrl": "https://shop.coles.com.au/wcsstore/Coles-CAS/images/4/4/8/4486480-th.jpg",
    "categories": ["back-to-school"],
    "tags": ["lunchbox-fillers", "lunchbox-packaging"],
    "locations": {
      "vic": {
        "price": 1.75,
        "promoText": " ",
        "packageSize": "50 pack",
        "packagePrice": "$0.04 per 1Ea"
      }
    }
  },
  {
    "id": "coles-wrap-aluminium-foil",
    "brand": "Coles",
    "name": "Aluminium Foil Extra Strong Wrap 30cm",
    "imageUrl": "https://shop.coles.com.au/wcsstore/Coles-CAS/images/4/4/8/4486265-th.jpg",
    "categories": ["back-to-school"],
    "tags": ["lunchbox-fillers", "lunchbox-packaging"],
    "locations": {
      "vic": {
        "price": 1.7,
        "promoText": " ",
        "packageSize": "10m",
        "packagePrice": "$0.17 per 1M"
      }
    }
  },
  {
    "id": "coles-brand-bags-storage-resealable-medium",
    "brand": "Coles",
    "name": "Snap Seal Medium Resealable Bags",
    "imageUrl": "https://shop.coles.com.au/wcsstore/Coles-CAS/images/4/4/8/4486390-th.jpg",
    "categories": ["back-to-school"],
    "tags": ["lunchbox-fillers", "lunchbox-packaging"],
    "locations": {
      "vic": {
        "price": 2.4,
        "promoText": " ",
        "packageSize": "30 pack",
        "packagePrice": "$0.08 per 1Ea"
      }
    }
  },
  {
    "id": "coles-bags-storage-resealable-large",
    "brand": "Coles",
    "name": "Snap Seal Resealable Bags Large",
    "imageUrl": "https://shop.coles.com.au/wcsstore/Coles-CAS/images/4/4/8/4486447-th.jpg",
    "categories": ["back-to-school"],
    "tags": ["lunchbox-fillers", "lunchbox-packaging"],
    "locations": {
      "vic": {
        "price": 2.4,
        "promoText": " ",
        "packageSize": "20 pack",
        "packagePrice": "$0.12 per 1Ea"
      }
    }
  },
  {
    "id": "glad-wrap",
    "brand": "Glad",
    "name": "Cling Wrap",
    "imageUrl": "https://shop.coles.com.au/wcsstore/Coles-CAS/images/8/7/3/8730539-th.jpg",
    "categories": ["back-to-school"],
    "tags": ["lunchbox-fillers", "lunchbox-packaging"],
    "locations": {
      "vic": {
        "price": 6,
        "promoText": " ",
        "packageSize": "100m",
        "packagePrice": "$0.06 per 1M"
      }
    }
  },
  {
    "id": "coles-bags-storage-resealable-small",
    "brand": "Coles",
    "name": "Snap Seal Resealable Bags Seals In Freshness Small",
    "imageUrl": "https://shop.coles.com.au/wcsstore/Coles-CAS/images/4/4/8/4486356-th.jpg",
    "categories": ["back-to-school"],
    "tags": ["lunchbox-fillers", "lunchbox-packaging"],
    "locations": {
      "vic": {
        "price": 1.6,
        "promoText": " ",
        "packageSize": "50 pack",
        "packagePrice": "$0.03 per 1Ea"
      }
    }
  },
  {
    "id": "hercules-clickzip-sandwich-bags",
    "brand": "Hercules",
    "name": "Click Zip Sandwich Bags",
    "imageUrl": "https://shop.coles.com.au/wcsstore/Coles-CAS/images/2/8/5/2858766-th.jpg",
    "categories": ["back-to-school"],
    "tags": ["lunchbox-fillers", "lunchbox-packaging"],
    "locations": {
      "vic": {
        "price": 5,
        "promoText": " ",
        "packageSize": "100 pack",
        "packagePrice": "$0.05 per 1Ea"
      }
    }
  },
  {
    "id": "hercules-sandwich-bags-click-zip-resealable",
    "brand": "Hercules",
    "name": "Clickzip Sandwich Bags 18cm x 16.5cm",
    "imageUrl": "https://shop.coles.com.au/wcsstore/Coles-CAS/images/8/6/8/8687837-th.jpg",
    "categories": ["back-to-school"],
    "tags": ["lunchbox-fillers", "lunchbox-packaging"],
    "locations": {
      "vic": {
        "price": 2,
        "promoText": " ",
        "packageSize": "40 pack",
        "packagePrice": "$0.05 per 1Ea"
      }
    }
  },
  {
    "id": "multix--foil-wrap",
    "brand": "Multix",
    "name": "Aluminium Foil Wrap 30m x 30cm",
    "imageUrl": "https://shop.coles.com.au/wcsstore/Coles-CAS/images/4/3/2/432978-th.jpg",
    "categories": ["back-to-school"],
    "tags": ["lunchbox-fillers", "lunchbox-packaging"],
    "locations": {
      "vic": {
        "price": 5.5,
        "promoText": " ",
        "packageSize": "30m",
        "packagePrice": "$0.18 per 1M"
      }
    }
  },
  {
    "id": "coles-wrap-aluminium-foil-4486287p",
    "brand": "Coles",
    "name": "Aluminium Foil Wrap 30m x 30cm",
    "imageUrl": "https://shop.coles.com.au/wcsstore/Coles-CAS/images/4/4/8/4486287-th.jpg",
    "categories": ["back-to-school"],
    "tags": ["lunchbox-fillers", "lunchbox-packaging"],
    "locations": {
      "vic": {
        "price": 4.5,
        "promoText": " ",
        "packageSize": "30m",
        "packagePrice": "$0.15 per 1M"
      }
    }
  },
  {
    "id": "coles-smart-buy-wrap-aluminium-foil-5896670p",
    "brand": "Coles",
    "name": "Aluminium Foil Wrap 30m X 30cm",
    "imageUrl": "https://shop.coles.com.au/wcsstore/Coles-CAS/images/5/8/9/5896670-th.jpg",
    "categories": ["back-to-school"],
    "tags": ["lunchbox-fillers", "lunchbox-packaging"],
    "locations": {
      "vic": {
        "price": 2.7,
        "promoText": " ",
        "packageSize": "30m",
        "packagePrice": "$0.09 per 1M"
      }
    }
  },
  {
    "id": "coles-smart-buy-brown-paper-bags-lunch",
    "brand": "Coles",
    "name": "Brown Paper Lunch Bags",
    "imageUrl": "https://shop.coles.com.au/wcsstore/Coles-CAS/images/4/4/8/4485105-th.jpg",
    "categories": ["back-to-school"],
    "tags": ["lunchbox-fillers", "lunchbox-packaging"],
    "locations": {
      "vic": {
        "price": 2.5,
        "promoText": " ",
        "packageSize": "100 pack",
        "packagePrice": "$0.03 per 1Ea"
      }
    }
  },
  {
    "id": "hercules-resealable-bags-storage-large",
    "brand": "Hercules",
    "name": "Twinzip Storage Bags Large 27cm x 33cm",
    "imageUrl": "https://shop.coles.com.au/wcsstore/Coles-CAS/images/4/5/8/4582032-th.jpg",
    "categories": ["back-to-school"],
    "tags": ["lunchbox-fillers", "lunchbox-packaging"],
    "locations": {
      "vic": {
        "price": 2.65,
        "promoText": " ",
        "packageSize": "15 pack",
        "packagePrice": "$0.18 per 1Ea"
      }
    }
  },
  {
    "id": "hercules-twin-zip-sandwich-bags-large",
    "brand": "Hercules",
    "name": "Twinzip Sandwich Bags Large 22cm x 22cm",
    "imageUrl": "https://shop.coles.com.au/wcsstore/Coles-CAS/images/5/1/8/5185843-th.jpg",
    "categories": ["back-to-school"],
    "tags": ["lunchbox-fillers", "lunchbox-packaging"],
    "locations": {
      "vic": {
        "price": 2.45,
        "promoText": " ",
        "packageSize": "25 pack",
        "packagePrice": "$0.10 per 1Ea"
      }
    }
  },
  {
    "id": "multix-greener-recycled-alfoil",
    "brand": "Multix",
    "name": "Greener Recycled Alfoil",
    "imageUrl": "https://shop.coles.com.au/wcsstore/Coles-CAS/images/3/3/1/3313669-th.jpg",
    "categories": ["back-to-school"],
    "tags": ["lunchbox-fillers", "lunchbox-packaging"],
    "locations": {
      "vic": {
        "price": 3,
        "promoText": " ",
        "packageSize": "10m",
        "packagePrice": "$0.30 per 1M"
      }
    }
  },
  {
    "id": "coles-smart-buy-wrap-aluminium-foil",
    "brand": "Coles",
    "name": "Aluminium Foil Wrap 10m X 30cm",
    "imageUrl": "https://shop.coles.com.au/wcsstore/Coles-CAS/images/5/8/9/5896660-th.jpg",
    "categories": ["back-to-school"],
    "tags": ["lunchbox-fillers", "lunchbox-packaging"],
    "locations": {
      "vic": {
        "price": 1,
        "promoText": " ",
        "packageSize": "10m",
        "packagePrice": "$0.10 per 1M"
      }
    }
  },
  {
    "id": "coles-smart-buy-wrap-cling-5896659p",
    "brand": "Coles",
    "name": "Cling Wrap 300m X 33cm",
    "imageUrl": "https://shop.coles.com.au/wcsstore/Coles-CAS/images/5/8/9/5896659-th.jpg",
    "categories": ["back-to-school"],
    "tags": ["lunchbox-fillers", "lunchbox-packaging"],
    "locations": {
      "vic": {
        "price": 6.75,
        "promoText": " ",
        "packageSize": "300m",
        "packagePrice": "$0.02 per 1M"
      }
    }
  },
  {
    "id": "coles-brand-wrap-cling",
    "brand": "Coles",
    "name": "Cling Wrap Super Stretch 33cm",
    "imageUrl": "https://shop.coles.com.au/wcsstore/Coles-CAS/images/4/4/8/4486040-th.jpg",
    "categories": ["back-to-school"],
    "tags": ["lunchbox-fillers", "lunchbox-packaging"],
    "locations": {
      "vic": {
        "price": 1.9,
        "promoText": " ",
        "packageSize": "30m",
        "packagePrice": "$0.06 per 1M"
      }
    }
  },
  {
    "id": "multix-alfoil-super-strong",
    "brand": "Multix",
    "name": "Alfoil Super Strong",
    "imageUrl": "https://shop.coles.com.au/wcsstore/Coles-CAS/images/2/8/5/2855881-th.jpg",
    "categories": ["back-to-school"],
    "tags": ["lunchbox-fillers", "lunchbox-packaging"],
    "locations": {
      "vic": {
        "price": 4,
        "promoText": " ",
        "packageSize": "15m",
        "packagePrice": "$0.27 per 1M"
      }
    }
  },
  {
    "id": "multix-greener-resealable-snack-bags",
    "brand": "Multix",
    "name": "Greener Resealable Snack Bags",
    "imageUrl": "https://shop.coles.com.au/wcsstore/Coles-CAS/images/3/3/1/3312826-th.jpg",
    "categories": ["back-to-school"],
    "tags": ["lunchbox-fillers", "lunchbox-packaging"],
    "locations": {
      "vic": {
        "price": 2.6,
        "promoText": " ",
        "packageSize": "35 pack",
        "packagePrice": "$0.07 per 1Ea"
      }
    }
  },
  {
    "id": "coles-wrap-cling",
    "brand": "Coles",
    "name": "Cling Wrap Super Stretch 33cm",
    "imageUrl": "https://shop.coles.com.au/wcsstore/Coles-CAS/images/4/4/8/4486163-th.jpg",
    "categories": ["back-to-school"],
    "tags": ["lunchbox-fillers", "lunchbox-packaging"],
    "locations": {
      "vic": {
        "price": 3,
        "promoText": " ",
        "packageSize": "60m",
        "packagePrice": "$0.05 per 1M"
      }
    }
  },
  {
    "id": "coles-smart-buy-wrap-cling",
    "brand": "Coles",
    "name": "Cling Wrap 60X33cm",
    "imageUrl": "https://shop.coles.com.au/wcsstore/Coles-CAS/images/5/8/9/5896648-th.jpg",
    "categories": ["back-to-school"],
    "tags": ["lunchbox-fillers", "lunchbox-packaging"],
    "locations": {
      "vic": {
        "price": 1.4,
        "promoText": " ",
        "packageSize": "60m",
        "packagePrice": "$0.02 per 1M"
      }
    }
  },
  {
    "id": "multix-alumunium-foil-traditional-strength-30cm",
    "brand": "Multix",
    "name": "Traditional Strength Aluminium Foil 30cm",
    "imageUrl": "https://shop.coles.com.au/wcsstore/Coles-CAS/images/7/6/1/7614361-th.jpg",
    "categories": ["back-to-school"],
    "tags": ["lunchbox-fillers", "lunchbox-packaging"],
    "locations": {
      "vic": {
        "price": 22,
        "promoText": " ",
        "packageSize": "150m",
        "packagePrice": "$0.15 per 1M"
      }
    }
  },
  {
    "id": "multix-greener-resealable-sandwich-bags",
    "brand": "Multix",
    "name": "Greener Degradable Sandwich Bags",
    "imageUrl": "https://shop.coles.com.au/wcsstore/Coles-CAS/images/3/3/1/3312702-th.jpg",
    "categories": ["back-to-school"],
    "tags": ["lunchbox-fillers", "lunchbox-packaging"],
    "locations": {
      "vic": {
        "price": 2.6,
        "promoText": " ",
        "packageSize": "30 pack",
        "packagePrice": "$0.09 per 1Ea"
      }
    }
  },
  {
    "id": "glad-plastic-wrap",
    "brand": "Glad",
    "name": "Cling Wrap 150m x 33cm",
    "imageUrl": "https://shop.coles.com.au/wcsstore/Coles-CAS/images/3/0/9/309461-th.jpg",
    "categories": ["back-to-school"],
    "tags": ["lunchbox-fillers", "lunchbox-packaging"],
    "locations": {
      "vic": {
        "price": 9.95,
        "promoText": " ",
        "packageSize": "150m",
        "packagePrice": "$0.07 per 1M"
      }
    }
  },
  {
    "id": "hercules-snack-bags-mini-click-zip-resealable",
    "brand": "Hercules",
    "name": "Clickzip Snack Bags Small 15cm x 10cm",
    "imageUrl": "https://shop.coles.com.au/wcsstore/Coles-CAS/images/8/6/8/8688953-th.jpg",
    "categories": ["back-to-school"],
    "tags": ["lunchbox-fillers", "lunchbox-packaging"],
    "locations": {
      "vic": {
        "price": 2,
        "promoText": " ",
        "packageSize": "40 pack",
        "packagePrice": "$0.05 per 1Ea"
      }
    }
  },
  {
    "id": "multix-reuseme-snack-bags",
    "brand": "Multix",
    "name": "ReuseMe Resealable Snack Bags",
    "imageUrl": "https://shop.coles.com.au/wcsstore/Coles-CAS/images/3/3/1/3312600-th.jpg",
    "categories": ["back-to-school"],
    "tags": ["lunchbox-fillers", "lunchbox-packaging"],
    "locations": {
      "vic": {
        "price": 2.1,
        "promoText": "$0.90 ",
        "packageSize": "3 pack",
        "packagePrice": "$0.70 per 1Ea"
      }
    }
  },
  {
    "id": "multix-non-stick-aluminium-foil-30cm",
    "brand": "Multix",
    "name": "Non Stick Aluminium Foil Wrap 30cm",
    "imageUrl": "https://shop.coles.com.au/wcsstore/Coles-CAS/images/7/8/9/7895828-th.jpg",
    "categories": ["back-to-school"],
    "tags": ["lunchbox-fillers", "lunchbox-packaging"],
    "locations": {
      "vic": {
        "price": 3,
        "promoText": " ",
        "packageSize": "10m",
        "packagePrice": "$0.30 per 1M"
      }
    }
  },
  {
    "id": "multix-30cm-foil-wrap",
    "brand": "Multix",
    "name": "Aluminium Foil Wrap 10m x 30cm",
    "imageUrl": "https://shop.coles.com.au/wcsstore/Coles-CAS/images/1/0/6/106395-th.jpg",
    "categories": ["back-to-school"],
    "tags": ["lunchbox-fillers", "lunchbox-packaging"],
    "locations": {
      "vic": {
        "price": 2,
        "promoText": " ",
        "packageSize": "10m",
        "packagePrice": "$0.20 per 1M"
      }
    }
  },
  {
    "id": "multix-reuseme-produce-bags",
    "brand": "Multix",
    "name": "ReuseMe Fresh Produce Bags",
    "imageUrl": "https://shop.coles.com.au/wcsstore/Coles-CAS/images/3/3/1/3313658-th.jpg",
    "categories": ["back-to-school"],
    "tags": ["lunchbox-fillers", "lunchbox-packaging"],
    "locations": {
      "vic": {
        "price": 2.8,
        "promoText": "$1.20 ",
        "packageSize": "3 pack",
        "packagePrice": "$0.93 per 1Ea"
      }
    }
  },
  {
    "id": "multix-reuseme-resealable-sandwich-bags",
    "brand": "Multix",
    "name": "Reuseme Resealable Sandwich Bags",
    "imageUrl": "https://shop.coles.com.au/wcsstore/Coles-CAS/images/3/3/1/3312939-th.jpg",
    "categories": ["back-to-school"],
    "tags": ["lunchbox-fillers", "lunchbox-packaging"],
    "locations": {
      "vic": {
        "price": 2.8,
        "promoText": "$1.20 ",
        "packageSize": "3 pack",
        "packagePrice": "$0.93 per 1Ea"
      }
    }
  },
  {
    "id": "multix-greener-resealable-lunch-bags",
    "brand": "Multix",
    "name": "Greener Degradable Lunch Bags With Handle",
    "imageUrl": "https://shop.coles.com.au/wcsstore/Coles-CAS/images/3/3/1/3314366-th.jpg",
    "categories": ["back-to-school"],
    "tags": ["lunchbox-fillers", "lunchbox-packaging"],
    "locations": {
      "vic": {
        "price": 1.7,
        "promoText": " ",
        "packageSize": "10 pack",
        "packagePrice": "$0.17 per 1Ea"
      }
    }
  },
  {
    "id": "multix-greener-degradable-cling-wrap",
    "brand": "Multix",
    "name": "Greener Degradable Cling Wrap",
    "imageUrl": "https://shop.coles.com.au/wcsstore/Coles-CAS/images/3/3/1/3313680-th.jpg",
    "categories": ["back-to-school"],
    "tags": ["lunchbox-fillers", "lunchbox-packaging"],
    "locations": {
      "vic": {
        "price": 2.3,
        "promoText": " ",
        "packageSize": "30m",
        "packagePrice": "$0.08 per 1M"
      }
    }
  },
  {
    "id": "primo-roast-beef-sliced",
    "brand": "Primo",
    "name": "Roast Beef Sliced",
    "imageUrl": "https://shop.coles.com.au/wcsstore/ColesResponsiveStorefrontAssetStore/dist/ccfc54aed6e361b650bcf0582f7b576b/img/img_product-placeholder.png",
    "categories": ["back-to-school"],
    "tags": ["lunchbox-fillers", "sandwich-meats"],
    "locations": {
      "vic": {
        "price": 3.2,
        "promoText": "Any 3 $7.98",
        "packageSize": "120g",
        "packagePrice": "$26.67 per 1Kg"
      }
    }
  },
  {
    "id": "primo-pastrami-sliced",
    "brand": "Primo",
    "name": "Pastrami Sliced",
    "imageUrl": "https://shop.coles.com.au/wcsstore/ColesResponsiveStorefrontAssetStore/dist/ccfc54aed6e361b650bcf0582f7b576b/img/img_product-placeholder.png",
    "categories": ["back-to-school"],
    "tags": ["lunchbox-fillers", "sandwich-meats"],
    "locations": {
      "vic": {
        "price": 3,
        "promoText": "Any 3 $7.98",
        "packageSize": "120g",
        "packagePrice": "$2.50 per 100G"
      }
    }
  },
  {
    "id": "primo-silverside-sliced",
    "brand": "Primo",
    "name": "Silverside Sliced",
    "imageUrl": "https://shop.coles.com.au/wcsstore/ColesResponsiveStorefrontAssetStore/dist/ccfc54aed6e361b650bcf0582f7b576b/img/img_product-placeholder.png",
    "categories": ["back-to-school"],
    "tags": ["lunchbox-fillers", "sandwich-meats"],
    "locations": {
      "vic": {
        "price": 3,
        "promoText": "Any 3 $7.98",
        "packageSize": "120g",
        "packagePrice": "$25.00 per 1Kg"
      }
    }
  },
  {
    "id": "strasburg-round-sliced",
    "brand": "Coles Deli",
    "name": "Sliced Don Round Strasburg",
    "imageUrl": "https://shop.coles.com.au/wcsstore/Coles-CAS/images/2/4/8/248797-th.jpg",
    "categories": ["back-to-school"],
    "tags": ["lunchbox-fillers", "sandwich-meats"],
    "locations": {
      "vic": {
        "price": 2.13,
        "promoText": " ",
        "packageSize": "approx. 125g",
        "packagePrice": "$17.00 per 1kg"
      }
    }
  },
  {
    "id": "fettayleh-smallgoods-turkey-smoked-shaved",
    "brand": "Coles Deli",
    "name": "Shaved Fettayleh Smallgoods Smoked Turkey",
    "imageUrl": "https://shop.coles.com.au/wcsstore/Coles-CAS/images/9/8/9/9896694-th.jpg",
    "categories": ["back-to-school"],
    "tags": ["lunchbox-fillers", "sandwich-meats"],
    "locations": {
      "vic": {
        "price": 3.47,
        "promoText": " ",
        "packageSize": "approx. 125g",
        "packagePrice": "$27.75 per 1Kg"
      }
    }
  },
  {
    "id": "primo-sliced-devon",
    "brand": "Primo",
    "name": "Sliced Devon",
    "imageUrl": "https://shop.coles.com.au/wcsstore/ColesResponsiveStorefrontAssetStore/dist/ccfc54aed6e361b650bcf0582f7b576b/img/img_product-placeholder.png",
    "categories": ["back-to-school"],
    "tags": ["lunchbox-fillers", "sandwich-meats"],
    "locations": {
      "vic": {
        "price": 2,
        "promoText": " ",
        "packageSize": "220g",
        "packagePrice": "$9.09 per 1Kg"
      }
    }
  },
  {
    "id": "fettayleh-smallgoods-smoked-turkey-chilli",
    "brand": "Coles Deli",
    "name": "Sliced Fettayleh Smallgoods Smoked Chilli Turkey",
    "imageUrl": "https://shop.coles.com.au/wcsstore/Coles-CAS/images/9/8/9/9896683-th.jpg",
    "categories": ["back-to-school"],
    "tags": ["lunchbox-fillers", "sandwich-meats"],
    "locations": {
      "vic": {
        "price": 3.47,
        "promoText": " ",
        "packageSize": "approx. 125g",
        "packagePrice": "$27.75 per 1Kg"
      }
    }
  },
  {
    "id": "fettayleh-smallgoods-salami",
    "brand": "Coles Deli",
    "name": "Sliced Fettayleh Smallgoods Salami",
    "imageUrl": "https://shop.coles.com.au/wcsstore/Coles-CAS/images/1/0/3/1031542-th.jpg",
    "categories": ["back-to-school"],
    "tags": ["lunchbox-fillers", "sandwich-meats"],
    "locations": {
      "vic": {
        "price": 2.25,
        "promoText": " ",
        "packageSize": "approx. 125g",
        "packagePrice": "$18.00 per 1Kg"
      }
    }
  },
  {
    "id": "primo-sliced-strassburg",
    "brand": "Primo",
    "name": "Strassburg Sliced",
    "imageUrl": "https://shop.coles.com.au/wcsstore/ColesResponsiveStorefrontAssetStore/dist/ccfc54aed6e361b650bcf0582f7b576b/img/img_product-placeholder.png",
    "categories": ["back-to-school"],
    "tags": ["lunchbox-fillers", "sandwich-meats"],
    "locations": {
      "vic": {
        "price": 3,
        "promoText": "Any 3 $7.98",
        "packageSize": "180g",
        "packagePrice": "$1.67 per 100G"
      }
    }
  },
  {
    "id": "vegemite-spread-5998852p",
    "brand": "Vegemite",
    "name": "Spread",
    "imageUrl": "https://shop.coles.com.au/wcsstore/Coles-CAS/images/5/9/9/5998852-th.jpg",
    "categories": ["back-to-school"],
    "tags": ["lunchbox-fillers", "sandwich-spreads"],
    "locations": {
      "vic": {
        "price": 6.5,
        "promoText": " ",
        "packageSize": "380g",
        "packagePrice": "$1.71 per 100G"
      }
    }
  },
  {
    "id": "kraft-cheese-cheddar-block",
    "brand": "Bega",
    "name": "Dairylea Cheddar Cheese Block",
    "imageUrl": "https://shop.coles.com.au/wcsstore/Coles-CAS/images/1/2/7/127431-th.jpg",
    "categories": ["back-to-school"],
    "tags": ["lunchbox-fillers", "sandwich-spreads"],
    "locations": {
      "vic": {
        "price": 4,
        "promoText": " ",
        "packageSize": "250g",
        "packagePrice": "$16.00 per 1Kg"
      }
    }
  },
  {
    "id": "vegemite-spread-6032906p",
    "brand": "Vegemite",
    "name": "Spread",
    "imageUrl": "https://shop.coles.com.au/wcsstore/Coles-CAS/images/6/0/3/6032906-th.jpg",
    "categories": ["back-to-school"],
    "tags": ["lunchbox-fillers", "sandwich-spreads"],
    "locations": {
      "vic": {
        "price": 4,
        "promoText": " ",
        "packageSize": "220g",
        "packagePrice": "$1.82 per 100G"
      }
    }
  },
  {
    "id": "capilano-honey-premium-blend-up-side-down",
    "brand": "Capilano",
    "name": "Pure Honey Squeeze",
    "imageUrl": "https://shop.coles.com.au/wcsstore/Coles-CAS/images/9/2/4/9247578-th.jpg",
    "categories": ["back-to-school"],
    "tags": ["lunchbox-fillers", "sandwich-spreads"],
    "locations": {
      "vic": {
        "price": 8.6,
        "promoText": " ",
        "packageSize": "500g",
        "packagePrice": "$1.72 per 100G"
      }
    }
  },
  {
    "id": "cottees-jam-strawberry-conserve",
    "brand": "Cottee's",
    "name": "Strawberry Jam",
    "imageUrl": "https://shop.coles.com.au/wcsstore/Coles-CAS/images/1/3/1/131188-th.jpg",
    "categories": ["back-to-school"],
    "tags": ["lunchbox-fillers", "sandwich-spreads"],
    "locations": {
      "vic": {
        "price": 2.5,
        "promoText": "Was $3.35 on Mar 2018 ",
        "packageSize": "500g",
        "packagePrice": "$0.50 per 100G"
      }
    }
  },
  {
    "id": "bonne-maman-jam-raspberry",
    "brand": "Bonne Maman",
    "name": "Raspberry Jam",
    "imageUrl": "https://shop.coles.com.au/wcsstore/Coles-CAS/images/8/5/5/8558164-th.jpg",
    "categories": ["back-to-school"],
    "tags": ["lunchbox-fillers", "sandwich-spreads"],
    "locations": {
      "vic": {
        "price": 5.2,
        "promoText": " ",
        "packageSize": "370g",
        "packagePrice": "$1.41 per 100G"
      }
    }
  },
  {
    "id": "bonne-maman-jam-strawberry",
    "brand": "Bonne Maman",
    "name": "Strawberry Jam",
    "imageUrl": "https://shop.coles.com.au/wcsstore/Coles-CAS/images/5/9/3/5935149-th.jpg",
    "categories": ["back-to-school"],
    "tags": ["lunchbox-fillers", "sandwich-spreads"],
    "locations": {
      "vic": {
        "price": 5.2,
        "promoText": " ",
        "packageSize": "370g",
        "packagePrice": "$1.41 per 100G"
      }
    }
  },
  {
    "id": "vegemite-spread",
    "brand": "Vegemite",
    "name": "Spread",
    "imageUrl": "https://shop.coles.com.au/wcsstore/Coles-CAS/images/6/0/3/6032961-th.jpg",
    "categories": ["back-to-school"],
    "tags": ["lunchbox-fillers", "sandwich-spreads"],
    "locations": {
      "vic": {
        "price": 2.8,
        "promoText": "$0.70 ",
        "packageSize": "150g",
        "packagePrice": "$1.87 per 100G"
      }
    }
  },
  {
    "id": "st-dalfour-fruit-spread-strawberry",
    "brand": "St Dalfour",
    "name": "Strawberry Spread",
    "imageUrl": "https://shop.coles.com.au/wcsstore/Coles-CAS/images/5/7/0/5704372-th.jpg",
    "categories": ["back-to-school"],
    "tags": ["lunchbox-fillers", "sandwich-spreads"],
    "locations": {
      "vic": {
        "price": 3,
        "promoText": "$1.50 ",
        "packageSize": "284g",
        "packagePrice": "$1.06 per 100G"
      }
    }
  },
  {
    "id": "beechworth-honey-upside-down",
    "brand": "Beechworth",
    "name": "Pure Australian Honey Squeeze",
    "imageUrl": "https://shop.coles.com.au/wcsstore/Coles-CAS/images/7/0/0/7009637-th.jpg",
    "categories": ["back-to-school"],
    "tags": ["lunchbox-fillers", "sandwich-spreads"],
    "locations": {
      "vic": {
        "price": 7.9,
        "promoText": " ",
        "packageSize": "400g",
        "packagePrice": "$1.98 per 100G"
      }
    }
  },
  {
    "id": "st-dalfour-fruit-spread-red-raspberry",
    "brand": "St Dalfour",
    "name": "Red Raspberry Spread",
    "imageUrl": "https://shop.coles.com.au/wcsstore/Coles-CAS/images/5/7/0/5704350-th.jpg",
    "categories": ["back-to-school"],
    "tags": ["lunchbox-fillers", "sandwich-spreads"],
    "locations": {
      "vic": {
        "price": 3,
        "promoText": "$1.50 ",
        "packageSize": "284g",
        "packagePrice": "$1.06 per 100G"
      }
    }
  },
  {
    "id": "capilano-manuka-honey",
    "brand": "Capilano",
    "name": "Manuka Dark & Aromatic Honey",
    "imageUrl": "https://shop.coles.com.au/wcsstore/Coles-CAS/images/6/9/9/6999894-th.jpg",
    "categories": ["back-to-school"],
    "tags": ["lunchbox-fillers", "sandwich-spreads"],
    "locations": {
      "vic": {
        "price": 8.5,
        "promoText": " ",
        "packageSize": "340g",
        "packagePrice": "$2.50 per 100G"
      }
    }
  },
  {
    "id": "coles-australian-honey-2912453p",
    "brand": "Coles",
    "name": "Pure Australian Honey Squeeze",
    "imageUrl": "https://shop.coles.com.au/wcsstore/Coles-CAS/images/2/9/1/2912453-th.jpg",
    "categories": ["back-to-school"],
    "tags": ["lunchbox-fillers", "sandwich-spreads"],
    "locations": {
      "vic": {
        "price": 7,
        "promoText": " ",
        "packageSize": "500g",
        "packagePrice": "$1.40 per 100G"
      }
    }
  },
  {
    "id": "capilano-pure-australian-honey",
    "brand": "Capilano",
    "name": "Pure Honey Squeeze",
    "imageUrl": "https://shop.coles.com.au/wcsstore/Coles-CAS/images/2/6/3/2630269-th.jpg",
    "categories": ["back-to-school"],
    "tags": ["lunchbox-fillers", "sandwich-spreads"],
    "locations": {
      "vic": {
        "price": 6.6,
        "promoText": " ",
        "packageSize": "340g",
        "packagePrice": "$1.94 per 100G"
      }
    }
  },
  {
    "id": "coles-australian-honey",
    "brand": "Coles",
    "name": "Pure Australian Honey Jar",
    "imageUrl": "https://shop.coles.com.au/wcsstore/Coles-CAS/images/2/9/1/2912511-th.jpg",
    "categories": ["back-to-school"],
    "tags": ["lunchbox-fillers", "sandwich-spreads"],
    "locations": {
      "vic": {
        "price": 6.5,
        "promoText": " ",
        "packageSize": "500g",
        "packagePrice": "$1.30 per 100G"
      }
    }
  },
  {
    "id": "anathoth-strawberry-jam",
    "brand": "Barker's",
    "name": "Strawberry Jam",
    "imageUrl": "https://shop.coles.com.au/wcsstore/Coles-CAS/images/7/5/4/7549361-th.jpg",
    "categories": ["back-to-school"],
    "tags": ["lunchbox-fillers", "sandwich-spreads"],
    "locations": {
      "vic": {
        "price": 5,
        "promoText": " ",
        "packageSize": "455g",
        "packagePrice": "$1.10 per 100G"
      }
    }
  },
  {
    "id": "coles-brand-honey-pail",
    "brand": "Coles",
    "name": "Pure Australian Honey",
    "imageUrl": "https://shop.coles.com.au/wcsstore/Coles-CAS/images/4/7/5/4752370-th.jpg",
    "categories": ["back-to-school"],
    "tags": ["lunchbox-fillers", "sandwich-spreads"],
    "locations": {
      "vic": {
        "price": 11.5,
        "promoText": " ",
        "packageSize": "1kg",
        "packagePrice": "$1.15 per 100G"
      }
    }
  },
  {
    "id": "roses-marmalade-english-breakfast",
    "brand": "Rose's",
    "name": "English Breakfast Marmalade",
    "imageUrl": "https://shop.coles.com.au/wcsstore/Coles-CAS/images/3/1/5/315759-th.jpg",
    "categories": ["back-to-school"],
    "tags": ["lunchbox-fillers", "sandwich-spreads"],
    "locations": {
      "vic": {
        "price": 3.85,
        "promoText": "Was $4.50 on Nov 2019 ",
        "packageSize": "500g",
        "packagePrice": "$0.77 per 100G"
      }
    }
  },
  {
    "id": "beechworth-bee-cause-coastal-honey",
    "brand": "Beechworth",
    "name": "Bee Cause Australian Coastal Honey",
    "imageUrl": "https://shop.coles.com.au/wcsstore/Coles-CAS/images/2/9/0/2900396-th.jpg",
    "categories": ["back-to-school"],
    "tags": ["lunchbox-fillers", "sandwich-spreads"],
    "locations": {
      "vic": {
        "price": 8,
        "promoText": " ",
        "packageSize": "400g",
        "packagePrice": "$2.00 per 100G"
      }
    }
  },
  {
    "id": "beerenberg-jam-strawberry",
    "brand": "Beerenberg",
    "name": "Australian Strawberry Jam",
    "imageUrl": "https://shop.coles.com.au/wcsstore/Coles-CAS/images/6/9/9/6993720-th.jpg",
    "categories": ["back-to-school"],
    "tags": ["lunchbox-fillers", "sandwich-spreads"],
    "locations": {
      "vic": {
        "price": 4.7,
        "promoText": " ",
        "packageSize": "300g",
        "packagePrice": "$1.57 per 100G"
      }
    }
  },
  {
    "id": "bonne-maman-jam-apricot",
    "brand": "Bonne Maman",
    "name": "Apricot Jam",
    "imageUrl": "https://shop.coles.com.au/wcsstore/Coles-CAS/images/5/0/3/5034203-th.jpg",
    "categories": ["back-to-school"],
    "tags": ["lunchbox-fillers", "sandwich-spreads"],
    "locations": {
      "vic": {
        "price": 5.2,
        "promoText": " ",
        "packageSize": "370g",
        "packagePrice": "$1.41 per 100G"
      }
    }
  },
  {
    "id": "capilano-manuka-mgo30-active-honey",
    "brand": "Capilano",
    "name": "Manuka Active Honey",
    "imageUrl": "https://shop.coles.com.au/wcsstore/Coles-CAS/images/2/8/9/2898986-th.jpg",
    "categories": ["back-to-school"],
    "tags": ["lunchbox-fillers", "sandwich-spreads"],
    "locations": {
      "vic": {
        "price": 10,
        "promoText": " ",
        "packageSize": "340g",
        "packagePrice": "$2.94 per 100G"
      }
    }
  },
  {
    "id": "roses-jam-sweet-orange-marmalade",
    "brand": "Rose's",
    "name": "Sweet Orange Marmalade",
    "imageUrl": "https://shop.coles.com.au/wcsstore/Coles-CAS/images/9/4/0/9402740-th.jpg",
    "categories": ["back-to-school"],
    "tags": ["lunchbox-fillers", "sandwich-spreads"],
    "locations": {
      "vic": {
        "price": 3.85,
        "promoText": "Was $4.50 on Nov 2019 ",
        "packageSize": "500g",
        "packagePrice": "$0.77 per 100G"
      }
    }
  },
  {
    "id": "beechworth-bee-cause-river-honey",
    "brand": "Beechworth",
    "name": "Bee Cause Australian River Honey",
    "imageUrl": "https://shop.coles.com.au/wcsstore/Coles-CAS/images/2/6/2/2623864-th.jpg",
    "categories": ["back-to-school"],
    "tags": ["lunchbox-fillers", "sandwich-spreads"],
    "locations": {
      "vic": {
        "price": 8,
        "promoText": " ",
        "packageSize": "400g",
        "packagePrice": "$2.00 per 100G"
      }
    }
  },
  {
    "id": "beechworth-bee-cause-bush-honey",
    "brand": "Beechworth",
    "name": "Bee Cause Australian Bush Honey",
    "imageUrl": "https://shop.coles.com.au/wcsstore/Coles-CAS/images/2/9/0/2900385-th.jpg",
    "categories": ["back-to-school"],
    "tags": ["lunchbox-fillers", "sandwich-spreads"],
    "locations": {
      "vic": {
        "price": 8,
        "promoText": " ",
        "packageSize": "400g",
        "packagePrice": "$2.00 per 100G"
      }
    }
  },
  {
    "id": "beerenberg-jam-raspberry",
    "brand": "Beerenberg",
    "name": "Australian Raspberry Jam",
    "imageUrl": "https://shop.coles.com.au/wcsstore/Coles-CAS/images/7/2/5/7251723-th.jpg",
    "categories": ["back-to-school"],
    "tags": ["lunchbox-fillers", "sandwich-spreads"],
    "locations": {
      "vic": {
        "price": 4.7,
        "promoText": " ",
        "packageSize": "300g",
        "packagePrice": "$1.57 per 100G"
      }
    }
  },
  {
    "id": "beerenberg-jam-orange-marmalade",
    "brand": "Beerenberg",
    "name": "Australian Orange Marmalade",
    "imageUrl": "https://shop.coles.com.au/wcsstore/Coles-CAS/images/6/9/9/6993708-th.jpg",
    "categories": ["back-to-school"],
    "tags": ["lunchbox-fillers", "sandwich-spreads"],
    "locations": {
      "vic": {
        "price": 4.7,
        "promoText": " ",
        "packageSize": "300g",
        "packagePrice": "$1.57 per 100G"
      }
    }
  },
  {
    "id": "kraft-smooth-cashew-spread",
    "brand": "Bega",
    "name": "Cashew Spread Smooth",
    "imageUrl": "https://shop.coles.com.au/wcsstore/Coles-CAS/images/2/2/2/2222284-th.jpg",
    "categories": ["back-to-school"],
    "tags": ["lunchbox-fillers", "sandwich-spreads"],
    "locations": {
      "vic": {
        "price": 5.7,
        "promoText": " ",
        "packageSize": "325g",
        "packagePrice": "$1.75 per 100G"
      }
    }
  },
  {
    "id": "capilano-manuka-mg0-300-honey",
    "brand": "Capilano",
    "name": "Manuka Honey MGO 300+ Upside Down",
    "imageUrl": "https://shop.coles.com.au/wcsstore/Coles-CAS/images/3/6/0/3605450-th.jpg",
    "categories": ["back-to-school"],
    "tags": ["lunchbox-fillers", "sandwich-spreads"],
    "locations": {
      "vic": {
        "price": 30,
        "promoText": " ",
        "packageSize": "340g",
        "packagePrice": "$8.82 per 100G"
      }
    }
  },
  {
    "id": "coles-honey-squeeze",
    "brand": "Coles",
    "name": "Pure Australian Honey Squeeze",
    "imageUrl": "https://shop.coles.com.au/wcsstore/Coles-CAS/images/7/5/7/7570029-th.jpg",
    "categories": ["back-to-school"],
    "tags": ["lunchbox-fillers", "sandwich-spreads"],
    "locations": {
      "vic": {
        "price": 5.2,
        "promoText": " ",
        "packageSize": "375g",
        "packagePrice": "$1.39 per 100G"
      }
    }
  },
  {
    "id": "coles-jam-strawberry-5409430p",
    "brand": "Coles",
    "name": "Strawberry Jam",
    "imageUrl": "https://shop.coles.com.au/wcsstore/Coles-CAS/images/5/4/0/5409430-th.jpg",
    "categories": ["back-to-school"],
    "tags": ["lunchbox-fillers", "sandwich-spreads"],
    "locations": {
      "vic": {
        "price": 2.3,
        "promoText": " ",
        "packageSize": "480g",
        "packagePrice": "$0.48 per 100G"
      }
    }
  },
  {
    "id": "coles-almond-butter-3214237p",
    "brand": "Coles",
    "name": "Roasted Almond Butter",
    "imageUrl": "https://shop.coles.com.au/wcsstore/Coles-CAS/images/3/2/1/3214237-th.jpg",
    "categories": ["back-to-school"],
    "tags": ["lunchbox-fillers", "sandwich-spreads"],
    "locations": {
      "vic": {
        "price": 7,
        "promoText": " ",
        "packageSize": "250g",
        "packagePrice": "$2.80 per 100G"
      }
    }
  },
  {
    "id": "cottees-jam-plum",
    "brand": "Cottee's",
    "name": "Plum Jam",
    "imageUrl": "https://shop.coles.com.au/wcsstore/Coles-CAS/images/1/7/4/174395-th.jpg",
    "categories": ["back-to-school"],
    "tags": ["lunchbox-fillers", "sandwich-spreads"],
    "locations": {
      "vic": {
        "price": 2.5,
        "promoText": "Was $3.35 on Mar 2018 ",
        "packageSize": "500g",
        "packagePrice": "$0.50 per 100G"
      }
    }
  },
  {
    "id": "ixl-glass-conserve-jam-strawberry",
    "brand": "IXL",
    "name": "Strawberry Jam",
    "imageUrl": "https://shop.coles.com.au/wcsstore/Coles-CAS/images/2/8/2/2824651-th.jpg",
    "categories": ["back-to-school"],
    "tags": ["lunchbox-fillers", "sandwich-spreads"],
    "locations": {
      "vic": {
        "price": 3.5,
        "promoText": " ",
        "packageSize": "480g",
        "packagePrice": "$0.73 per 100G"
      }
    }
  },
  {
    "id": "masterfoods-promite",
    "brand": "MasterFoods",
    "name": "Promite Spread",
    "imageUrl": "https://shop.coles.com.au/wcsstore/Coles-CAS/images/2/2/4/224959-th.jpg",
    "categories": ["back-to-school"],
    "tags": ["lunchbox-fillers", "sandwich-spreads"],
    "locations": {
      "vic": {
        "price": 4.4,
        "promoText": " ",
        "packageSize": "290g",
        "packagePrice": "$1.52 per 100G"
      }
    }
  },
  {
    "id": "st-dalfour-fruit-spread-wild-blueberry",
    "brand": "St Dalfour",
    "name": "Wild Blueberry Spread",
    "imageUrl": "https://shop.coles.com.au/wcsstore/Coles-CAS/images/5/7/0/5704420-th.jpg",
    "categories": ["back-to-school"],
    "tags": ["lunchbox-fillers", "sandwich-spreads"],
    "locations": {
      "vic": {
        "price": 3,
        "promoText": "$1.50 ",
        "packageSize": "284g",
        "packagePrice": "$1.06 per 100G"
      }
    }
  },
  {
    "id": "vegemite-gluten-free",
    "brand": "Vegemite",
    "name": "Gluten Free Spread",
    "imageUrl": "https://shop.coles.com.au/wcsstore/Coles-CAS/images/3/4/4/3447643-th.jpg",
    "categories": ["back-to-school"],
    "tags": ["lunchbox-fillers", "sandwich-spreads"],
    "locations": {
      "vic": {
        "price": 3.8,
        "promoText": "$1.10 ",
        "packageSize": "235g",
        "packagePrice": "$1.62 per 100G"
      }
    }
  },
  {
    "id": "beechworth--limited-edition-quirky--bee-honey",
    "brand": "Beechworth",
    "name": "Bee Raw Honey & Honeycomb",
    "imageUrl": "https://shop.coles.com.au/wcsstore/Coles-CAS/images/2/6/2/2623795-th.jpg",
    "categories": ["back-to-school"],
    "tags": ["lunchbox-fillers", "sandwich-spreads"],
    "locations": {
      "vic": {
        "price": 11,
        "promoText": " ",
        "packageSize": "350g",
        "packagePrice": "$3.14 per 100G"
      }
    }
  },
  {
    "id": "bonne-maman-jam-blackberry",
    "brand": "Bonne Maman",
    "name": "Blackberry Jam",
    "imageUrl": "https://shop.coles.com.au/wcsstore/Coles-CAS/images/7/7/9/7797385-th.jpg",
    "categories": ["back-to-school"],
    "tags": ["lunchbox-fillers", "sandwich-spreads"],
    "locations": {
      "vic": {
        "price": 5.2,
        "promoText": " ",
        "packageSize": "370g",
        "packagePrice": "$1.41 per 100G"
      }
    }
  },
  {
    "id": "bonne-maman-jam-fig",
    "brand": "Bonne Maman",
    "name": "Fig Jam",
    "imageUrl": "https://shop.coles.com.au/wcsstore/Coles-CAS/images/7/0/1/7011800-th.jpg",
    "categories": ["back-to-school"],
    "tags": ["lunchbox-fillers", "sandwich-spreads"],
    "locations": {
      "vic": {
        "price": 5.2,
        "promoText": " ",
        "packageSize": "370g",
        "packagePrice": "$1.41 per 100G"
      }
    }
  },
  {
    "id": "buderim-spread-ginger-marmalade",
    "brand": "Buderim Ginger",
    "name": "Original Ginger Marmalade",
    "imageUrl": "https://shop.coles.com.au/wcsstore/Coles-CAS/images/5/1/0/5103441-th.jpg",
    "categories": ["back-to-school"],
    "tags": ["lunchbox-fillers", "sandwich-spreads"],
    "locations": {
      "vic": {
        "price": 3.4,
        "promoText": " ",
        "packageSize": "365g",
        "packagePrice": "$0.93 per 100G"
      }
    }
  },
  {
    "id": "capilano-twist-squeeze-honey-clear",
    "brand": "Capilano",
    "name": "Clear Honey Twist & Squeeze",
    "imageUrl": "https://shop.coles.com.au/wcsstore/Coles-CAS/images/7/0/0/7000188-th.jpg",
    "categories": ["back-to-school"],
    "tags": ["lunchbox-fillers", "sandwich-spreads"],
    "locations": {
      "vic": {
        "price": 7.2,
        "promoText": " ",
        "packageSize": "375g",
        "packagePrice": "$1.92 per 100G"
      }
    }
  },
  {
    "id": "capilano-honey-pure-clear",
    "brand": "Capilano",
    "name": "Pure Honey",
    "imageUrl": "https://shop.coles.com.au/wcsstore/Coles-CAS/images/3/1/3/313367-th.jpg",
    "categories": ["back-to-school"],
    "tags": ["lunchbox-fillers", "sandwich-spreads"],
    "locations": {
      "vic": {
        "price": 8.6,
        "promoText": " ",
        "packageSize": "500g",
        "packagePrice": "$1.72 per 100G"
      }
    }
  },
  {
    "id": "capilano-twist-squeeze-honey",
    "brand": "Capilano",
    "name": "Twist & Squeeze Pure Honey",
    "imageUrl": "https://shop.coles.com.au/wcsstore/Coles-CAS/images/2/2/1/2212484-th.jpg",
    "categories": ["back-to-school"],
    "tags": ["lunchbox-fillers", "sandwich-spreads"],
    "locations": {
      "vic": {
        "price": 4.7,
        "promoText": " ",
        "packageSize": "220g",
        "packagePrice": "$2.14 per 100G"
      }
    }
  },
  {
    "id": "cottees-jam-raspberry",
    "brand": "Cottee's",
    "name": "Raspberry Jam",
    "imageUrl": "https://shop.coles.com.au/wcsstore/Coles-CAS/images/1/3/1/131348-th.jpg",
    "categories": ["back-to-school"],
    "tags": ["lunchbox-fillers", "sandwich-spreads"],
    "locations": {
      "vic": {
        "price": 2.5,
        "promoText": "Was $3.35 on Mar 2018 ",
        "packageSize": "500g",
        "packagePrice": "$0.50 per 100G"
      }
    }
  },
  {
    "id": "cottees-jam-apricot",
    "brand": "Cottee's",
    "name": "Apricot Jam",
    "imageUrl": "https://shop.coles.com.au/wcsstore/Coles-CAS/images/2/8/4/284451-th.jpg",
    "categories": ["back-to-school"],
    "tags": ["lunchbox-fillers", "sandwich-spreads"],
    "locations": {
      "vic": {
        "price": 2.5,
        "promoText": "Was $3.35 on Mar 2018 ",
        "packageSize": "500g",
        "packagePrice": "$0.50 per 100G"
      }
    }
  },
  {
    "id": "lotus-biscoff-smooth-biscuit-spread",
    "brand": "Lotus",
    "name": "Biscoff Spread",
    "imageUrl": "https://shop.coles.com.au/wcsstore/Coles-CAS/images/3/5/7/3577219-th.jpg",
    "categories": ["back-to-school"],
    "tags": ["lunchbox-fillers", "sandwich-spreads"],
    "locations": {
      "vic": {
        "price": 5.5,
        "promoText": " ",
        "packageSize": "400g",
        "packagePrice": "$1.38 per 100G"
      }
    }
  },
  {
    "id": "nutty-bruce-crunchy-almond-butter",
    "brand": "Nutty Bruce",
    "name": "Crunchy Almond Butter",
    "imageUrl": "https://shop.coles.com.au/wcsstore/Coles-CAS/images/3/5/7/3579633-th.jpg",
    "categories": ["back-to-school"],
    "tags": ["lunchbox-fillers", "sandwich-spreads"],
    "locations": {
      "vic": {
        "price": 8.95,
        "promoText": " ",
        "packageSize": "250g",
        "packagePrice": "$3.58 per 100G"
      }
    }
  },
  {
    "id": "nutty-bruce-smooth-almond-butter",
    "brand": "Nutty Bruce",
    "name": "Smooth Almond Butter",
    "imageUrl": "https://shop.coles.com.au/wcsstore/Coles-CAS/images/3/5/7/3579622-th.jpg",
    "categories": ["back-to-school"],
    "tags": ["lunchbox-fillers", "sandwich-spreads"],
    "locations": {
      "vic": {
        "price": 8.95,
        "promoText": " ",
        "packageSize": "250g",
        "packagePrice": "$3.58 per 100G"
      }
    }
  },
  {
    "id": "pecks-jar-paste-anchovette-130130p",
    "brand": "Peck's",
    "name": "Anchovette Spread",
    "imageUrl": "https://shop.coles.com.au/wcsstore/Coles-CAS/images/1/3/0/130130-th.jpg",
    "categories": ["back-to-school"],
    "tags": ["lunchbox-fillers", "sandwich-spreads"],
    "locations": {
      "vic": {
        "price": 1.9,
        "promoText": " ",
        "packageSize": "50g",
        "packagePrice": "$3.80 per 100G"
      }
    }
  },
  {
    "id": "st-dalfour-fruit-spread-thick-apricot",
    "brand": "St Dalfour",
    "name": "Thick Apricot Spread",
    "imageUrl": "https://shop.coles.com.au/wcsstore/Coles-CAS/images/5/7/0/5704394-th.jpg",
    "categories": ["back-to-school"],
    "tags": ["lunchbox-fillers", "sandwich-spreads"],
    "locations": {
      "vic": {
        "price": 3,
        "promoText": "$1.50 ",
        "packageSize": "284g",
        "packagePrice": "$1.06 per 100G"
      }
    }
  },
  {
    "id": "st-dalfour-fruit-spread-orange-marmalade",
    "brand": "St Dalfour",
    "name": "Orange Marmalade",
    "imageUrl": "https://shop.coles.com.au/wcsstore/Coles-CAS/images/5/7/0/5704317-th.jpg",
    "categories": ["back-to-school"],
    "tags": ["lunchbox-fillers", "sandwich-spreads"],
    "locations": {
      "vic": {
        "price": 3,
        "promoText": "$1.50 ",
        "packageSize": "284g",
        "packagePrice": "$1.06 per 100G"
      }
    }
  },
  {
    "id": "anathoth-jam-apricot",
    "brand": "Barker's",
    "name": "Apricot Jam",
    "imageUrl": "https://shop.coles.com.au/wcsstore/Coles-CAS/images/7/6/8/7682827-th.jpg",
    "categories": ["back-to-school"],
    "tags": ["lunchbox-fillers", "sandwich-spreads"],
    "locations": {
      "vic": {
        "price": 5,
        "promoText": " ",
        "packageSize": "455g",
        "packagePrice": "$1.10 per 100G"
      }
    }
  },
  {
    "id": "anathoth-jam-three-berry",
    "brand": "Barker's",
    "name": "Three Berry Jam",
    "imageUrl": "https://shop.coles.com.au/wcsstore/Coles-CAS/images/7/6/8/7682838-th.jpg",
    "categories": ["back-to-school"],
    "tags": ["lunchbox-fillers", "sandwich-spreads"],
    "locations": {
      "vic": {
        "price": 5,
        "promoText": " ",
        "packageSize": "455g",
        "packagePrice": "$1.10 per 100G"
      }
    }
  },
  {
    "id": "beechworth-honey",
    "brand": "Beechworth",
    "name": "Pure Australian Honey",
    "imageUrl": "https://shop.coles.com.au/wcsstore/Coles-CAS/images/2/6/2/2624437-th.jpg",
    "categories": ["back-to-school"],
    "tags": ["lunchbox-fillers", "sandwich-spreads"],
    "locations": {
      "vic": {
        "price": 8,
        "promoText": " ",
        "packageSize": "500g",
        "packagePrice": "$1.60 per 100G"
      }
    }
  },
  {
    "id": "beechworth-bee-bold-honey",
    "brand": "Beechworth",
    "name": "Bee Bold 100% Australian Honey",
    "imageUrl": "https://shop.coles.com.au/wcsstore/Coles-CAS/images/3/5/9/3597136-th.jpg",
    "categories": ["back-to-school"],
    "tags": ["lunchbox-fillers", "sandwich-spreads"],
    "locations": {
      "vic": {
        "price": 8.5,
        "promoText": " ",
        "packageSize": "350g",
        "packagePrice": "$2.43 per 100G"
      }
    }
  },
  {
    "id": "kraft-cheese-cheddar",
    "brand": "Bega",
    "name": "Dairylea Cheddar Cheese Block",
    "imageUrl": "https://shop.coles.com.au/wcsstore/Coles-CAS/images/1/3/0/130775-th.jpg",
    "categories": ["back-to-school"],
    "tags": ["lunchbox-fillers", "sandwich-spreads"],
    "locations": {
      "vic": {
        "price": 6.6,
        "promoText": " ",
        "packageSize": "500g",
        "packagePrice": "$13.20 per 1Kg"
      }
    }
  },
  {
    "id": "bonne-maman-jam-cherry",
    "brand": "Bonne Maman",
    "name": "Cherry Jam",
    "imageUrl": "https://shop.coles.com.au/wcsstore/Coles-CAS/images/8/5/5/8558200-th.jpg",
    "categories": ["back-to-school"],
    "tags": ["lunchbox-fillers", "sandwich-spreads"],
    "locations": {
      "vic": {
        "price": 5.2,
        "promoText": " ",
        "packageSize": "370g",
        "packagePrice": "$1.41 per 100G"
      }
    }
  },
  {
    "id": "capilano-honey-organic",
    "brand": "Capilano",
    "name": "Organic Honey Up Side Down",
    "imageUrl": "https://shop.coles.com.au/wcsstore/Coles-CAS/images/1/1/6/1166100-th.jpg",
    "categories": ["back-to-school"],
    "tags": ["lunchbox-fillers", "sandwich-spreads"],
    "locations": {
      "vic": {
        "price": 9,
        "promoText": " ",
        "packageSize": "340g",
        "packagePrice": "$2.65 per 100G"
      }
    }
  },
  {
    "id": "coles-jam-raspberry",
    "brand": "Coles",
    "name": "Raspberry Jam",
    "imageUrl": "https://shop.coles.com.au/wcsstore/Coles-CAS/images/5/4/0/5409452-th.jpg",
    "categories": ["back-to-school"],
    "tags": ["lunchbox-fillers", "sandwich-spreads"],
    "locations": {
      "vic": {
        "price": 2.3,
        "promoText": " ",
        "packageSize": "480g",
        "packagePrice": "$0.48 per 100G"
      }
    }
  },
  {
    "id": "coles-brand-jam-breakfast-marmalade",
    "brand": "Coles",
    "name": "Breakfast Marmalade",
    "imageUrl": "https://shop.coles.com.au/wcsstore/Coles-CAS/images/5/4/0/5409510-th.jpg",
    "categories": ["back-to-school"],
    "tags": ["lunchbox-fillers", "sandwich-spreads"],
    "locations": {
      "vic": {
        "price": 2.3,
        "promoText": " ",
        "packageSize": "480g",
        "packagePrice": "$0.48 per 100G"
      }
    }
  },
  {
    "id": "coles-smart-buy-spread-strawberry",
    "brand": "Coles",
    "name": "Strawberry Fruit Spread",
    "imageUrl": "https://shop.coles.com.au/wcsstore/Coles-CAS/images/5/2/7/5271093-th.jpg",
    "categories": ["back-to-school"],
    "tags": ["lunchbox-fillers", "sandwich-spreads"],
    "locations": {
      "vic": {
        "price": 1.3,
        "promoText": " ",
        "packageSize": "500g",
        "packagePrice": "$0.28 per 100G"
      }
    }
  },
  {
    "id": "coles-australian-honey-3185015p",
    "brand": "Coles",
    "name": "Pure Australian Honey Squeeze",
    "imageUrl": "https://shop.coles.com.au/wcsstore/Coles-CAS/images/3/1/8/3185015-th.jpg",
    "categories": ["back-to-school"],
    "tags": ["lunchbox-fillers", "sandwich-spreads"],
    "locations": {
      "vic": {
        "price": 13.5,
        "promoText": " ",
        "packageSize": "1 kg",
        "packagePrice": "$13.50 per 1Kg"
      }
    }
  },
  {
    "id": "coles-australian-red-gum-honey",
    "brand": "Coles",
    "name": "Australian Red Gum Honey",
    "imageUrl": "https://shop.coles.com.au/wcsstore/Coles-CAS/images/3/5/7/3579677-th.jpg",
    "categories": ["back-to-school"],
    "tags": ["lunchbox-fillers", "sandwich-spreads"],
    "locations": {
      "vic": {
        "price": 6.5,
        "promoText": " ",
        "packageSize": "400g",
        "packagePrice": "$1.63 per 100G"
      }
    }
  },
  {
    "id": "coles-qld-macadamia-honey",
    "brand": "Coles",
    "name": "Queensland Macadamia Honey",
    "imageUrl": "https://shop.coles.com.au/wcsstore/Coles-CAS/images/3/5/7/3579666-th.jpg",
    "categories": ["back-to-school"],
    "tags": ["lunchbox-fillers", "sandwich-spreads"],
    "locations": {
      "vic": {
        "price": 6.5,
        "promoText": " ",
        "packageSize": "400g",
        "packagePrice": "$1.63 per 100G"
      }
    }
  },
  {
    "id": "cottees-jam-blackberry",
    "brand": "Cottee's",
    "name": "Blackberry Jam",
    "imageUrl": "https://shop.coles.com.au/wcsstore/Coles-CAS/images/1/9/0/190314-th.jpg",
    "categories": ["back-to-school"],
    "tags": ["lunchbox-fillers", "sandwich-spreads"],
    "locations": {
      "vic": {
        "price": 2.5,
        "promoText": "Was $3.35 on Mar 2018 ",
        "packageSize": "500g",
        "packagePrice": "$0.50 per 100G"
      }
    }
  },
  {
    "id": "ixl-glass-conserve-jam-raspberry",
    "brand": "IXL",
    "name": "Raspberry Jam",
    "imageUrl": "https://shop.coles.com.au/wcsstore/Coles-CAS/images/2/8/2/2824640-th.jpg",
    "categories": ["back-to-school"],
    "tags": ["lunchbox-fillers", "sandwich-spreads"],
    "locations": {
      "vic": {
        "price": 3.5,
        "promoText": " ",
        "packageSize": "480g",
        "packagePrice": "$0.73 per 100G"
      }
    }
  },
  {
    "id": "ixl-glass-conserve-jam-fruit-of-forest",
    "brand": "IXL",
    "name": "Fruit Of Forest Jam",
    "imageUrl": "https://shop.coles.com.au/wcsstore/Coles-CAS/images/2/8/2/2824662-th.jpg",
    "categories": ["back-to-school"],
    "tags": ["lunchbox-fillers", "sandwich-spreads"],
    "locations": {
      "vic": {
        "price": 3.5,
        "promoText": " ",
        "packageSize": "480g",
        "packagePrice": "$0.73 per 100G"
      }
    }
  },
  {
    "id": "ixl--glass-conserve-jam-breakfast-marmalade",
    "brand": "IXL",
    "name": "Breakfast Marmalade",
    "imageUrl": "https://shop.coles.com.au/wcsstore/Coles-CAS/images/2/8/2/2824684-th.jpg",
    "categories": ["back-to-school"],
    "tags": ["lunchbox-fillers", "sandwich-spreads"],
    "locations": {
      "vic": {
        "price": 3.5,
        "promoText": " ",
        "packageSize": "480g",
        "packagePrice": "$0.73 per 100G"
      }
    }
  },
  {
    "id": "pureharvest-raw-organic-honey",
    "brand": "Pureharvest",
    "name": "Raw Organic Honey",
    "imageUrl": "https://shop.coles.com.au/wcsstore/Coles-CAS/images/9/6/5/9657300-th.jpg",
    "categories": ["back-to-school"],
    "tags": ["lunchbox-fillers", "sandwich-spreads"],
    "locations": {
      "vic": {
        "price": 9,
        "promoText": " ",
        "packageSize": "500g",
        "packagePrice": "$1.80 per 100G"
      }
    }
  },
  {
    "id": "anathoth-lemon-curd",
    "brand": "Barker's",
    "name": "Lemon Curd",
    "imageUrl": "https://shop.coles.com.au/wcsstore/Coles-CAS/images/1/1/6/1162256-th.jpg",
    "categories": ["back-to-school"],
    "tags": ["lunchbox-fillers", "sandwich-spreads"],
    "locations": {
      "vic": {
        "price": 5,
        "promoText": " ",
        "packageSize": "420g",
        "packagePrice": "$1.19 per 100G"
      }
    }
  },
  {
    "id": "anathoth-raspberry-jam",
    "brand": "Barker's",
    "name": "Raspberry Jam",
    "imageUrl": "https://shop.coles.com.au/wcsstore/Coles-CAS/images/7/5/4/7549350-th.jpg",
    "categories": ["back-to-school"],
    "tags": ["lunchbox-fillers", "sandwich-spreads"],
    "locations": {
      "vic": {
        "price": 5,
        "promoText": " ",
        "packageSize": "455g",
        "packagePrice": "$1.10 per 100G"
      }
    }
  },
  {
    "id": "beechworth-bee-warm-honey",
    "brand": "Beechworth",
    "name": "Bee Warm 100% Australian Honey",
    "imageUrl": "https://shop.coles.com.au/wcsstore/Coles-CAS/images/3/5/9/3597125-th.jpg",
    "categories": ["back-to-school"],
    "tags": ["lunchbox-fillers", "sandwich-spreads"],
    "locations": {
      "vic": {
        "price": 7.5,
        "promoText": "$1.00 ",
        "packageSize": "350g",
        "packagePrice": "$2.14 per 100G"
      }
    }
  },
  {
    "id": "beerenberg-jam-apricot",
    "brand": "Beerenberg",
    "name": "Australian Apricot Jam",
    "imageUrl": "https://shop.coles.com.au/wcsstore/Coles-CAS/images/6/9/9/6993650-th.jpg",
    "categories": ["back-to-school"],
    "tags": ["lunchbox-fillers", "sandwich-spreads"],
    "locations": {
      "vic": {
        "price": 4.7,
        "promoText": " ",
        "packageSize": "300g",
        "packagePrice": "$1.57 per 100G"
      }
    }
  },
  {
    "id": "kraft-crunchy-almond-spread",
    "brand": "Bega",
    "name": "Almond Spread Crunchy",
    "imageUrl": "https://shop.coles.com.au/wcsstore/Coles-CAS/images/2/2/2/2222262-th.jpg",
    "categories": ["back-to-school"],
    "tags": ["lunchbox-fillers", "sandwich-spreads"],
    "locations": {
      "vic": {
        "price": 5.7,
        "promoText": " ",
        "packageSize": "325g",
        "packagePrice": "$1.75 per 100G"
      }
    }
  },
  {
    "id": "capilano-creamed-honey",
    "brand": "Capilano",
    "name": "Creamed Honey",
    "imageUrl": "https://shop.coles.com.au/wcsstore/Coles-CAS/images/1/3/4/134801-th.jpg",
    "categories": ["back-to-school"],
    "tags": ["lunchbox-fillers", "sandwich-spreads"],
    "locations": {
      "vic": {
        "price": 8.8,
        "promoText": " ",
        "packageSize": "500g",
        "packagePrice": "$1.76 per 100G"
      }
    }
  },
  {
    "id": "capilano-dark-bold-upside-down-honey",
    "brand": "Capilano",
    "name": "Dark & Bold Honey Upside Down",
    "imageUrl": "https://shop.coles.com.au/wcsstore/Coles-CAS/images/3/5/8/3583594-th.jpg",
    "categories": ["back-to-school"],
    "tags": ["lunchbox-fillers", "sandwich-spreads"],
    "locations": {
      "vic": {
        "price": 6.9,
        "promoText": " ",
        "packageSize": "340g",
        "packagePrice": "$2.03 per 100G"
      }
    }
  },
  {
    "id": "capilano-light-smooth-upside-down-honey",
    "brand": "Capilano",
    "name": "Light & Smooth Honey Upside Down",
    "imageUrl": "https://shop.coles.com.au/wcsstore/Coles-CAS/images/3/5/8/3583572-th.jpg",
    "categories": ["back-to-school"],
    "tags": ["lunchbox-fillers", "sandwich-spreads"],
    "locations": {
      "vic": {
        "price": 6.9,
        "promoText": " ",
        "packageSize": "340g",
        "packagePrice": "$2.03 per 100G"
      }
    }
  },
  {
    "id": "coles-jam-apricot",
    "brand": "Coles",
    "name": "Apricot Jam",
    "imageUrl": "https://shop.coles.com.au/wcsstore/Coles-CAS/images/5/4/0/5409463-th.jpg",
    "categories": ["back-to-school"],
    "tags": ["lunchbox-fillers", "sandwich-spreads"],
    "locations": {
      "vic": {
        "price": 2.3,
        "promoText": " ",
        "packageSize": "480g",
        "packagePrice": "$0.48 per 100G"
      }
    }
  },
  {
    "id": "coles-smart-buy-marmalade-breakfast",
    "brand": "Coles",
    "name": "Marmalade Spread",
    "imageUrl": "https://shop.coles.com.au/wcsstore/Coles-CAS/images/5/2/7/5271107-th.jpg",
    "categories": ["back-to-school"],
    "tags": ["lunchbox-fillers", "sandwich-spreads"],
    "locations": {
      "vic": {
        "price": 1.3,
        "promoText": " ",
        "packageSize": "500g",
        "packagePrice": "$0.26 per 100G"
      }
    }
  },
  {
    "id": "cottees-breakfast-marmalade",
    "brand": "Cottee's",
    "name": "Breakfast Marmalade",
    "imageUrl": "https://shop.coles.com.au/wcsstore/Coles-CAS/images/1/3/1/131155-th.jpg",
    "categories": ["back-to-school"],
    "tags": ["lunchbox-fillers", "sandwich-spreads"],
    "locations": {
      "vic": {
        "price": 2.5,
        "promoText": "Was $3.35 on Mar 2018 ",
        "packageSize": "500g",
        "packagePrice": "$0.50 per 100G"
      }
    }
  },
  {
    "id": "cottees-breakfast-marmalade-2929977p",
    "brand": "Cottee's",
    "name": "Breakfast Marmalade",
    "imageUrl": "https://shop.coles.com.au/wcsstore/Coles-CAS/images/2/9/2/2929977-th.jpg",
    "categories": ["back-to-school"],
    "tags": ["lunchbox-fillers", "sandwich-spreads"],
    "locations": {
      "vic": {
        "price": 2,
        "promoText": " ",
        "packageSize": "250g",
        "packagePrice": "$0.80 per 100G"
      }
    }
  },
  {
    "id": "cottees-strawberry-jam-2930003p",
    "brand": "Cottee's",
    "name": "Strawberry Jam",
    "imageUrl": "https://shop.coles.com.au/wcsstore/Coles-CAS/images/2/9/3/2930003-th.jpg",
    "categories": ["back-to-school"],
    "tags": ["lunchbox-fillers", "sandwich-spreads"],
    "locations": {
      "vic": {
        "price": 2,
        "promoText": " ",
        "packageSize": "250g",
        "packagePrice": "$0.80 per 100G"
      }
    }
  },
  {
    "id": "lotus-biscoff-crunchy-biscuit-spread",
    "brand": "Lotus",
    "name": "Biscoff Crunchy Spread",
    "imageUrl": "https://shop.coles.com.au/wcsstore/Coles-CAS/images/3/5/7/3577220-th.jpg",
    "categories": ["back-to-school"],
    "tags": ["lunchbox-fillers", "sandwich-spreads"],
    "locations": {
      "vic": {
        "price": 5.5,
        "promoText": " ",
        "packageSize": "380g",
        "packagePrice": "$1.45 per 100G"
      }
    }
  },
  {
    "id": "marmite-spread-yeast-extract",
    "brand": "Sanitarium",
    "name": "Marmite Yeast Extract Spread",
    "imageUrl": "https://shop.coles.com.au/wcsstore/Coles-CAS/images/5/0/9/5090521-th.jpg",
    "categories": ["back-to-school"],
    "tags": ["lunchbox-fillers", "sandwich-spreads"],
    "locations": {
      "vic": {
        "price": 4.3,
        "promoText": " ",
        "packageSize": "250g",
        "packagePrice": "$1.72 per 100G"
      }
    }
  },
  {
    "id": "kraft-vegemite-tube-pack",
    "brand": "Vegemite",
    "name": "Tube Pack",
    "imageUrl": "https://shop.coles.com.au/wcsstore/Coles-CAS/images/6/6/8/6686946-th.jpg",
    "categories": ["back-to-school"],
    "tags": ["lunchbox-fillers", "sandwich-spreads"],
    "locations": {
      "vic": {
        "price": 4.1,
        "promoText": " ",
        "packageSize": "145g",
        "packagePrice": "$2.83 per 100G"
      }
    }
  },
  {
    "id": "bee-products-manuka-honey-mg30",
    "brand": "Bee Products",
    "name": "Manuka Honey MG30+",
    "imageUrl": "https://shop.coles.com.au/wcsstore/Coles-CAS/images/2/6/3/2630270-th.jpg",
    "categories": ["back-to-school"],
    "tags": ["lunchbox-fillers", "sandwich-spreads"],
    "locations": {
      "vic": {
        "price": 20,
        "promoText": " ",
        "packageSize": "500g",
        "packagePrice": "$4.00 per 100G"
      }
    }
  },
  {
    "id": "beechworth-honey-2624390p",
    "brand": "Beechworth",
    "name": "Australian Honey",
    "imageUrl": "https://shop.coles.com.au/wcsstore/Coles-CAS/images/2/6/2/2624390-th.jpg",
    "categories": ["back-to-school"],
    "tags": ["lunchbox-fillers", "sandwich-spreads"],
    "locations": {
      "vic": {
        "price": 22,
        "promoText": " ",
        "packageSize": "1.5kg",
        "packagePrice": "$14.67 per 1Kg"
      }
    }
  },
  {
    "id": "beechworth-bee-fruit-honey",
    "brand": "Beechworth",
    "name": "Bee Fruity 100% Australian Honey",
    "imageUrl": "https://shop.coles.com.au/wcsstore/Coles-CAS/images/3/5/9/3597103-th.jpg",
    "categories": ["back-to-school"],
    "tags": ["lunchbox-fillers", "sandwich-spreads"],
    "locations": {
      "vic": {
        "price": 8.5,
        "promoText": " ",
        "packageSize": "350g",
        "packagePrice": "$2.43 per 100G"
      }
    }
  },
  {
    "id": "beechworth-bee-delicate-honey",
    "brand": "Beechworth Honey",
    "name": "Delicate Bee Honey",
    "imageUrl": "https://shop.coles.com.au/wcsstore/Coles-CAS/images/3/5/9/3597090-th.jpg",
    "categories": ["back-to-school"],
    "tags": ["lunchbox-fillers", "sandwich-spreads"],
    "locations": {
      "vic": {
        "price": 8.5,
        "promoText": " ",
        "packageSize": "350g",
        "packagePrice": "$2.43 per 100G"
      }
    }
  },
  {
    "id": "capilano-honey-pure-australian-161644p",
    "brand": "Capilano",
    "name": "Pure Australian Honey Pail",
    "imageUrl": "https://shop.coles.com.au/wcsstore/Coles-CAS/images/1/6/1/161644-th.jpg",
    "categories": ["back-to-school"],
    "tags": ["lunchbox-fillers", "sandwich-spreads"],
    "locations": {
      "vic": {
        "price": 15,
        "promoText": " ",
        "packageSize": "1kg",
        "packagePrice": "$1.50 per 100G"
      }
    }
  },
  {
    "id": "capilano-yellow-box-honey",
    "brand": "Capilano",
    "name": "Delicate & Smooth Yellow Box Honey Upside Down",
    "imageUrl": "https://shop.coles.com.au/wcsstore/Coles-CAS/images/3/6/2/3629039-th.jpg",
    "categories": ["back-to-school"],
    "tags": ["lunchbox-fillers", "sandwich-spreads"],
    "locations": {
      "vic": {
        "price": 6.9,
        "promoText": " ",
        "packageSize": "340g",
        "packagePrice": "$2.03 per 100G"
      }
    }
  },
  {
    "id": "capilano-manuka-mgo-300-honey",
    "brand": "Capilano",
    "name": "Manuka Honey MGO 300+",
    "imageUrl": "https://shop.coles.com.au/wcsstore/Coles-CAS/images/3/6/2/3629061-th.jpg",
    "categories": ["back-to-school"],
    "tags": ["lunchbox-fillers", "sandwich-spreads"],
    "locations": {
      "vic": {
        "price": 26,
        "promoText": " ",
        "packageSize": "250g",
        "packagePrice": "$10.40 per 100G"
      }
    }
  },
  {
    "id": "capilano-makuka-mgo-100-honey",
    "brand": "Capilano",
    "name": "Manuka MGO 100+ Honey",
    "imageUrl": "https://shop.coles.com.au/wcsstore/Coles-CAS/images/3/6/2/3629040-th.jpg",
    "categories": ["back-to-school"],
    "tags": ["lunchbox-fillers", "sandwich-spreads"],
    "locations": {
      "vic": {
        "price": 18,
        "promoText": " ",
        "packageSize": "250g",
        "packagePrice": "$7.20 per 100G"
      }
    }
  },
  {
    "id": "capilano-manuka-mgo-100-honey",
    "brand": "Capilano",
    "name": "Manuka Honey MGO 100+ Upside Down",
    "imageUrl": "https://shop.coles.com.au/wcsstore/Coles-CAS/images/3/6/0/3605449-th.jpg",
    "categories": ["back-to-school"],
    "tags": ["lunchbox-fillers", "sandwich-spreads"],
    "locations": {
      "vic": {
        "price": 24,
        "promoText": " ",
        "packageSize": "340g",
        "packagePrice": "$7.06 per 100G"
      }
    }
  },
  {
    "id": "coles-jam-plum",
    "brand": "Coles",
    "name": "Plum Jam",
    "imageUrl": "https://shop.coles.com.au/wcsstore/Coles-CAS/images/5/4/0/5409474-th.jpg",
    "categories": ["back-to-school"],
    "tags": ["lunchbox-fillers", "sandwich-spreads"],
    "locations": {
      "vic": {
        "price": 2.3,
        "promoText": " ",
        "packageSize": "480g",
        "packagePrice": "$0.48 per 100G"
      }
    }
  },
  {
    "id": "coles-smart-buy-spread-apricot",
    "brand": "Coles",
    "name": "Apricot Fruit Spread",
    "imageUrl": "https://shop.coles.com.au/wcsstore/Coles-CAS/images/5/2/7/5271082-th.jpg",
    "categories": ["back-to-school"],
    "tags": ["lunchbox-fillers", "sandwich-spreads"],
    "locations": {
      "vic": {
        "price": 1.3,
        "promoText": " ",
        "packageSize": "460g",
        "packagePrice": "$0.28 per 100G"
      }
    }
  },
  {
    "id": "coles-nsw-snow-gum-honey",
    "brand": "Coles",
    "name": "New South Wales Snow Gum Honey Strong",
    "imageUrl": "https://shop.coles.com.au/wcsstore/Coles-CAS/images/3/5/7/3579655-th.jpg",
    "categories": ["back-to-school"],
    "tags": ["lunchbox-fillers", "sandwich-spreads"],
    "locations": {
      "vic": {
        "price": 6.5,
        "promoText": " ",
        "packageSize": "400g",
        "packagePrice": "$1.63 per 100G"
      }
    }
  },
  {
    "id": "cottees-raspberry-jam",
    "brand": "Cottee's",
    "name": "Raspberry Jam",
    "imageUrl": "https://shop.coles.com.au/wcsstore/Coles-CAS/images/2/9/2/2929999-th.jpg",
    "categories": ["back-to-school"],
    "tags": ["lunchbox-fillers", "sandwich-spreads"],
    "locations": {
      "vic": {
        "price": 2,
        "promoText": " ",
        "packageSize": "250g",
        "packagePrice": "$0.80 per 100G"
      }
    }
  },
  {
    "id": "masterfoods-lemon-butter",
    "brand": "MasterFoods",
    "name": "Lemon Butter",
    "imageUrl": "https://shop.coles.com.au/wcsstore/Coles-CAS/images/1/7/4/174249-th.jpg",
    "categories": ["back-to-school"],
    "tags": ["lunchbox-fillers", "sandwich-spreads"],
    "locations": {
      "vic": {
        "price": 3.35,
        "promoText": " ",
        "packageSize": "280g",
        "packagePrice": "$1.20 per 100G"
      }
    }
  },
  {
    "id": "mighty-mite-yeast-spread",
    "brand": "Mighty Mite",
    "name": "Yeast Spread",
    "imageUrl": "https://shop.coles.com.au/wcsstore/Coles-CAS/images/8/9/7/8979752-th.jpg",
    "categories": ["back-to-school"],
    "tags": ["lunchbox-fillers", "sandwich-spreads"],
    "locations": {
      "vic": {
        "price": 0,
        "promoText": " ",
        "packageSize": "290g",
        "packagePrice": ""
      }
    }
  },
  {
    "id": "dick-smith-ozemite",
    "brand": "Ozemite",
    "name": "Gluten Free Yeast Spread",
    "imageUrl": "https://shop.coles.com.au/wcsstore/Coles-CAS/images/9/9/1/9913115-th.jpg",
    "categories": ["back-to-school"],
    "tags": ["lunchbox-fillers", "sandwich-spreads"],
    "locations": {
      "vic": {
        "price": 0,
        "promoText": " ",
        "packageSize": "175g",
        "packagePrice": ""
      }
    }
  },
  {
    "id": "pecks-spread-fish-salmon-lobster",
    "brand": "Peck's",
    "name": "Salmon & Lobster Spread",
    "imageUrl": "https://shop.coles.com.au/wcsstore/Coles-CAS/images/5/5/2/5520959-th.jpg",
    "categories": ["back-to-school"],
    "tags": ["lunchbox-fillers", "sandwich-spreads"],
    "locations": {
      "vic": {
        "price": 1.9,
        "promoText": " ",
        "packageSize": "50g",
        "packagePrice": "$3.80 per 100G"
      }
    }
  },
  {
    "id": "pecks-spread-chicken-ham",
    "brand": "Peck's",
    "name": "Chicken & Ham Spread",
    "imageUrl": "https://shop.coles.com.au/wcsstore/Coles-CAS/images/1/3/0/130196-th.jpg",
    "categories": ["back-to-school"],
    "tags": ["lunchbox-fillers", "sandwich-spreads"],
    "locations": {
      "vic": {
        "price": 2.8,
        "promoText": " ",
        "packageSize": "125g",
        "packagePrice": "$2.24 per 100G"
      }
    }
  },
  {
    "id": "pecks-spread-devilled-ham",
    "brand": "Peck's",
    "name": "Devilled Ham Spread",
    "imageUrl": "https://shop.coles.com.au/wcsstore/Coles-CAS/images/1/3/0/130185-th.jpg",
    "categories": ["back-to-school"],
    "tags": ["lunchbox-fillers", "sandwich-spreads"],
    "locations": {
      "vic": {
        "price": 2.8,
        "promoText": " ",
        "packageSize": "125g",
        "packagePrice": "$2.24 per 100G"
      }
    }
  },
  {
    "id": "podravka-chicken-spread",
    "brand": "Podravka",
    "name": "Chicken Spread",
    "imageUrl": "https://shop.coles.com.au/wcsstore/Coles-CAS/images/8/5/5/8557730-th.jpg",
    "categories": ["back-to-school"],
    "tags": ["lunchbox-fillers", "sandwich-spreads"],
    "locations": {
      "vic": {
        "price": 2.3,
        "promoText": " ",
        "packageSize": "100g",
        "packagePrice": "$2.30 per 100G"
      }
    }
  },
  {
    "id": "pureharvest-coco2-hazelnut-spread",
    "brand": "Pureharvest",
    "name": "Coco2 Hazelnut Spread",
    "imageUrl": "https://shop.coles.com.au/wcsstore/Coles-CAS/images/2/2/1/2212338-th.jpg",
    "categories": ["back-to-school"],
    "tags": ["lunchbox-fillers", "sandwich-spreads"],
    "locations": {
      "vic": {
        "price": 4.35,
        "promoText": " ",
        "packageSize": "240g",
        "packagePrice": "$1.81 per 100G"
      }
    }
  },
  {
    "id": "roses-marmalade-lime",
    "brand": "Rose's",
    "name": "Lime Marmalade",
    "imageUrl": "https://shop.coles.com.au/wcsstore/Coles-CAS/images/1/3/1/131268-th.jpg",
    "categories": ["back-to-school"],
    "tags": ["lunchbox-fillers", "sandwich-spreads"],
    "locations": {
      "vic": {
        "price": 3.85,
        "promoText": "Was $4.50 on Nov 2019 ",
        "packageSize": "500g",
        "packagePrice": "$0.77 per 100G"
      }
    }
  },
  {
    "id": "vegemite-portions",
    "brand": "Vegemite",
    "name": "Mini Portions 10 Pack",
    "imageUrl": "https://shop.coles.com.au/wcsstore/Coles-CAS/images/3/1/6/3163442-th.jpg",
    "categories": ["back-to-school"],
    "tags": ["lunchbox-fillers", "sandwich-spreads"],
    "locations": {
      "vic": {
        "price": 3.7,
        "promoText": " ",
        "packageSize": "96g",
        "packagePrice": "$3.85 per 100G"
      }
    }
  },
  {
    "id": "part_5102416P",
    "brand": "Yackandandah",
    "name": "Lemon Curd Spread",
    "imageUrl": "https://shop.coles.com.au/wcsstore/Coles-CAS/images/5/1/0/5102416-th.jpg",
    "categories": ["back-to-school"],
    "tags": ["lunchbox-fillers", "sandwich-spreads"],
    "locations": {
      "vic": {
        "price": 4.1,
        "promoText": " ",
        "packageSize": "350g",
        "packagePrice": "$1.17 per 100G"
      }
    }
  },
  {
    "id": "coles-fruit-in-jelly-two-fruits-in-strawberry-jelly-4-pack",
    "brand": "Coles",
    "name": "Two Fruits In Strawberry Flavoured Jelly 4 Pack",
    "imageUrl": "https://shop.coles.com.au/wcsstore/Coles-CAS/images/5/4/5/5457615-th.jpg",
    "categories": ["back-to-school"],
    "tags": ["lunchbox-fillers", "snack-pack-fruit"],
    "locations": {
      "vic": {
        "price": 2.2,
        "promoText": " ",
        "packageSize": "500g",
        "packagePrice": "$4.40 per 1Kg"
      }
    }
  },
  {
    "id": "coles-brand-fruit-in-jelly-peaches-in-mango-jelly-4-pack",
    "brand": "Coles",
    "name": "Peach in Mango Flavoured Jelly",
    "imageUrl": "https://shop.coles.com.au/wcsstore/Coles-CAS/images/5/4/5/5457604-th.jpg",
    "categories": ["back-to-school"],
    "tags": ["lunchbox-fillers", "snack-pack-fruit"],
    "locations": {
      "vic": {
        "price": 2.2,
        "promoText": " ",
        "packageSize": "500g",
        "packagePrice": "$4.40 per 1Kg"
      }
    }
  },
  {
    "id": "spc--little-tubs-of-apple-strawberry-puree--4-pack",
    "brand": "SPC",
    "name": "Little Tubs of Apple & Strawberry Puree 120g",
    "imageUrl": "https://shop.coles.com.au/wcsstore/Coles-CAS/images/2/8/3/2834054-th.jpg",
    "categories": ["back-to-school"],
    "tags": ["lunchbox-fillers", "snack-pack-fruit"],
    "locations": {
      "vic": {
        "price": 4,
        "promoText": " ",
        "packageSize": "4 pack",
        "packagePrice": "$8.33 per 1Kg"
      }
    }
  },
  {
    "id": "coles-fruit-cups-peaches-in-syrup-4-pack",
    "brand": "Coles",
    "name": "Diced Peaches in Syrup 4 pack",
    "imageUrl": "https://shop.coles.com.au/wcsstore/Coles-CAS/images/9/8/3/9837731-th.jpg",
    "categories": ["back-to-school"],
    "tags": ["lunchbox-fillers", "snack-pack-fruit"],
    "locations": {
      "vic": {
        "price": 2.2,
        "promoText": " ",
        "packageSize": "480g",
        "packagePrice": "$4.58 per 1Kg"
      }
    }
  },
  {
    "id": "golden-circle-strawberry-squeeze-squeezy-pouch",
    "brand": "Golden Circle",
    "name": "Strawberry Squeeze Squeezy Pouch",
    "imageUrl": "https://shop.coles.com.au/wcsstore/Coles-CAS/images/1/8/5/1857815-th.jpg",
    "categories": ["back-to-school"],
    "tags": ["lunchbox-fillers", "snack-pack-fruit"],
    "locations": {
      "vic": {
        "price": 1.5,
        "promoText": "Was $1.89 on May 2018 ",
        "packageSize": "120g",
        "packagePrice": "$12.50 per 1Kg"
      }
    }
  },
  {
    "id": "spc--aussie-diced-peaches-4-pack",
    "brand": "SPC",
    "name": "Aussie Diced Peaches in Juice 120g",
    "imageUrl": "https://shop.coles.com.au/wcsstore/Coles-CAS/images/2/8/3/2833867-th.jpg",
    "categories": ["back-to-school"],
    "tags": ["lunchbox-fillers", "snack-pack-fruit"],
    "locations": {
      "vic": {
        "price": 4,
        "promoText": " ",
        "packageSize": "4 pack",
        "packagePrice": "$8.33 per 1Kg"
      }
    }
  },
  {
    "id": "coles-fruit-cups-pears-in-syrup-4-pack",
    "brand": "Coles",
    "name": "Dice Pears in Syrup Fruit Cups 4 Pack",
    "imageUrl": "https://shop.coles.com.au/wcsstore/Coles-CAS/images/9/8/3/9837710-th.jpg",
    "categories": ["back-to-school"],
    "tags": ["lunchbox-fillers", "snack-pack-fruit"],
    "locations": {
      "vic": {
        "price": 2.2,
        "promoText": " ",
        "packageSize": "500g",
        "packagePrice": "$4.40 per 1Kg"
      }
    }
  },
  {
    "id": "coles-pears-in-blackcurrant-jelly",
    "brand": "Coles",
    "name": "Pears in Blackcurrant Flavoured Jelly",
    "imageUrl": "https://shop.coles.com.au/wcsstore/Coles-CAS/images/2/3/4/2345273-th.jpg",
    "categories": ["back-to-school"],
    "tags": ["lunchbox-fillers", "snack-pack-fruit"],
    "locations": {
      "vic": {
        "price": 2.2,
        "promoText": " ",
        "packageSize": "500g",
        "packagePrice": "$4.40 per 1Kg"
      }
    }
  },
  {
    "id": "spc--aussie-made-diced-fruit-salad-4-pack",
    "brand": "SPC",
    "name": "Aussie Made Diced Fruit Salad in Juice 120g",
    "imageUrl": "https://shop.coles.com.au/wcsstore/Coles-CAS/images/2/8/3/2833798-th.jpg",
    "categories": ["back-to-school"],
    "tags": ["lunchbox-fillers", "snack-pack-fruit"],
    "locations": {
      "vic": {
        "price": 4,
        "promoText": " ",
        "packageSize": "4 pack",
        "packagePrice": "$8.33 per 1Kg"
      }
    }
  },
  {
    "id": "spc-diced-peaches-in-orange-jelly",
    "brand": "SPC",
    "name": "Diced Peaches In Orange Jelly",
    "imageUrl": "https://shop.coles.com.au/wcsstore/Coles-CAS/images/2/8/9/2898738-th.jpg",
    "categories": ["back-to-school"],
    "tags": ["lunchbox-fillers", "snack-pack-fruit"],
    "locations": {
      "vic": {
        "price": 4,
        "promoText": " ",
        "packageSize": "480g",
        "packagePrice": "$8.33 per 1Kg"
      }
    }
  },
  {
    "id": "coles-fruit-cups-mandarin-in-syrup-4-pack",
    "brand": "Coles",
    "name": "Mandarin in Syrup Fruit Cups 4 Pack",
    "imageUrl": "https://shop.coles.com.au/wcsstore/Coles-CAS/images/9/8/3/9837753-th.jpg",
    "categories": ["back-to-school"],
    "tags": ["lunchbox-fillers", "snack-pack-fruit"],
    "locations": {
      "vic": {
        "price": 2.2,
        "promoText": " ",
        "packageSize": "500g",
        "packagePrice": "$4.40 per 1Kg"
      }
    }
  },
  {
    "id": "coles-fruit-cups-fruit-salad-in-syrup-4-pack",
    "brand": "Coles",
    "name": "Fruit Salad in Syrup 4 pack",
    "imageUrl": "https://shop.coles.com.au/wcsstore/Coles-CAS/images/9/8/3/9837742-th.jpg",
    "categories": ["back-to-school"],
    "tags": ["lunchbox-fillers", "snack-pack-fruit"],
    "locations": {
      "vic": {
        "price": 2.2,
        "promoText": " ",
        "packageSize": "500g",
        "packagePrice": "$4.40 per 1Kg"
      }
    }
  },
  {
    "id": "golden-circle-pine-mango-mash-up-squeezy-pouch",
    "brand": "Golden Circle",
    "name": "Pine Mango Mashup Squeezy Pouch",
    "imageUrl": "https://shop.coles.com.au/wcsstore/Coles-CAS/images/1/8/5/1857804-th.jpg",
    "categories": ["back-to-school"],
    "tags": ["lunchbox-fillers", "snack-pack-fruit"],
    "locations": {
      "vic": {
        "price": 1.5,
        "promoText": "Was $1.89 on May 2018 ",
        "packageSize": "120g",
        "packagePrice": "$12.50 per 1Kg"
      }
    }
  },
  {
    "id": "golden-circle-full-a-fruits-tropical-smash",
    "brand": "Golden Circle",
    "name": "Apple Pineapple and Banana Tropical Smash",
    "imageUrl": "https://shop.coles.com.au/wcsstore/Coles-CAS/images/2/3/6/2366309-th.jpg",
    "categories": ["back-to-school"],
    "tags": ["lunchbox-fillers", "snack-pack-fruit"],
    "locations": {
      "vic": {
        "price": 1.5,
        "promoText": "Was $1.90 on May 2018 ",
        "packageSize": "120g",
        "packagePrice": "$12.50 per 1Kg"
      }
    }
  },
  {
    "id": "goulburn-valley--two-fruits-in-juice",
    "brand": "Goulburn Valley",
    "name": "Two Fruits In Juice 170g",
    "imageUrl": "https://shop.coles.com.au/wcsstore/Coles-CAS/images/2/8/3/2833710-th.jpg",
    "categories": ["back-to-school"],
    "tags": ["lunchbox-fillers", "snack-pack-fruit"],
    "locations": {
      "vic": {
        "price": 4,
        "promoText": " ",
        "packageSize": "2 pack",
        "packagePrice": "$1.18 per 100G"
      }
    }
  },
  {
    "id": "spc--aussie-diced-pears",
    "brand": "SPC",
    "name": "Aussie Diced Pears in Juice 120g",
    "imageUrl": "https://shop.coles.com.au/wcsstore/Coles-CAS/images/2/8/3/2833834-th.jpg",
    "categories": ["back-to-school"],
    "tags": ["lunchbox-fillers", "snack-pack-fruit"],
    "locations": {
      "vic": {
        "price": 4,
        "promoText": " ",
        "packageSize": "4 pack",
        "packagePrice": "$8.33 per 1Kg"
      }
    }
  },
  {
    "id": "spc--tropics-diced-mangoes-4-pack",
    "brand": "SPC",
    "name": "Tropics Diced & Juicy Mangoes in Juice 120g",
    "imageUrl": "https://shop.coles.com.au/wcsstore/Coles-CAS/images/2/8/3/2833812-th.jpg",
    "categories": ["back-to-school"],
    "tags": ["lunchbox-fillers", "snack-pack-fruit"],
    "locations": {
      "vic": {
        "price": 4,
        "promoText": " ",
        "packageSize": "4 pack",
        "packagePrice": "$8.33 per 1Kg"
      }
    }
  },
  {
    "id": "spc--little-tubs-of-apple-puree--4-pack",
    "brand": "SPC",
    "name": "Little Tubs of Apple Puree 120g",
    "imageUrl": "https://shop.coles.com.au/wcsstore/Coles-CAS/images/2/8/3/2834043-th.jpg",
    "categories": ["back-to-school"],
    "tags": ["lunchbox-fillers", "snack-pack-fruit"],
    "locations": {
      "vic": {
        "price": 4,
        "promoText": " ",
        "packageSize": "4 pack",
        "packagePrice": "$8.33 per 1Kg"
      }
    }
  },
  {
    "id": "spc-diced-fruit-in-juice-2833856p",
    "brand": "SPC",
    "name": "Aussie Diced Apricots in Juice 120g",
    "imageUrl": "https://shop.coles.com.au/wcsstore/Coles-CAS/images/2/8/3/2833856-th.jpg",
    "categories": ["back-to-school"],
    "tags": ["lunchbox-fillers", "snack-pack-fruit"],
    "locations": {
      "vic": {
        "price": 4,
        "promoText": " ",
        "packageSize": "4 pack",
        "packagePrice": "$8.33 per 1Kg"
      }
    }
  },
  {
    "id": "coles-fruit-cups-pineapple-in-syrup-4-pack",
    "brand": "Coles",
    "name": "Pineapple in Syrup Fruit Cups 4 Pack",
    "imageUrl": "https://shop.coles.com.au/wcsstore/Coles-CAS/images/9/8/3/9837684-th.jpg",
    "categories": ["back-to-school"],
    "tags": ["lunchbox-fillers", "snack-pack-fruit"],
    "locations": {
      "vic": {
        "price": 2.2,
        "promoText": " ",
        "packageSize": "500g",
        "packagePrice": "$4.40 per 1Kg"
      }
    }
  },
  {
    "id": "coles-banana-passionfruit-fruit-pouch",
    "brand": "Coles",
    "name": "Banana & Passionfruit Fruit Puree Blend Pouch",
    "imageUrl": "https://shop.coles.com.au/wcsstore/Coles-CAS/images/2/7/2/2729402-th.jpg",
    "categories": ["back-to-school"],
    "tags": ["lunchbox-fillers", "snack-pack-fruit"],
    "locations": {
      "vic": {
        "price": 0.95,
        "promoText": " ",
        "packageSize": "90g",
        "packagePrice": "$10.56 per 1Kg"
      }
    }
  },
  {
    "id": "coles-mango-puree-fruit-pouch",
    "brand": "Coles",
    "name": "Mango Fruit Puree Blend Pouch",
    "imageUrl": "https://shop.coles.com.au/wcsstore/Coles-CAS/images/2/7/2/2729424-th.jpg",
    "categories": ["back-to-school"],
    "tags": ["lunchbox-fillers", "snack-pack-fruit"],
    "locations": {
      "vic": {
        "price": 0.95,
        "promoText": " ",
        "packageSize": "90g",
        "packagePrice": "$10.56 per 1Kg"
      }
    }
  },
  {
    "id": "coles-strawberry-puree-fruit-pouch",
    "brand": "Coles",
    "name": "Strawberry Fruit Puree Blend Pouch",
    "imageUrl": "https://shop.coles.com.au/wcsstore/Coles-CAS/images/2/7/2/2729435-th.jpg",
    "categories": ["back-to-school"],
    "tags": ["lunchbox-fillers", "snack-pack-fruit"],
    "locations": {
      "vic": {
        "price": 0.95,
        "promoText": " ",
        "packageSize": "90g",
        "packagePrice": "$10.56 per 1Kg"
      }
    }
  },
  {
    "id": "goulburn-valley-peaches-in-juice",
    "brand": "Goulburn Valley",
    "name": "Peaches In Juice 170g",
    "imageUrl": "https://shop.coles.com.au/wcsstore/Coles-CAS/images/2/8/3/2833700-th.jpg",
    "categories": ["back-to-school"],
    "tags": ["lunchbox-fillers", "snack-pack-fruit"],
    "locations": {
      "vic": {
        "price": 4,
        "promoText": " ",
        "packageSize": "2 pack",
        "packagePrice": "$1.18 per 100G"
      }
    }
  },
  {
    "id": "goulburn-valley-fruit-plus-apple-berry-chia",
    "brand": "Goulburn Valley",
    "name": "Fruit Plus Apple & Berry Enriched With Chia",
    "imageUrl": "https://shop.coles.com.au/wcsstore/Coles-CAS/images/3/2/1/3212082-th.jpg",
    "categories": ["back-to-school"],
    "tags": ["lunchbox-fillers", "snack-pack-fruit"],
    "locations": {
      "vic": {
        "price": 2.2,
        "promoText": " ",
        "packageSize": "140g",
        "packagePrice": "$15.71 per 1Kg"
      }
    }
  },
  {
    "id": "goulburn-valley-fruitplus-apple-banana-hon-coconut",
    "brand": "Goulburn Valley",
    "name": "Apple Banana & Honey Enriched With Coconut Fruit Plus",
    "imageUrl": "https://shop.coles.com.au/wcsstore/Coles-CAS/images/3/2/1/3212130-th.jpg",
    "categories": ["back-to-school"],
    "tags": ["lunchbox-fillers", "snack-pack-fruit"],
    "locations": {
      "vic": {
        "price": 2.2,
        "promoText": " ",
        "packageSize": "140g",
        "packagePrice": "$15.71 per 1Kg"
      }
    }
  },
  {
    "id": "spc--tropics-dicedl-fruit-salad",
    "brand": "SPC",
    "name": "Diced Tropical Fruit Salad in Juice 113g",
    "imageUrl": "https://shop.coles.com.au/wcsstore/Coles-CAS/images/2/8/3/2833845-th.jpg",
    "categories": ["back-to-school"],
    "tags": ["lunchbox-fillers", "snack-pack-fruit"],
    "locations": {
      "vic": {
        "price": 4,
        "promoText": " ",
        "packageSize": "4 pack",
        "packagePrice": "$8.85 per 1Kg"
      }
    }
  },
  {
    "id": "spc-diced-peaches-in-mango-jelly",
    "brand": "SPC",
    "name": "Diced Peaches In Mango Jelly",
    "imageUrl": "https://shop.coles.com.au/wcsstore/Coles-CAS/images/2/8/9/2898727-th.jpg",
    "categories": ["back-to-school"],
    "tags": ["lunchbox-fillers", "snack-pack-fruit"],
    "locations": {
      "vic": {
        "price": 4,
        "promoText": " ",
        "packageSize": "480g",
        "packagePrice": "$8.33 per 1Kg"
      }
    }
  },
  {
    "id": "spc-puree-n-simple-apple-banana-4x90g",
    "brand": "SPC",
    "name": "Puree & Simple Apple & Banana 4x90g Pouches",
    "imageUrl": "https://shop.coles.com.au/wcsstore/Coles-CAS/images/3/2/1/3212220-th.jpg",
    "categories": ["back-to-school"],
    "tags": ["lunchbox-fillers", "snack-pack-fruit"],
    "locations": {
      "vic": {
        "price": 5,
        "promoText": " ",
        "packageSize": "360g",
        "packagePrice": "$13.89 per 1Kg"
      }
    }
  },
  {
    "id": "spc-puree-n-simple-apple-strawberry-4x90g",
    "brand": "SPC",
    "name": "Puree & Simple Apple & Strawberry 4x90g Pouches",
    "imageUrl": "https://shop.coles.com.au/wcsstore/Coles-CAS/images/3/2/1/3212242-th.jpg",
    "categories": ["back-to-school"],
    "tags": ["lunchbox-fillers", "snack-pack-fruit"],
    "locations": {
      "vic": {
        "price": 5,
        "promoText": " ",
        "packageSize": "360g",
        "packagePrice": "$13.89 per 1Kg"
      }
    }
  },
  {
    "id": "decor-match-ups-container-oblong-purple-500ml",
    "brand": "Decor",
    "name": "Match Ups Oblong Container 500ml",
    "imageUrl": "https://shop.coles.com.au/wcsstore/Coles-CAS/images/1/8/9/1898732-th.jpg",
    "categories": ["back-to-school"],
    "tags": ["rubbish-fre-lunch", "rubbish-fre-lunch-containers"],
    "locations": {
      "vic": {
        "price": 2,
        "promoText": "$2.00 ",
        "packageSize": "",
        "packagePrice": "$2.00 per 1Ea"
      }
    }
  },
  {
    "id": "decor-match-ups-container-oblong-orange-200ml",
    "brand": "Decor",
    "name": "Match Ups Basics Container Oblong Orange 200ml",
    "imageUrl": "https://shop.coles.com.au/wcsstore/Coles-CAS/images/1/8/9/1898812-th.jpg",
    "categories": ["back-to-school"],
    "tags": ["rubbish-fre-lunch", "rubbish-fre-lunch-containers"],
    "locations": {
      "vic": {
        "price": 1.25,
        "promoText": "$1.25 ",
        "packageSize": "",
        "packagePrice": "$1.25 per 1ea"
      }
    }
  },
  {
    "id": "decor-match-ups-container-oblong-red-600ml",
    "brand": "Decor",
    "name": "Match Ups Basics Container Oblong Red 600ml",
    "imageUrl": "https://shop.coles.com.au/wcsstore/Coles-CAS/images/1/8/9/1898754-th.jpg",
    "categories": ["back-to-school"],
    "tags": ["rubbish-fre-lunch", "rubbish-fre-lunch-containers"],
    "locations": {
      "vic": {
        "price": 2.25,
        "promoText": "$2.25 ",
        "packageSize": "",
        "packagePrice": ""
      }
    }
  },
  {
    "id": "cook-dine-oblong-containers-650ml",
    "brand": "Cook & Dine",
    "name": "Food Containers 650mL",
    "imageUrl": "https://shop.coles.com.au/wcsstore/Coles-CAS/images/1/9/4/1948230-th.jpg",
    "categories": ["back-to-school"],
    "tags": ["rubbish-fre-lunch", "rubbish-fre-lunch-containers"],
    "locations": {
      "vic": {
        "price": 10,
        "promoText": " ",
        "packageSize": "25 pack",
        "packagePrice": "$0.40 per 1Ea"
      }
    }
  },
  {
    "id": "sistema-klip-it-container-rectangular-9432886p",
    "brand": "Sistema",
    "name": "Klip It Rectangular Container 2L",
    "imageUrl": "https://shop.coles.com.au/wcsstore/Coles-CAS/images/9/4/3/9432886-th.jpg",
    "categories": ["back-to-school"],
    "tags": ["rubbish-fre-lunch", "rubbish-fre-lunch-containers"],
    "locations": {
      "vic": {
        "price": 3.1,
        "promoText": "$3.10 ",
        "packageSize": "1 pack",
        "packagePrice": "$3.10 per 1Ea"
      }
    }
  },
  {
    "id": "decor-match-ups-container-oblong-green-800ml",
    "brand": "Decor",
    "name": "Match Ups Basics Container Oblong Green 800ml",
    "imageUrl": "https://shop.coles.com.au/wcsstore/Coles-CAS/images/1/8/9/1898801-th.jpg",
    "categories": ["back-to-school"],
    "tags": ["rubbish-fre-lunch", "rubbish-fre-lunch-containers"],
    "locations": {
      "vic": {
        "price": 2.75,
        "promoText": "$2.75 ",
        "packageSize": "",
        "packagePrice": "$2.75 per 1ea"
      }
    }
  },
  {
    "id": "sistema-klip-it-container-rectangular",
    "brand": "Sistema",
    "name": "Klip It Rectangular Container 7L",
    "imageUrl": "https://shop.coles.com.au/wcsstore/Coles-CAS/images/4/8/6/4868830-th.jpg",
    "categories": ["back-to-school"],
    "tags": ["rubbish-fre-lunch", "rubbish-fre-lunch-containers"],
    "locations": {
      "vic": {
        "price": 6.25,
        "promoText": "$6.25 ",
        "packageSize": "1 pack",
        "packagePrice": "$6.25 per 1Ea"
      }
    }
  },
  {
    "id": "sistema-klip-it-container-rectangular-9432831p",
    "brand": "Sistema",
    "name": "Klip It Rectangular Container 1L",
    "imageUrl": "https://shop.coles.com.au/wcsstore/Coles-CAS/images/9/4/3/9432831-th.jpg",
    "categories": ["back-to-school"],
    "tags": ["rubbish-fre-lunch", "rubbish-fre-lunch-containers"],
    "locations": {
      "vic": {
        "price": 2.6,
        "promoText": "$2.60 ",
        "packageSize": "1 pack",
        "packagePrice": "$2.60 per 1Ea"
      }
    }
  },
  {
    "id": "cook-dine-oblong-containers-750ml",
    "brand": "Cook & Dine",
    "name": "Food Containers 750mL",
    "imageUrl": "https://shop.coles.com.au/wcsstore/Coles-CAS/images/1/9/6/1960360-th.jpg",
    "categories": ["back-to-school"],
    "tags": ["rubbish-fre-lunch", "rubbish-fre-lunch-containers"],
    "locations": {
      "vic": {
        "price": 2,
        "promoText": " ",
        "packageSize": "5 pack",
        "packagePrice": "$0.40 per 1Ea"
      }
    }
  },
  {
    "id": "decor-match-ups-container-oblong-red-1-litre",
    "brand": "Decor",
    "name": "Match Ups Basics Container Oblong Red 1L",
    "imageUrl": "https://shop.coles.com.au/wcsstore/Coles-CAS/images/1/8/9/1898743-th.jpg",
    "categories": ["back-to-school"],
    "tags": ["rubbish-fre-lunch", "rubbish-fre-lunch-containers"],
    "locations": {
      "vic": {
        "price": 2.75,
        "promoText": "$2.75 ",
        "packageSize": "",
        "packagePrice": "$2.75 per 1ea"
      }
    }
  },
  {
    "id": "decor-tellfresh-cupcake-storer-4l",
    "brand": "Decor",
    "name": "Tellfresh Cupcake Storer 4L",
    "imageUrl": "https://shop.coles.com.au/wcsstore/Coles-CAS/images/2/7/9/2791847-th.jpg",
    "categories": ["back-to-school"],
    "tags": ["rubbish-fre-lunch", "rubbish-fre-lunch-containers"],
    "locations": {
      "vic": {
        "price": 5,
        "promoText": "$5.00 ",
        "packageSize": "",
        "packagePrice": "$5.00 per 1Ea"
      }
    }
  },
  {
    "id": "sistema-klip-it-container-rectangular-4535746p",
    "brand": "Sistema",
    "name": "Klip It Rectangular Container 3L",
    "imageUrl": "https://shop.coles.com.au/wcsstore/Coles-CAS/images/4/5/3/4535746-th.jpg",
    "categories": ["back-to-school"],
    "tags": ["rubbish-fre-lunch", "rubbish-fre-lunch-containers"],
    "locations": {
      "vic": {
        "price": 4,
        "promoText": "$4.00 ",
        "packageSize": "1 pack",
        "packagePrice": "$4.00 per 1Ea"
      }
    }
  },
  {
    "id": "sistema-klip-it--container--rectangular",
    "brand": "Sistema",
    "name": "Klip It Rectangular Container 400mL",
    "imageUrl": "https://shop.coles.com.au/wcsstore/Coles-CAS/images/9/4/3/9432784-th.jpg",
    "categories": ["back-to-school"],
    "tags": ["rubbish-fre-lunch", "rubbish-fre-lunch-containers"],
    "locations": {
      "vic": {
        "price": 1.5,
        "promoText": "$1.50 ",
        "packageSize": "1 pack",
        "packagePrice": "$1.50 per 1Ea"
      }
    }
  },
  {
    "id": "decor-match-ups-container-oblong-blue-3-litre",
    "brand": "Decor",
    "name": "Match Ups Basics Container Oblong Blue 3 Litre",
    "imageUrl": "https://shop.coles.com.au/wcsstore/Coles-CAS/images/1/8/9/1898787-th.jpg",
    "categories": ["back-to-school"],
    "tags": ["rubbish-fre-lunch", "rubbish-fre-lunch-containers"],
    "locations": {
      "vic": {
        "price": 4.25,
        "promoText": "$4.25 ",
        "packageSize": "",
        "packagePrice": "$4.25 per 1ea"
      }
    }
  },
  {
    "id": "decor-match-ups-container-oblong-blue-2l",
    "brand": "Decor",
    "name": "Match Ups Basics Container Oblong Blue 2L",
    "imageUrl": "https://shop.coles.com.au/wcsstore/Coles-CAS/images/1/8/9/1898776-th.jpg",
    "categories": ["back-to-school"],
    "tags": ["rubbish-fre-lunch", "rubbish-fre-lunch-containers"],
    "locations": {
      "vic": {
        "price": 3.75,
        "promoText": "$3.75 ",
        "packageSize": "",
        "packagePrice": "$3.75 per 1Ea"
      }
    }
  },
  {
    "id": "cook-dine-containers-oblong-300ml-4pk",
    "brand": "Cook & Dine",
    "name": "Food Containers 300mL",
    "imageUrl": "https://shop.coles.com.au/wcsstore/Coles-CAS/images/2/7/8/2786701-th.jpg",
    "categories": ["back-to-school"],
    "tags": ["rubbish-fre-lunch", "rubbish-fre-lunch-containers"],
    "locations": {
      "vic": {
        "price": 2,
        "promoText": " ",
        "packageSize": "4 pack",
        "packagePrice": "$0.50 per 1Ea"
      }
    }
  },
  {
    "id": "decor-match-ups-container-oblong-green-15l",
    "brand": "Decor",
    "name": "Match Ups Basics Container Oblong Green 1.5L",
    "imageUrl": "https://shop.coles.com.au/wcsstore/Coles-CAS/images/1/8/9/1898798-th.jpg",
    "categories": ["back-to-school"],
    "tags": ["rubbish-fre-lunch", "rubbish-fre-lunch-containers"],
    "locations": {
      "vic": {
        "price": 3.25,
        "promoText": "$3.25 ",
        "packageSize": "",
        "packagePrice": ""
      }
    }
  },
  {
    "id": "decor-microsafe-container-round-with-rack-15-litre",
    "brand": "Decor",
    "name": "Microsafe Container Round with Rack 1.5 litre",
    "imageUrl": "https://shop.coles.com.au/wcsstore/Coles-CAS/images/4/3/9/4399295-th.jpg",
    "categories": ["back-to-school"],
    "tags": ["rubbish-fre-lunch", "rubbish-fre-lunch-containers"],
    "locations": {
      "vic": {
        "price": 7.55,
        "promoText": " ",
        "packageSize": "",
        "packagePrice": "$7.55 per 1ea"
      }
    }
  },
  {
    "id": "sistema-klip-it-containers",
    "brand": "Sistema",
    "name": "Klip It Container 1L",
    "imageUrl": "https://shop.coles.com.au/wcsstore/Coles-CAS/images/8/1/4/8145368-th.jpg",
    "categories": ["back-to-school"],
    "tags": ["rubbish-fre-lunch", "rubbish-fre-lunch-containers"],
    "locations": {
      "vic": {
        "price": 6.25,
        "promoText": "$6.25 ",
        "packageSize": "3 pack",
        "packagePrice": "$2.08 per 1Ea"
      }
    }
  },
  {
    "id": "cook-dine-containers-oblong-1l-4pk",
    "brand": "Cook & Dine",
    "name": "Food Containers 1L",
    "imageUrl": "https://shop.coles.com.au/wcsstore/Coles-CAS/images/2/7/8/2786676-th.jpg",
    "categories": ["back-to-school"],
    "tags": ["rubbish-fre-lunch", "rubbish-fre-lunch-containers"],
    "locations": {
      "vic": {
        "price": 2,
        "promoText": " ",
        "packageSize": "4 pack",
        "packagePrice": "$0.50 per 1Ea"
      }
    }
  },
  {
    "id": "sistema-klip-it-container-cereal",
    "brand": "Sistema",
    "name": "Klip It Cereal Container 4.2L",
    "imageUrl": "https://shop.coles.com.au/wcsstore/Coles-CAS/images/4/8/6/4868895-th.jpg",
    "categories": ["back-to-school"],
    "tags": ["rubbish-fre-lunch", "rubbish-fre-lunch-containers"],
    "locations": {
      "vic": {
        "price": 6.5,
        "promoText": "$6.50 ",
        "packageSize": "1 pack",
        "packagePrice": "$6.50 per 1Ea"
      }
    }
  },
  {
    "id": "cook-dine-round-food-containers-500ml",
    "brand": "Cook & Dine",
    "name": "Food Containers Round 500mL",
    "imageUrl": "https://shop.coles.com.au/wcsstore/Coles-CAS/images/1/9/4/1948648-th.jpg",
    "categories": ["back-to-school"],
    "tags": ["rubbish-fre-lunch", "rubbish-fre-lunch-containers"],
    "locations": {
      "vic": {
        "price": 2,
        "promoText": " ",
        "packageSize": "5 pack",
        "packagePrice": "$0.40 per 1Ea"
      }
    }
  },
  {
    "id": "cook-dine-containers-square-950ml-1948524p",
    "brand": "Cook & Dine",
    "name": "Food Containers 950mL",
    "imageUrl": "https://shop.coles.com.au/wcsstore/Coles-CAS/images/1/9/4/1948524-th.jpg",
    "categories": ["back-to-school"],
    "tags": ["rubbish-fre-lunch", "rubbish-fre-lunch-containers"],
    "locations": {
      "vic": {
        "price": 2,
        "promoText": " ",
        "packageSize": "4 pack",
        "packagePrice": "$0.50 per 1Ea"
      }
    }
  },
  {
    "id": "decor-microsafe-container-round",
    "brand": "Decor",
    "name": "Microsafe Round Container 800mL",
    "imageUrl": "https://shop.coles.com.au/wcsstore/Coles-CAS/images/5/9/8/5980008-th.jpg",
    "categories": ["back-to-school"],
    "tags": ["rubbish-fre-lunch", "rubbish-fre-lunch-containers"],
    "locations": {
      "vic": {
        "price": 5,
        "promoText": " ",
        "packageSize": "",
        "packagePrice": "$5.00 per 1ea"
      }
    }
  },
  {
    "id": "decor-microsafe-container-oblong-with-grid-4396661p",
    "brand": "Decor",
    "name": "Microsafe Oblong Container 900mL",
    "imageUrl": "https://shop.coles.com.au/wcsstore/Coles-CAS/images/4/3/9/4396661-th.jpg",
    "categories": ["back-to-school"],
    "tags": ["rubbish-fre-lunch", "rubbish-fre-lunch-containers"],
    "locations": {
      "vic": {
        "price": 6,
        "promoText": " ",
        "packageSize": "",
        "packagePrice": "$6.00 per 1ea"
      }
    }
  },
  {
    "id": "cook-dine-food-containers-1l-3pk",
    "brand": "Cook & Dine",
    "name": "Food Containers 1L",
    "imageUrl": "https://shop.coles.com.au/wcsstore/Coles-CAS/images/2/7/8/2787067-th.jpg",
    "categories": ["back-to-school"],
    "tags": ["rubbish-fre-lunch", "rubbish-fre-lunch-containers"],
    "locations": {
      "vic": {
        "price": 5,
        "promoText": " ",
        "packageSize": "3 pack",
        "packagePrice": "$1.67 per 1Ea"
      }
    }
  },
  {
    "id": "cook-dine-clip-fresh-food-containers-oblong-400ml",
    "brand": "Cook & Dine",
    "name": "Clip Fresh Food Container 400mL",
    "imageUrl": "https://shop.coles.com.au/wcsstore/Coles-CAS/images/3/1/1/3118561-th.jpg",
    "categories": ["back-to-school"],
    "tags": ["rubbish-fre-lunch", "rubbish-fre-lunch-containers"],
    "locations": {
      "vic": {
        "price": 0,
        "promoText": " ",
        "packageSize": "1 pack",
        "packagePrice": ""
      }
    }
  },
  {
    "id": "cook-dine-clip-fresh-food-containers-oblong-11l",
    "brand": "Cook & Dine",
    "name": "Clip Fresh Food Containers 1.1L",
    "imageUrl": "https://shop.coles.com.au/wcsstore/Coles-CAS/images/3/1/1/3118299-th.jpg",
    "categories": ["back-to-school"],
    "tags": ["rubbish-fre-lunch", "rubbish-fre-lunch-containers"],
    "locations": {
      "vic": {
        "price": 0,
        "promoText": " ",
        "packageSize": "1 pack",
        "packagePrice": ""
      }
    }
  },
  {
    "id": "cook-dine-clip-fresh-food-containers-oblong-600ml",
    "brand": "Cook & Dine",
    "name": "Clip Fresh Food Container 600mL",
    "imageUrl": "https://shop.coles.com.au/wcsstore/Coles-CAS/images/3/1/1/3118517-th.jpg",
    "categories": ["back-to-school"],
    "tags": ["rubbish-fre-lunch", "rubbish-fre-lunch-containers"],
    "locations": {
      "vic": {
        "price": 0,
        "promoText": " ",
        "packageSize": "1 pack",
        "packagePrice": ""
      }
    }
  },
  {
    "id": "decor-tellfresh-container-round-regular",
    "brand": "Decor",
    "name": "Tellfresh Round Regular Container 350mL",
    "imageUrl": "https://shop.coles.com.au/wcsstore/Coles-CAS/images/5/8/0/5808582-th.jpg",
    "categories": ["back-to-school"],
    "tags": ["rubbish-fre-lunch", "rubbish-fre-lunch-containers"],
    "locations": {
      "vic": {
        "price": 2,
        "promoText": " ",
        "packageSize": "",
        "packagePrice": "$2.00 per 1Ea"
      }
    }
  },
  {
    "id": "sistema-klip-it-container-lunch-plus",
    "brand": "Sistema",
    "name": "Klip It Lunch Plus 1.2L",
    "imageUrl": "https://shop.coles.com.au/wcsstore/Coles-CAS/images/8/3/7/8370397-th.jpg",
    "categories": ["back-to-school"],
    "tags": ["rubbish-fre-lunch", "rubbish-fre-lunch-containers"],
    "locations": {
      "vic": {
        "price": 4.5,
        "promoText": "$4.50 ",
        "packageSize": "2 pack",
        "packagePrice": "$2.25 per 1Ea"
      }
    }
  },
  {
    "id": "red-rock-deli-dips-capsicum-basil",
    "brand": "Red Rock Deli",
    "name": "Roasted Red Capsicum Pecorino Cashews & Basil Dip",
    "imageUrl": "https://shop.coles.com.au/wcsstore/Coles-CAS/images/8/7/0/8704947-th.jpg",
    "categories": ["back-to-school"],
    "tags": ["rubbish-fre-lunch", "rubbish-fre-lunch-fillers"],
    "locations": {
      "vic": {
        "price": 4.5,
        "promoText": " ",
        "packageSize": "150g",
        "packagePrice": "$3.00 per 100G"
      }
    }
  },
  {
    "id": "carrots-prepacked",
    "brand": "Coles",
    "name": "Carrots Prepacked",
    "imageUrl": "https://shop.coles.com.au/wcsstore/Coles-CAS/images/9/0/0/9006560-th.jpg",
    "categories": ["back-to-school"],
    "tags": ["rubbish-fre-lunch", "rubbish-fre-lunch-fillers"],
    "locations": {
      "vic": {
        "price": 2,
        "promoText": " ",
        "packageSize": "1kg",
        "packagePrice": "$2.00 per 1Kg"
      }
    }
  },
  {
    "id": "cucumber-lebanese-loose",
    "brand": "Coles",
    "name": "Lebanese Cucumbers",
    "imageUrl": "https://shop.coles.com.au/wcsstore/Coles-CAS/images/4/5/7/4575208-th.jpg",
    "categories": ["back-to-school"],
    "tags": ["rubbish-fre-lunch", "rubbish-fre-lunch-fillers"],
    "locations": {
      "vic": {
        "price": 1.39,
        "promoText": " ",
        "packageSize": "Approx. 140g",
        "packagePrice": "$9.90 per 1Kg"
      }
    }
  },
  {
    "id": "tomatoes-grape-perino-prepacked",
    "brand": "Coles",
    "name": "Grape Perino Tomatoes Prepacked",
    "imageUrl": "https://shop.coles.com.au/wcsstore/Coles-CAS/images/7/2/6/7265535-th.jpg",
    "categories": ["back-to-school"],
    "tags": ["rubbish-fre-lunch", "rubbish-fre-lunch-fillers"],
    "locations": {
      "vic": {
        "price": 4.5,
        "promoText": " ",
        "packageSize": "200g",
        "packagePrice": "$22.50 per 1Kg"
      }
    }
  },
  {
    "id": "tomatoes-cherry-prepacked",
    "brand": "Coles",
    "name": "Cherry Field Tomatoes Prepacked",
    "imageUrl": "https://shop.coles.com.au/wcsstore/Coles-CAS/images/4/8/3/4834736-th.jpg",
    "categories": ["back-to-school"],
    "tags": ["rubbish-fre-lunch", "rubbish-fre-lunch-fillers"],
    "locations": {
      "vic": {
        "price": 3.5,
        "promoText": " ",
        "packageSize": "250g",
        "packagePrice": "$14.00 per 1Kg"
      }
    }
  },
  {
    "id": "celery-pieces-prepacked",
    "brand": "Coles",
    "name": "Celery Sticks Prepacked",
    "imageUrl": "https://shop.coles.com.au/wcsstore/Coles-CAS/images/1/0/6/1069160-th.jpg",
    "categories": ["back-to-school"],
    "tags": ["rubbish-fre-lunch", "rubbish-fre-lunch-fillers"],
    "locations": {
      "vic": {
        "price": 4.5,
        "promoText": " ",
        "packageSize": "300g",
        "packagePrice": "$15.00 per 1Kg"
      }
    }
  },
  {
    "id": "watermelon-seedless-whole",
    "brand": "Coles",
    "name": "Seedless Watermelon Cut",
    "imageUrl": "https://shop.coles.com.au/wcsstore/Coles-CAS/images/7/5/0/7508229-th.jpg",
    "categories": ["back-to-school"],
    "tags": ["rubbish-fre-lunch", "rubbish-fre-lunch-fillers"],
    "locations": {
      "vic": {
        "price": 4.93,
        "promoText": " ",
        "packageSize": "approx 1.7 Kg",
        "packagePrice": "$2.90 per 1Kg"
      }
    }
  },
  {
    "id": "celery-bunch",
    "brand": "Coles",
    "name": "Celery",
    "imageUrl": "https://shop.coles.com.au/wcsstore/Coles-CAS/images/4/8/4/4845732-th.jpg",
    "categories": ["back-to-school"],
    "tags": ["rubbish-fre-lunch", "rubbish-fre-lunch-fillers"],
    "locations": {
      "vic": {
        "price": 3.9,
        "promoText": " ",
        "packageSize": "1 bunch",
        "packagePrice": "$3.90 per 1Ea"
      }
    }
  },
  {
    "id": "cobs-classic-sea-salt-natural-popcorn",
    "brand": "Cobs",
    "name": "Classic Sea Salt Natural Popcorn",
    "imageUrl": "https://shop.coles.com.au/wcsstore/Coles-CAS/images/6/7/7/6772593-th.jpg",
    "categories": ["back-to-school"],
    "tags": ["rubbish-fre-lunch", "rubbish-fre-lunch-fillers"],
    "locations": {
      "vic": {
        "price": 2.85,
        "promoText": " ",
        "packageSize": "80g",
        "packagePrice": "$3.56 per 100G"
      }
    }
  },
  {
    "id": "sakata-rice-crackers-plain",
    "brand": "Sakata",
    "name": "Plain Rice Crackers",
    "imageUrl": "https://shop.coles.com.au/wcsstore/Coles-CAS/images/6/8/7/6878175-th.jpg",
    "categories": ["back-to-school"],
    "tags": ["rubbish-fre-lunch", "rubbish-fre-lunch-fillers"],
    "locations": {
      "vic": {
        "price": 1.6,
        "promoText": "$0.40 ",
        "packageSize": "100g",
        "packagePrice": "$1.60 per 100G"
      }
    }
  },
  {
    "id": "sakata-rice-crackers-seaweed",
    "brand": "Sakata",
    "name": "Seaweed Rice Crackers",
    "imageUrl": "https://shop.coles.com.au/wcsstore/Coles-CAS/images/6/9/8/6982406-th.jpg",
    "categories": ["back-to-school"],
    "tags": ["rubbish-fre-lunch", "rubbish-fre-lunch-fillers"],
    "locations": {
      "vic": {
        "price": 1.6,
        "promoText": "$0.40 ",
        "packageSize": "90g",
        "packagePrice": "$1.78 per 100G"
      }
    }
  },
  {
    "id": "cobs-popcorn-sweet-gluten-free",
    "brand": "Cobs",
    "name": "Gluten Free Sweet Popcorn",
    "imageUrl": "https://shop.coles.com.au/wcsstore/Coles-CAS/images/6/7/7/6772389-th.jpg",
    "categories": ["back-to-school"],
    "tags": ["rubbish-fre-lunch", "rubbish-fre-lunch-fillers"],
    "locations": {
      "vic": {
        "price": 2.85,
        "promoText": " ",
        "packageSize": "120g",
        "packagePrice": "$2.38 per 100G"
      }
    }
  },
  {
    "id": "peckish-rice-crackers-original",
    "brand": "Peckish",
    "name": "Original Rice Crackers",
    "imageUrl": "https://shop.coles.com.au/wcsstore/Coles-CAS/images/9/9/9/9999336-th.jpg",
    "categories": ["back-to-school"],
    "tags": ["rubbish-fre-lunch", "rubbish-fre-lunch-fillers"],
    "locations": {
      "vic": {
        "price": 2.2,
        "promoText": " ",
        "packageSize": "100g",
        "packagePrice": "$2.20 per 100G"
      }
    }
  },
  {
    "id": "sakata-rice-crackers-wholegrain-original",
    "brand": "Sakata",
    "name": "Wholegrain Original Rice Crackers",
    "imageUrl": "https://shop.coles.com.au/wcsstore/Coles-CAS/images/5/9/2/5924925-th.jpg",
    "categories": ["back-to-school"],
    "tags": ["rubbish-fre-lunch", "rubbish-fre-lunch-fillers"],
    "locations": {
      "vic": {
        "price": 1.6,
        "promoText": "$0.40 ",
        "packageSize": "90g",
        "packagePrice": "$1.78 per 100G"
      }
    }
  },
  {
    "id": "cobs-cheddar-cheese-popcorn",
    "brand": "Cobs",
    "name": "Cheddar Cheese Popcorn",
    "imageUrl": "https://shop.coles.com.au/wcsstore/Coles-CAS/images/9/2/7/9278979-th.jpg",
    "categories": ["back-to-school"],
    "tags": ["rubbish-fre-lunch", "rubbish-fre-lunch-fillers"],
    "locations": {
      "vic": {
        "price": 2.85,
        "promoText": " ",
        "packageSize": "100g",
        "packagePrice": "$2.85 per 100G"
      }
    }
  },
  {
    "id": "coles-fresh-perino-gold-tomatoes-prepacked",
    "brand": "Coles",
    "name": "Perino Gold Tomatoes Prepacked",
    "imageUrl": "https://shop.coles.com.au/wcsstore/Coles-CAS/images/1/8/8/1883000-th.jpg",
    "categories": ["back-to-school"],
    "tags": ["rubbish-fre-lunch", "rubbish-fre-lunch-fillers"],
    "locations": {
      "vic": {
        "price": 4.5,
        "promoText": " ",
        "packageSize": "200g",
        "packagePrice": "$22.50 per 1Kg"
      }
    }
  },
  {
    "id": "coles-brand-sultanas-dried",
    "brand": "Coles",
    "name": "100% Australian Sultanas",
    "imageUrl": "https://shop.coles.com.au/wcsstore/Coles-CAS/images/5/3/5/5357632-th.jpg",
    "categories": ["back-to-school"],
    "tags": ["rubbish-fre-lunch", "rubbish-fre-lunch-fillers"],
    "locations": {
      "vic": {
        "price": 5,
        "promoText": " ",
        "packageSize": "1kg",
        "packagePrice": "$5.00 per 1Kg"
      }
    }
  },
  {
    "id": "yumis-dip-traditional-hommus",
    "brand": "Yumi's",
    "name": "Gluten Free Traditional Middle Eastern Hommus Dip",
    "imageUrl": "https://shop.coles.com.au/wcsstore/Coles-CAS/images/7/1/0/7106189-th.jpg",
    "categories": ["back-to-school"],
    "tags": ["rubbish-fre-lunch", "rubbish-fre-lunch-fillers"],
    "locations": {
      "vic": {
        "price": 7,
        "promoText": " ",
        "packageSize": "1kg",
        "packagePrice": "$0.70 per 100G"
      }
    }
  },
  {
    "id": "coles-dip-hommus",
    "brand": "Coles",
    "name": "Dip Hommus",
    "imageUrl": "https://shop.coles.com.au/wcsstore/Coles-CAS/images/6/5/3/6530721-th.jpg",
    "categories": ["back-to-school"],
    "tags": ["rubbish-fre-lunch", "rubbish-fre-lunch-fillers"],
    "locations": {
      "vic": {
        "price": 2,
        "promoText": " ",
        "packageSize": "200g",
        "packagePrice": "$1.00 per 100G"
      }
    }
  },
  {
    "id": "black-swan-dip-hommus-9580680p",
    "brand": "Black Swan",
    "name": "Hommus Dip",
    "imageUrl": "https://shop.coles.com.au/wcsstore/Coles-CAS/images/9/5/8/9580680-th.jpg",
    "categories": ["back-to-school"],
    "tags": ["rubbish-fre-lunch", "rubbish-fre-lunch-fillers"],
    "locations": {
      "vic": {
        "price": 3.5,
        "promoText": "Any 2 $6",
        "packageSize": "200g",
        "packagePrice": "$1.75 per 100G"
      }
    }
  },
  {
    "id": "coles-crackers-rice-plain",
    "brand": "Coles",
    "name": "Plain Rice Crackers",
    "imageUrl": "https://shop.coles.com.au/wcsstore/Coles-CAS/images/5/4/6/5460198-th.jpg",
    "categories": ["back-to-school"],
    "tags": ["rubbish-fre-lunch", "rubbish-fre-lunch-fillers"],
    "locations": {
      "vic": {
        "price": 0.9,
        "promoText": " ",
        "packageSize": "100g",
        "packagePrice": "$0.90 per 100G"
      }
    }
  },
  {
    "id": "coles-dip-tzatziki",
    "brand": "Coles",
    "name": "Dip Tzatziki",
    "imageUrl": "https://shop.coles.com.au/wcsstore/Coles-CAS/images/6/0/0/6007487-th.jpg",
    "categories": ["back-to-school"],
    "tags": ["rubbish-fre-lunch", "rubbish-fre-lunch-fillers"],
    "locations": {
      "vic": {
        "price": 2,
        "promoText": " ",
        "packageSize": "200g",
        "packagePrice": "$1.00 per 100G"
      }
    }
  },
  {
    "id": "coles-rice-crackers-seaweed",
    "brand": "Coles",
    "name": "Seaweed Rice Crackers",
    "imageUrl": "https://shop.coles.com.au/wcsstore/Coles-CAS/images/5/4/6/5460212-th.jpg",
    "categories": ["back-to-school"],
    "tags": ["rubbish-fre-lunch", "rubbish-fre-lunch-fillers"],
    "locations": {
      "vic": {
        "price": 0.9,
        "promoText": " ",
        "packageSize": "100g",
        "packagePrice": "$0.90 per 100G"
      }
    }
  },
  {
    "id": "black-swan-dip-tzatziki",
    "brand": "Black Swan",
    "name": "Tzatziki Dip",
    "imageUrl": "https://shop.coles.com.au/wcsstore/Coles-CAS/images/9/5/8/9580657-th.jpg",
    "categories": ["back-to-school"],
    "tags": ["rubbish-fre-lunch", "rubbish-fre-lunch-fillers"],
    "locations": {
      "vic": {
        "price": 3.5,
        "promoText": "Any 2 $6",
        "packageSize": "200g",
        "packagePrice": "$1.75 per 100G"
      }
    }
  },
  {
    "id": "watermelon-seedless-cut",
    "brand": "Coles",
    "name": "Watermelon Seedless Whole",
    "imageUrl": "https://shop.coles.com.au/wcsstore/Coles-CAS/images/4/2/0/4205264-th.jpg",
    "categories": ["back-to-school"],
    "tags": ["rubbish-fre-lunch", "rubbish-fre-lunch-fillers"],
    "locations": {
      "vic": {
        "price": 21.75,
        "promoText": " ",
        "packageSize": "approx. 7.5kg",
        "packagePrice": "$2.90 per 1Kg"
      }
    }
  },
  {
    "id": "peckish-rice-crackers-cheese",
    "brand": "Peckish",
    "name": "Cheese Rice Crackers",
    "imageUrl": "https://shop.coles.com.au/wcsstore/Coles-CAS/images/9/9/9/9999325-th.jpg",
    "categories": ["back-to-school"],
    "tags": ["rubbish-fre-lunch", "rubbish-fre-lunch-fillers"],
    "locations": {
      "vic": {
        "price": 2.2,
        "promoText": " ",
        "packageSize": "100g",
        "packagePrice": "$2.20 per 100G"
      }
    }
  },
  {
    "id": "peckish--herb-garlic-rice-crackers",
    "brand": "Peckish",
    "name": "Garden Veg Rice Crackers",
    "imageUrl": "https://shop.coles.com.au/wcsstore/Coles-CAS/images/2/4/7/2470560-th.jpg",
    "categories": ["back-to-school"],
    "tags": ["rubbish-fre-lunch", "rubbish-fre-lunch-fillers"],
    "locations": {
      "vic": {
        "price": 2.5,
        "promoText": " ",
        "packageSize": "100g",
        "packagePrice": "$2.50 per 100G"
      }
    }
  },
  {
    "id": "sakata-rice-crackers-classic-bbq",
    "brand": "Sakata",
    "name": "Classic BBQ Rice Crackers",
    "imageUrl": "https://shop.coles.com.au/wcsstore/Coles-CAS/images/9/6/1/9610430-th.jpg",
    "categories": ["back-to-school"],
    "tags": ["rubbish-fre-lunch", "rubbish-fre-lunch-fillers"],
    "locations": {
      "vic": {
        "price": 1.6,
        "promoText": "$0.40 ",
        "packageSize": "100g",
        "packagePrice": "$1.60 per 100G"
      }
    }
  },
  {
    "id": "coles-crackers-rice-cheese",
    "brand": "Coles",
    "name": "Cheese Rice Crackers",
    "imageUrl": "https://shop.coles.com.au/wcsstore/Coles-CAS/images/5/4/6/5460041-th.jpg",
    "categories": ["back-to-school"],
    "tags": ["rubbish-fre-lunch", "rubbish-fre-lunch-fillers"],
    "locations": {
      "vic": {
        "price": 0.9,
        "promoText": " ",
        "packageSize": "100g",
        "packagePrice": "$0.90 per 100G"
      }
    }
  },
  {
    "id": "coles-rice-crackers-seed-grain",
    "brand": "Coles",
    "name": "Seeds & Grains Brown Rice Crackers",
    "imageUrl": "https://shop.coles.com.au/wcsstore/Coles-CAS/images/2/1/4/2146652-th.jpg",
    "categories": ["back-to-school"],
    "tags": ["rubbish-fre-lunch", "rubbish-fre-lunch-fillers"],
    "locations": {
      "vic": {
        "price": 1.35,
        "promoText": "Was $1.40 on Jul 2018 ",
        "packageSize": "100g",
        "packagePrice": "$1.35 per 100G"
      }
    }
  },
  {
    "id": "sunbeam-sultanas-sundried",
    "brand": "Sunbeam",
    "name": "Sultanas",
    "imageUrl": "https://shop.coles.com.au/wcsstore/Coles-CAS/images/1/6/7/167141-th.jpg",
    "categories": ["back-to-school"],
    "tags": ["rubbish-fre-lunch", "rubbish-fre-lunch-fillers"],
    "locations": {
      "vic": {
        "price": 4,
        "promoText": " ",
        "packageSize": "375g",
        "packagePrice": "$10.67 per 1Kg"
      }
    }
  },
  {
    "id": "coles-dip-avocado",
    "brand": "Coles",
    "name": "Avocado Dip",
    "imageUrl": "https://shop.coles.com.au/wcsstore/Coles-CAS/images/6/5/3/6530710-th.jpg",
    "categories": ["back-to-school"],
    "tags": ["rubbish-fre-lunch", "rubbish-fre-lunch-fillers"],
    "locations": {
      "vic": {
        "price": 2,
        "promoText": " ",
        "packageSize": "200g",
        "packagePrice": "$1.00 per 100G"
      }
    }
  },
  {
    "id": "black-swan-farmers-best-dip-hommus-with-garlic",
    "brand": "Black Swan",
    "name": "Crafted Roasted Garlic Hommus Dip",
    "imageUrl": "https://shop.coles.com.au/wcsstore/Coles-CAS/images/7/9/1/7916291-th.jpg",
    "categories": ["back-to-school"],
    "tags": ["rubbish-fre-lunch", "rubbish-fre-lunch-fillers"],
    "locations": {
      "vic": {
        "price": 4.3,
        "promoText": " ",
        "packageSize": "200g",
        "packagePrice": "$2.15 per 100G"
      }
    }
  },
  {
    "id": "coles-sultanas-dried-5071312p",
    "brand": "Coles",
    "name": "100% Australian Sultanas",
    "imageUrl": "https://shop.coles.com.au/wcsstore/Coles-CAS/images/5/0/7/5071312-th.jpg",
    "categories": ["back-to-school"],
    "tags": ["rubbish-fre-lunch", "rubbish-fre-lunch-fillers"],
    "locations": {
      "vic": {
        "price": 3,
        "promoText": " ",
        "packageSize": "375g",
        "packagePrice": "$8.00 per 1Kg"
      }
    }
  },
  {
    "id": "black-swan-dip-french-onion",
    "brand": "Black Swan",
    "name": "French Onion Dip",
    "imageUrl": "https://shop.coles.com.au/wcsstore/Coles-CAS/images/9/5/8/9580704-th.jpg",
    "categories": ["back-to-school"],
    "tags": ["rubbish-fre-lunch", "rubbish-fre-lunch-fillers"],
    "locations": {
      "vic": {
        "price": 3.5,
        "promoText": "Any 2 $6",
        "packageSize": "200g",
        "packagePrice": "$1.75 per 100G"
      }
    }
  },
  {
    "id": "coles-popcorn-sweet-salty",
    "brand": "Coles",
    "name": "Sweet & Salty Popcorn",
    "imageUrl": "https://shop.coles.com.au/wcsstore/Coles-CAS/images/3/1/5/3150780-th.jpg",
    "categories": ["back-to-school"],
    "tags": ["rubbish-fre-lunch", "rubbish-fre-lunch-fillers"],
    "locations": {
      "vic": {
        "price": 2.1,
        "promoText": " ",
        "packageSize": "120g",
        "packagePrice": "$1.75 per 100G"
      }
    }
  },
  {
    "id": "black-swan-farmers-best-dip-caramelized-onion",
    "brand": "Black Swan",
    "name": "Crafted Caramelised French Onion Dip",
    "imageUrl": "https://shop.coles.com.au/wcsstore/Coles-CAS/images/7/6/0/7605826-th.jpg",
    "categories": ["back-to-school"],
    "tags": ["rubbish-fre-lunch", "rubbish-fre-lunch-fillers"],
    "locations": {
      "vic": {
        "price": 4.3,
        "promoText": " ",
        "packageSize": "200g",
        "packagePrice": "$2.15 per 100G"
      }
    }
  },
  {
    "id": "coles-rice-crackers-brown-rice",
    "brand": "Coles",
    "name": "Brown Rice Crackers",
    "imageUrl": "https://shop.coles.com.au/wcsstore/Coles-CAS/images/2/1/4/2146641-th.jpg",
    "categories": ["back-to-school"],
    "tags": ["rubbish-fre-lunch", "rubbish-fre-lunch-fillers"],
    "locations": {
      "vic": {
        "price": 1.35,
        "promoText": "Was $1.40 on Jul 2018 ",
        "packageSize": "100g",
        "packagePrice": "$1.35 per 100G"
      }
    }
  },
  {
    "id": "black-swan-dip-avocado-with-lemon-sea-salt",
    "brand": "Black Swan",
    "name": "Avocado Dip",
    "imageUrl": "https://shop.coles.com.au/wcsstore/Coles-CAS/images/5/3/7/5371939-th.jpg",
    "categories": ["back-to-school"],
    "tags": ["rubbish-fre-lunch", "rubbish-fre-lunch-fillers"],
    "locations": {
      "vic": {
        "price": 3.5,
        "promoText": "Any 2 $6",
        "packageSize": "200g",
        "packagePrice": "$1.75 per 100G"
      }
    }
  },
  {
    "id": "peckish-rice-crackers-sour-cream-chives",
    "brand": "Peckish",
    "name": "Sour Cream & Chives Rice Crackers",
    "imageUrl": "https://shop.coles.com.au/wcsstore/Coles-CAS/images/9/9/9/9999358-th.jpg",
    "categories": ["back-to-school"],
    "tags": ["rubbish-fre-lunch", "rubbish-fre-lunch-fillers"],
    "locations": {
      "vic": {
        "price": 2.2,
        "promoText": " ",
        "packageSize": "100g",
        "packagePrice": "$2.20 per 100G"
      }
    }
  },
  {
    "id": "peckish-rice-crackers-salt-vinegar",
    "brand": "Peckish",
    "name": "Sea Salt & Vinegar Rice Crackers",
    "imageUrl": "https://shop.coles.com.au/wcsstore/Coles-CAS/images/9/9/9/9999347-th.jpg",
    "categories": ["back-to-school"],
    "tags": ["rubbish-fre-lunch", "rubbish-fre-lunch-fillers"],
    "locations": {
      "vic": {
        "price": 2.2,
        "promoText": " ",
        "packageSize": "100g",
        "packagePrice": "$2.20 per 100G"
      }
    }
  },
  {
    "id": "sakata-rice-crackers-sour-cream-chives",
    "brand": "Sakata",
    "name": "Chicken Rice Crackers",
    "imageUrl": "https://shop.coles.com.au/wcsstore/Coles-CAS/images/9/6/1/9610634-th.jpg",
    "categories": ["back-to-school"],
    "tags": ["rubbish-fre-lunch", "rubbish-fre-lunch-fillers"],
    "locations": {
      "vic": {
        "price": 1.6,
        "promoText": "$0.40 ",
        "packageSize": "100g",
        "packagePrice": "$1.60 per 100G"
      }
    }
  },
  {
    "id": "sunbeam-sultanas-sundried-177892p",
    "brand": "Sunbeam",
    "name": "Sultanas",
    "imageUrl": "https://shop.coles.com.au/wcsstore/Coles-CAS/images/1/7/7/177892-th.jpg",
    "categories": ["back-to-school"],
    "tags": ["rubbish-fre-lunch", "rubbish-fre-lunch-fillers"],
    "locations": {
      "vic": {
        "price": 8.4,
        "promoText": " ",
        "packageSize": "1kg",
        "packagePrice": "$8.40 per 1Kg"
      }
    }
  },
  {
    "id": "peckish-rice-crackers-tangy-bbq",
    "brand": "Peckish",
    "name": "Tangy BBQ Rice Crackers",
    "imageUrl": "https://shop.coles.com.au/wcsstore/Coles-CAS/images/1/5/7/1574173-th.jpg",
    "categories": ["back-to-school"],
    "tags": ["rubbish-fre-lunch", "rubbish-fre-lunch-fillers"],
    "locations": {
      "vic": {
        "price": 2.2,
        "promoText": " ",
        "packageSize": "100g",
        "packagePrice": "$2.20 per 100G"
      }
    }
  },
  {
    "id": "sakata-rice-crackers-extra-tasty-cheddar-cheese",
    "brand": "Sakata",
    "name": "Extra Tasty Cheddar Cheese Rice Crackers",
    "imageUrl": "https://shop.coles.com.au/wcsstore/Coles-CAS/images/9/6/1/9610408-th.jpg",
    "categories": ["back-to-school"],
    "tags": ["rubbish-fre-lunch", "rubbish-fre-lunch-fillers"],
    "locations": {
      "vic": {
        "price": 1.6,
        "promoText": "$0.40 ",
        "packageSize": "100g",
        "packagePrice": "$1.60 per 100G"
      }
    }
  },
  {
    "id": "coles-dip-french-onion",
    "brand": "Coles",
    "name": "French Onion Dip",
    "imageUrl": "https://shop.coles.com.au/wcsstore/Coles-CAS/images/6/5/3/6530743-th.jpg",
    "categories": ["back-to-school"],
    "tags": ["rubbish-fre-lunch", "rubbish-fre-lunch-fillers"],
    "locations": {
      "vic": {
        "price": 2,
        "promoText": " ",
        "packageSize": "200g",
        "packagePrice": "$1.00 per 100G"
      }
    }
  },
  {
    "id": "coles-popcorn-butter",
    "brand": "Coles",
    "name": "Butter flavour Popcorn",
    "imageUrl": "https://shop.coles.com.au/wcsstore/Coles-CAS/images/3/1/5/3150860-th.jpg",
    "categories": ["back-to-school"],
    "tags": ["rubbish-fre-lunch", "rubbish-fre-lunch-fillers"],
    "locations": {
      "vic": {
        "price": 2.2,
        "promoText": " ",
        "packageSize": "100g",
        "packagePrice": "$2.20 per 100G"
      }
    }
  },
  {
    "id": "coles-popcorn-chicago-style-caramel-cheese",
    "brand": "Coles",
    "name": "Chicago Style Caramel & Cheese Popcorn",
    "imageUrl": "https://shop.coles.com.au/wcsstore/Coles-CAS/images/3/1/5/3150906-th.jpg",
    "categories": ["back-to-school"],
    "tags": ["rubbish-fre-lunch", "rubbish-fre-lunch-fillers"],
    "locations": {
      "vic": {
        "price": 2.2,
        "promoText": " ",
        "packageSize": "140g",
        "packagePrice": "$1.57 per 100G"
      }
    }
  },
  {
    "id": "black-swan-dip-spring-onion",
    "brand": "Black Swan",
    "name": "Spring Onion Dip",
    "imageUrl": "https://shop.coles.com.au/wcsstore/Coles-CAS/images/6/8/2/6824290-th.jpg",
    "categories": ["back-to-school"],
    "tags": ["rubbish-fre-lunch", "rubbish-fre-lunch-fillers"],
    "locations": {
      "vic": {
        "price": 3.5,
        "promoText": "Any 2 $6",
        "packageSize": "200g",
        "packagePrice": "$1.75 per 100G"
      }
    }
  },
  {
    "id": "coles-dip-cheese-chive",
    "brand": "Coles",
    "name": "Dip Cheese & Chive",
    "imageUrl": "https://shop.coles.com.au/wcsstore/Coles-CAS/images/2/8/7/2877498-th.jpg",
    "categories": ["back-to-school"],
    "tags": ["rubbish-fre-lunch", "rubbish-fre-lunch-fillers"],
    "locations": {
      "vic": {
        "price": 2,
        "promoText": " ",
        "packageSize": "200g",
        "packagePrice": "$1.00 per 100G"
      }
    }
  },
  {
    "id": "broccoli-loose",
    "brand": "Coles",
    "name": "Broccoli",
    "imageUrl": "https://shop.coles.com.au/wcsstore/Coles-CAS/images/4/0/7/407755-th.jpg",
    "categories": ["back-to-school"],
    "tags": ["best-sellers", "fruits-veggies"],
    "locations": {
      "vic": {
        "price": 1.67,
        "promoText": " ",
        "packageSize": "Approx. 340g",
        "packagePrice": "$4.90 per 1Kg"
      }
    }
  },
  {
    "id": "capsicum-red-loose",
    "brand": "Coles",
    "name": "Red Capsicum",
    "imageUrl": "https://shop.coles.com.au/wcsstore/Coles-CAS/images/4/5/8/4580208-th.jpg",
    "categories": ["back-to-school"],
    "tags": ["best-sellers", "fruits-veggies"],
    "locations": {
      "vic": {
        "price": 1.18,
        "promoText": " ",
        "packageSize": "approx. 200g",
        "packagePrice": "$5.90 per 1Kg"
      }
    }
  },
  {
    "id": "zucchini-green-loose",
    "brand": "Coles",
    "name": "Green Zucchini",
    "imageUrl": "https://shop.coles.com.au/wcsstore/Coles-CAS/images/4/9/1/4910506-th.jpg",
    "categories": ["back-to-school"],
    "tags": ["best-sellers", "fruits-veggies"],
    "locations": {
      "vic": {
        "price": 0.89,
        "promoText": " ",
        "packageSize": "Approx. 150g",
        "packagePrice": "$5.90 per 1Kg"
      }
    }
  },
  {
    "id": "potatoes-sweet-gold-loose",
    "brand": "Coles",
    "name": "Gold Sweet Potatoes",
    "imageUrl": "https://shop.coles.com.au/wcsstore/Coles-CAS/images/4/1/9/4199503-th.jpg",
    "categories": ["back-to-school"],
    "tags": ["best-sellers", "fruits-veggies"],
    "locations": {
      "vic": {
        "price": 1.72,
        "promoText": " ",
        "packageSize": "Approx. 350g",
        "packagePrice": "$4.90 per 1Kg"
      }
    }
  },
  {
    "id": "tomatoes-greenhouse-truss-loose",
    "brand": "Coles",
    "name": "Greenhouse Truss Tomatoes",
    "imageUrl": "https://shop.coles.com.au/wcsstore/Coles-CAS/images/4/6/2/4628676-th.jpg",
    "categories": ["back-to-school"],
    "tags": ["best-sellers", "fruits-veggies"],
    "locations": {
      "vic": {
        "price": 1.25,
        "promoText": " ",
        "packageSize": "Approx. 140g",
        "packagePrice": "$8.90 per 1Kg"
      }
    }
  },
  {
    "id": "onions-brown-prepacked-4803991p",
    "brand": "Coles",
    "name": "Brown Onions Prepacked",
    "imageUrl": "https://shop.coles.com.au/wcsstore/Coles-CAS/images/4/8/0/4803991-th.jpg",
    "categories": ["back-to-school"],
    "tags": ["best-sellers", "fruits-veggies"],
    "locations": {
      "vic": {
        "price": 2.5,
        "promoText": " ",
        "packageSize": "1kg",
        "packagePrice": "$2.50 per 1Kg"
      }
    }
  },
  {
    "id": "potatoes-washed-prepacked-1206748p",
    "brand": "Coles",
    "name": "White Potatoes Prepacked",
    "imageUrl": "https://shop.coles.com.au/wcsstore/Coles-CAS/images/1/2/0/1206748-th.jpg",
    "categories": ["back-to-school"],
    "tags": ["best-sellers", "fruits-veggies"],
    "locations": {
      "vic": {
        "price": 4,
        "promoText": " ",
        "packageSize": "2kg",
        "packagePrice": "$2.00 per 1Kg"
      }
    }
  },
  {
    "id": "coles-fresh-lettuce---spinach-prepacked",
    "brand": "Coles",
    "name": "Baby Spinach Prepacked",
    "imageUrl": "https://shop.coles.com.au/wcsstore/Coles-CAS/images/1/4/9/1499340-th.jpg",
    "categories": ["back-to-school"],
    "tags": ["best-sellers", "fruits-veggies"],
    "locations": {
      "vic": {
        "price": 3,
        "promoText": " ",
        "packageSize": "120g",
        "packagePrice": "$25.00 per 1Kg"
      }
    }
  },
  {
    "id": "broccoli--baby",
    "brand": "Coles",
    "name": "Baby Broccoli",
    "imageUrl": "https://shop.coles.com.au/wcsstore/Coles-CAS/images/5/9/8/5982477-th.jpg",
    "categories": ["back-to-school"],
    "tags": ["best-sellers", "fruits-veggies"],
    "locations": {
      "vic": {
        "price": 2.5,
        "promoText": " ",
        "packageSize": "1 bunch",
        "packagePrice": "$2.50 per 1Ea"
      }
    }
  },
  {
    "id": "grapes-red-seedless",
    "brand": "Coles",
    "name": "Red Seedless Grapes",
    "imageUrl": "https://shop.coles.com.au/wcsstore/Coles-CAS/images/6/7/0/6706191-th.jpg",
    "categories": ["back-to-school"],
    "tags": ["best-sellers", "fruits-veggies"],
    "locations": {
      "vic": {
        "price": 2.8,
        "promoText": " ",
        "packageSize": "approx. 800g",
        "packagePrice": "$3.50 per 1Kg"
      }
    }
  },
  {
    "id": "coles-fresh-mushrooms---cup-prepacked",
    "brand": "Coles",
    "name": "Cup Mushrooms Prepacked",
    "imageUrl": "https://shop.coles.com.au/wcsstore/Coles-CAS/images/4/8/2/4829838-th.jpg",
    "categories": ["back-to-school"],
    "tags": ["best-sellers", "fruits-veggies"],
    "locations": {
      "vic": {
        "price": 6,
        "promoText": " ",
        "packageSize": "500g",
        "packagePrice": "$12.00 per 1Kg"
      }
    }
  },
  {
    "id": "apples-pink-lady-loose",
    "brand": "Coles",
    "name": "Pink Lady Apples Loose",
    "imageUrl": "https://shop.coles.com.au/wcsstore/Coles-CAS/images/5/1/1/5111654-th.jpg",
    "categories": ["back-to-school"],
    "tags": ["best-sellers", "fruits-veggies"],
    "locations": {
      "vic": {
        "price": 1.1,
        "promoText": " ",
        "packageSize": "Approx. 200g",
        "packagePrice": "$5.50 per 1Kg"
      }
    }
  },
  {
    "id": "tomatoes-field-loose",
    "brand": "Coles",
    "name": "Field Tomatoes Loose",
    "imageUrl": "https://shop.coles.com.au/wcsstore/Coles-CAS/images/4/5/9/4597109-th.jpg",
    "categories": ["back-to-school"],
    "tags": ["best-sellers", "fruits-veggies"],
    "locations": {
      "vic": {
        "price": 0.49,
        "promoText": " ",
        "packageSize": "Approx. 110g",
        "packagePrice": "$4.50 per 1Kg"
      }
    }
  },
  {
    "id": "cauliflower-whole",
    "brand": "Coles",
    "name": "Cauliflower Medium",
    "imageUrl": "https://shop.coles.com.au/wcsstore/Coles-CAS/images/4/6/0/4601603-th.jpg",
    "categories": ["back-to-school"],
    "tags": ["best-sellers", "fruits-veggies"],
    "locations": {
      "vic": {
        "price": 4.9,
        "promoText": " ",
        "packageSize": "",
        "packagePrice": "$4.90 per 1Ea"
      }
    }
  },
  {
    "id": "onions-spring",
    "brand": "Coles",
    "name": "Spring Onions",
    "imageUrl": "https://shop.coles.com.au/wcsstore/Coles-CAS/images/4/0/8/408419-th.jpg",
    "categories": ["back-to-school"],
    "tags": ["best-sellers", "fruits-veggies"],
    "locations": {
      "vic": {
        "price": 1.8,
        "promoText": " ",
        "packageSize": "1 bunch",
        "packagePrice": "$1.80 per 1Ea"
      }
    }
  },
  {
    "id": "cucumber-continental",
    "brand": "Coles",
    "name": "Continental Cucumber",
    "imageUrl": "https://shop.coles.com.au/wcsstore/Coles-CAS/images/4/5/7/4575605-th.jpg",
    "categories": ["back-to-school"],
    "tags": ["best-sellers", "fruits-veggies"],
    "locations": {
      "vic": {
        "price": 3.5,
        "promoText": " ",
        "packageSize": "",
        "packagePrice": "$3.50 per 1Ea"
      }
    }
  },
  {
    "id": "pumpkin-butternut-cut-wrapped",
    "brand": "Coles",
    "name": "Butternut Pumpkin Cut",
    "imageUrl": "https://shop.coles.com.au/wcsstore/Coles-CAS/images/4/1/9/4190600-th.jpg",
    "categories": ["back-to-school"],
    "tags": ["best-sellers", "fruits-veggies"],
    "locations": {
      "vic": {
        "price": 2.45,
        "promoText": " ",
        "packageSize": "Approx. 700g",
        "packagePrice": "$3.50 per 1Kg"
      }
    }
  },
  {
    "id": "lemons-loose",
    "brand": "Coles",
    "name": "Medium Lemons",
    "imageUrl": "https://shop.coles.com.au/wcsstore/Coles-CAS/images/5/3/1/5318302-th.jpg",
    "categories": ["back-to-school"],
    "tags": ["best-sellers", "fruits-veggies"],
    "locations": {
      "vic": {
        "price": 0.9,
        "promoText": " ",
        "packageSize": "",
        "packagePrice": "$0.90 per 1Ea"
      }
    }
  },
  {
    "id": "lettuce-iceberg",
    "brand": "Coles",
    "name": "Iceberg Lettuce",
    "imageUrl": "https://shop.coles.com.au/wcsstore/Coles-CAS/images/4/5/8/4584071-th.jpg",
    "categories": ["back-to-school"],
    "tags": ["best-sellers", "fruits-veggies"],
    "locations": {
      "vic": {
        "price": 3.9,
        "promoText": " ",
        "packageSize": "",
        "packagePrice": "$3.90 per 1Ea"
      }
    }
  },
  {
    "id": "coles-salad-family-spinach-prepacked",
    "brand": "Coles",
    "name": "Baby Spinach Salad Leaves Prepacked",
    "imageUrl": "https://shop.coles.com.au/wcsstore/Coles-CAS/images/8/6/5/8658588-th.jpg",
    "categories": ["back-to-school"],
    "tags": ["best-sellers", "fruits-veggies"],
    "locations": {
      "vic": {
        "price": 5,
        "promoText": " ",
        "packageSize": "280g",
        "packagePrice": "$17.86 per 1Kg"
      }
    }
  },
  {
    "id": "pumpkin-kent-cut-wrapped",
    "brand": "Coles",
    "name": "Kent Pumpkin Cut",
    "imageUrl": "https://shop.coles.com.au/wcsstore/Coles-CAS/images/4/2/0/4202540-th.jpg",
    "categories": ["back-to-school"],
    "tags": ["best-sellers", "fruits-veggies"],
    "locations": {
      "vic": {
        "price": 2.7,
        "promoText": " ",
        "packageSize": "Approx. 900g",
        "packagePrice": "$3.00 per 1Kg"
      }
    }
  },
  {
    "id": "lettuce-cos-baby",
    "brand": "Coles",
    "name": "Baby Cos Lettuce",
    "imageUrl": "https://shop.coles.com.au/wcsstore/Coles-CAS/images/4/6/4/4646485-th.jpg",
    "categories": ["back-to-school"],
    "tags": ["best-sellers", "fruits-veggies"],
    "locations": {
      "vic": {
        "price": 3.5,
        "promoText": " ",
        "packageSize": "2 pack",
        "packagePrice": "$1.75 per 1Ea"
      }
    }
  },
  {
    "id": "asparagus-green",
    "brand": "Coles",
    "name": "Green Asparagus",
    "imageUrl": "https://shop.coles.com.au/wcsstore/Coles-CAS/images/4/8/3/4838737-th.jpg",
    "categories": ["back-to-school"],
    "tags": ["best-sellers", "fruits-veggies"],
    "locations": {
      "vic": {
        "price": 3.9,
        "promoText": " ",
        "packageSize": "1 bunch",
        "packagePrice": "$3.90 per 1Ea"
      }
    }
  },
  {
    "id": "corn-sweet-loose",
    "brand": "Coles",
    "name": "Sweet Corn",
    "imageUrl": "https://shop.coles.com.au/wcsstore/Coles-CAS/images/4/5/6/4562603-th.jpg",
    "categories": ["back-to-school"],
    "tags": ["best-sellers", "fruits-veggies"],
    "locations": {
      "vic": {
        "price": 1.5,
        "promoText": " ",
        "packageSize": "",
        "packagePrice": "$1.50 per 1Ea"
      }
    }
  },
  {
    "id": "apples-granny-smith-loose",
    "brand": "Coles",
    "name": "Granny Smith Apples",
    "imageUrl": "https://shop.coles.com.au/wcsstore/Coles-CAS/images/4/0/8/408554-th.jpg",
    "categories": ["back-to-school"],
    "tags": ["best-sellers", "fruits-veggies"],
    "locations": {
      "vic": {
        "price": 0.88,
        "promoText": " ",
        "packageSize": "Approx. 180g",
        "packagePrice": "$4.90 per 1Kg"
      }
    }
  },
  {
    "id": "apples-royal-gala-loose",
    "brand": "Coles",
    "name": "Royal Gala Apples Loose",
    "imageUrl": "https://shop.coles.com.au/wcsstore/Coles-CAS/images/5/2/2/5226000-th.jpg",
    "categories": ["back-to-school"],
    "tags": ["best-sellers", "fruits-veggies"],
    "locations": {
      "vic": {
        "price": 0.78,
        "promoText": " ",
        "packageSize": "Approx. 160g",
        "packagePrice": "$4.90 per 1Kg"
      }
    }
  },
  {
    "id": "oranges-navel-loose",
    "brand": "Coles",
    "name": "Medium Navel Oranges",
    "imageUrl": "https://shop.coles.com.au/wcsstore/Coles-CAS/images/4/2/5/4255717-th.jpg",
    "categories": ["back-to-school"],
    "tags": ["best-sellers", "fruits-veggies"],
    "locations": {
      "vic": {
        "price": 0.7,
        "promoText": " ",
        "packageSize": "Approx. 180g",
        "packagePrice": "$3.90 per 1Kg"
      }
    }
  },
  {
    "id": "limes-loose",
    "brand": "Coles",
    "name": "Limes Medium Loose",
    "imageUrl": "https://shop.coles.com.au/wcsstore/Coles-CAS/images/1/9/7/197594-th.jpg",
    "categories": ["back-to-school"],
    "tags": ["best-sellers", "fruits-veggies"],
    "locations": {
      "vic": {
        "price": 1.4,
        "promoText": " ",
        "packageSize": "",
        "packagePrice": "$1.40 per 1Ea"
      }
    }
  },
  {
    "id": "coles-salad-mixed-leaves-4-leaf-prepacked",
    "brand": "Coles",
    "name": "4 Leaf Salad Mix Prepacked",
    "imageUrl": "https://shop.coles.com.au/wcsstore/Coles-CAS/images/8/2/0/8209722-th.jpg",
    "categories": ["back-to-school"],
    "tags": ["best-sellers", "fruits-veggies"],
    "locations": {
      "vic": {
        "price": 3,
        "promoText": " ",
        "packageSize": "200g",
        "packagePrice": "$15.00 per 1Kg"
      }
    }
  },
  {
    "id": "part_6706395P",
    "brand": "Coles",
    "name": "White Seedless Grapes Loose",
    "imageUrl": "https://shop.coles.com.au/wcsstore/Coles-CAS/images/6/7/0/6706395-th.jpg",
    "categories": ["back-to-school"],
    "tags": ["best-sellers", "fruits-veggies"],
    "locations": {
      "vic": {
        "price": 12.64,
        "promoText": " ",
        "packageSize": "approx. 800g",
        "packagePrice": "$15.80 per 1Kg"
      }
    }
  },
  {
    "id": "potatoes-brushed-prepacked-4213819p",
    "brand": "Coles",
    "name": "Brushed Potatoes Prepacked",
    "imageUrl": "https://shop.coles.com.au/wcsstore/Coles-CAS/images/4/2/1/4213819-th.jpg",
    "categories": ["back-to-school"],
    "tags": ["best-sellers", "fruits-veggies"],
    "locations": {
      "vic": {
        "price": 8,
        "promoText": " ",
        "packageSize": "3kg",
        "packagePrice": "$2.67 per 1Kg"
      }
    }
  },
  {
    "id": "bic-atlantis-black-pens",
    "brand": "Bic",
    "name": "Atlantis Black Pens",
    "imageUrl": "https://shop.coles.com.au/wcsstore/Coles-CAS/images/1/8/6/1868630-th.jpg",
    "categories": ["back-to-school"],
    "tags": ["best-sellers", "best-sellers-stationery"],
    "locations": {
      "vic": {
        "price": 3.15,
        "promoText": "$2.10 ",
        "packageSize": "4 pack",
        "packagePrice": "$0.79 per 1Ea"
      }
    }
  },
  {
    "id": "bostik-blu-tack",
    "brand": "Bostik",
    "name": "Blu Tack",
    "imageUrl": "https://shop.coles.com.au/wcsstore/Coles-CAS/images/5/4/1/5412934-th.jpg",
    "categories": ["back-to-school"],
    "tags": ["best-sellers", "best-sellers-stationery"],
    "locations": {
      "vic": {
        "price": 2.5,
        "promoText": " ",
        "packageSize": "75g",
        "packagePrice": "$2.50 per 1ea"
      }
    }
  },
  {
    "id": "reflex-a4-copy-paper-500-sheet",
    "brand": "Reflex",
    "name": "A4 Copy Paper 500 Sheet",
    "imageUrl": "https://shop.coles.com.au/wcsstore/Coles-CAS/images/6/8/6/686499-th.jpg",
    "categories": ["back-to-school"],
    "tags": ["best-sellers", "best-sellers-stationery"],
    "locations": {
      "vic": {
        "price": 7,
        "promoText": " ",
        "packageSize": "",
        "packagePrice": "$7.00 per 1ea"
      }
    }
  },
  {
    "id": "bostik-super-glue-3ml-bostik-super-glue-3ml",
    "brand": "Bostik",
    "name": "Super Glue 3mL",
    "imageUrl": "https://shop.coles.com.au/wcsstore/Coles-CAS/images/3/1/8/3189990-th.jpg",
    "categories": ["back-to-school"],
    "tags": ["best-sellers", "best-sellers-stationery"],
    "locations": {
      "vic": {
        "price": 2.65,
        "promoText": " ",
        "packageSize": "",
        "packagePrice": "$2.65 per 1Ea"
      }
    }
  },
  {
    "id": "coles-copy-paper-a4-1841972p",
    "brand": "Coles",
    "name": "A4 Copy Paper",
    "imageUrl": "https://shop.coles.com.au/wcsstore/Coles-CAS/images/1/8/4/1841972-th.jpg",
    "categories": ["back-to-school"],
    "tags": ["best-sellers", "best-sellers-stationery"],
    "locations": {
      "vic": {
        "price": 5,
        "promoText": " ",
        "packageSize": "1 pack",
        "packagePrice": "$5.00 per 1Ea"
      }
    }
  },
  {
    "id": "coles-scissors-coles-scissors",
    "brand": "Coles",
    "name": "Medium Scissors Soft Grip 17cm",
    "imageUrl": "https://shop.coles.com.au/wcsstore/Coles-CAS/images/3/2/3/3231906-th.jpg",
    "categories": ["back-to-school"],
    "tags": ["best-sellers", "best-sellers-stationery"],
    "locations": {
      "vic": {
        "price": 3,
        "promoText": " ",
        "packageSize": "",
        "packagePrice": "$3.00 per 1Ea"
      }
    }
  },
  {
    "id": "sellotape-sticky-tape-refill-18mm-x-25m",
    "brand": "Sellotape",
    "name": "Sticky Tape Refill 18mm x 25m",
    "imageUrl": "https://shop.coles.com.au/wcsstore/Coles-CAS/images/1/8/4/1842636-th.jpg",
    "categories": ["back-to-school"],
    "tags": ["best-sellers", "best-sellers-stationery"],
    "locations": {
      "vic": {
        "price": 3.5,
        "promoText": " ",
        "packageSize": "2 pack",
        "packagePrice": ""
      }
    }
  },
  {
    "id": "sellotape-masking-tape-sellotape-masking-tape",
    "brand": "Sellotape",
    "name": "Masking Tape 24mmX18m",
    "imageUrl": "https://shop.coles.com.au/wcsstore/Coles-CAS/images/3/1/8/3188534-th.jpg",
    "categories": ["back-to-school"],
    "tags": ["best-sellers", "best-sellers-stationery"],
    "locations": {
      "vic": {
        "price": 2.5,
        "promoText": " ",
        "packageSize": "",
        "packagePrice": ""
      }
    }
  },
  {
    "id": "sellotape-clear-packaging-tape-clear",
    "brand": "Sellotape",
    "name": "Clear Packaging Tape",
    "imageUrl": "https://shop.coles.com.au/wcsstore/Coles-CAS/images/1/8/1/1818482-th.jpg",
    "categories": ["back-to-school"],
    "tags": ["best-sellers", "best-sellers-stationery"],
    "locations": {
      "vic": {
        "price": 3.25,
        "promoText": " ",
        "packageSize": "",
        "packagePrice": "$3.25 per 1ea"
      }
    }
  },
  {
    "id": "sharpie-fine-black-sharpie-fine-black",
    "brand": "Sharpie",
    "name": "Permanent Marker Black",
    "imageUrl": "https://shop.coles.com.au/wcsstore/Coles-CAS/images/3/2/5/3251142-th.jpg",
    "categories": ["back-to-school"],
    "tags": ["best-sellers", "best-sellers-stationery"],
    "locations": {
      "vic": {
        "price": 5,
        "promoText": " ",
        "packageSize": "2 pack",
        "packagePrice": "$2.50 per 1Ea"
      }
    }
  },
  {
    "id": "bostik-glu-stik-bostik-glu-stik",
    "brand": "Bostik",
    "name": "Blu Glue Stik 35g",
    "imageUrl": "https://shop.coles.com.au/wcsstore/Coles-CAS/images/2/7/9/2795280-th.jpg",
    "categories": ["back-to-school"],
    "tags": ["best-sellers", "best-sellers-stationery"],
    "locations": {
      "vic": {
        "price": 3.5,
        "promoText": " ",
        "packageSize": "",
        "packagePrice": "$3.50 per 1Ea"
      }
    }
  },
  {
    "id": "coles-coloured-sticky-notes",
    "brand": "Coles",
    "name": "Adhesive Sticky Notes Assorted",
    "imageUrl": "https://shop.coles.com.au/wcsstore/Coles-CAS/images/3/2/3/3231305-th.jpg",
    "categories": ["back-to-school"],
    "tags": ["best-sellers", "best-sellers-stationery"],
    "locations": {
      "vic": {
        "price": 4.5,
        "promoText": " ",
        "packageSize": "5 pack",
        "packagePrice": "$0.90 per 1Ea"
      }
    }
  },
  {
    "id": "coles-sticky-tape-with-dispenser",
    "brand": "Coles",
    "name": "Sticky Tape Dispenser",
    "imageUrl": "https://shop.coles.com.au/wcsstore/Coles-CAS/images/3/1/8/3188545-th.jpg",
    "categories": ["back-to-school"],
    "tags": ["best-sellers", "best-sellers-stationery"],
    "locations": {
      "vic": {
        "price": 2,
        "promoText": " ",
        "packageSize": "",
        "packagePrice": "$2.00 per 1Ea"
      }
    }
  },
  {
    "id": "marbig-colourhide-notebook-a4",
    "brand": "Marbig",
    "name": "Colourhide Notebook A4",
    "imageUrl": "https://shop.coles.com.au/wcsstore/Coles-CAS/images/1/8/3/1838560-th.jpg",
    "categories": ["back-to-school"],
    "tags": ["best-sellers", "best-sellers-stationery"],
    "locations": {
      "vic": {
        "price": 3.32,
        "promoText": "$0.83 ",
        "packageSize": "120 page",
        "packagePrice": ""
      }
    }
  },
  {
    "id": "coles-metal-pencil-sharpener",
    "brand": "Coles",
    "name": "Metal Pencil Sharpener",
    "imageUrl": "https://shop.coles.com.au/wcsstore/Coles-CAS/images/3/2/3/3231145-th.jpg",
    "categories": ["back-to-school"],
    "tags": ["best-sellers", "best-sellers-stationery"],
    "locations": {
      "vic": {
        "price": 1,
        "promoText": " ",
        "packageSize": "",
        "packagePrice": "$1.00 per 1Ea"
      }
    }
  },
  {
    "id": "coles-sticky-tape-refill-coles-sticky-tape-refill",
    "brand": "Coles",
    "name": "Sticky Tape Refills",
    "imageUrl": "https://shop.coles.com.au/wcsstore/Coles-CAS/images/3/1/8/3188556-th.jpg",
    "categories": ["back-to-school"],
    "tags": ["best-sellers", "best-sellers-stationery"],
    "locations": {
      "vic": {
        "price": 2,
        "promoText": " ",
        "packageSize": "2 pack",
        "packagePrice": "$1.00 per 1Ea"
      }
    }
  },
  {
    "id": "liquid-paper-dryline-correction-tape-1842261p",
    "brand": "Paper Mate",
    "name": "Liquid Paper Dryline Grip Correction Tape",
    "imageUrl": "https://shop.coles.com.au/wcsstore/Coles-CAS/images/1/8/4/1842261-th.jpg",
    "categories": ["back-to-school"],
    "tags": ["best-sellers", "best-sellers-stationery"],
    "locations": {
      "vic": {
        "price": 5.5,
        "promoText": " ",
        "packageSize": "",
        "packagePrice": "$5.50 per 1Ea"
      }
    }
  },
  {
    "id": "sellotape-tape-sticky-18mmx66m-1842567p",
    "brand": "Sellotape",
    "name": "Sticky Tape 18mmx66mm",
    "imageUrl": "https://shop.coles.com.au/wcsstore/Coles-CAS/images/1/8/4/1842567-th.jpg",
    "categories": ["back-to-school"],
    "tags": ["best-sellers", "best-sellers-stationery"],
    "locations": {
      "vic": {
        "price": 1.6,
        "promoText": " ",
        "packageSize": "1 pack",
        "packagePrice": ""
      }
    }
  },
  {
    "id": "sellotape-tape-with-dispenser-18mmx25m-1842556p",
    "brand": "Sellotape",
    "name": "Sticky tape 18mmx25m",
    "imageUrl": "https://shop.coles.com.au/wcsstore/Coles-CAS/images/1/8/4/1842556-th.jpg",
    "categories": ["back-to-school"],
    "tags": ["best-sellers", "best-sellers-stationery"],
    "locations": {
      "vic": {
        "price": 3.5,
        "promoText": " ",
        "packageSize": "",
        "packagePrice": ""
      }
    }
  },
  {
    "id": "coles-hb-pencils-coles-hb-pencils",
    "brand": "Coles",
    "name": "HB Pencils",
    "imageUrl": "https://shop.coles.com.au/wcsstore/Coles-CAS/images/3/2/3/3231699-th.jpg",
    "categories": ["back-to-school"],
    "tags": ["best-sellers", "best-sellers-stationery"],
    "locations": {
      "vic": {
        "price": 2.2,
        "promoText": " ",
        "packageSize": "3 pack",
        "packagePrice": "$0.73 per 1Ea"
      }
    }
  },
  {
    "id": "coles-glue-stick-coles-glue-stick",
    "brand": "Coles",
    "name": "Glue Sticks",
    "imageUrl": "https://shop.coles.com.au/wcsstore/Coles-CAS/images/3/2/3/3231258-th.jpg",
    "categories": ["back-to-school"],
    "tags": ["best-sellers", "best-sellers-stationery"],
    "locations": {
      "vic": {
        "price": 3.9,
        "promoText": " ",
        "packageSize": "2 pack",
        "packagePrice": "$1.95 per 1Ea"
      }
    }
  },
  {
    "id": "coles-natural-rubber-bands",
    "brand": "Coles",
    "name": "Natural Rubber Bands",
    "imageUrl": "https://shop.coles.com.au/wcsstore/Coles-CAS/images/3/2/3/3231203-th.jpg",
    "categories": ["back-to-school"],
    "tags": ["best-sellers", "best-sellers-stationery"],
    "locations": {
      "vic": {
        "price": 4,
        "promoText": " ",
        "packageSize": "1 pack",
        "packagePrice": "$4.00 per 1Ea"
      }
    }
  },
  {
    "id": "coles-plastic-ruler-coles-plastic-ruler",
    "brand": "Coles",
    "name": "Plastic Ruler",
    "imageUrl": "https://shop.coles.com.au/wcsstore/Coles-CAS/images/3/2/3/3231167-th.jpg",
    "categories": ["back-to-school"],
    "tags": ["best-sellers", "best-sellers-stationery"],
    "locations": {
      "vic": {
        "price": 1.1,
        "promoText": " ",
        "packageSize": "",
        "packagePrice": "$1.10 per 1Ea"
      }
    }
  },
  {
    "id": "coles-a4-display-book-assorted-colours",
    "brand": "Coles",
    "name": "A4 Display Book 30 Micron",
    "imageUrl": "https://shop.coles.com.au/wcsstore/Coles-CAS/images/3/2/4/3249719-th.jpg",
    "categories": ["back-to-school"],
    "tags": ["best-sellers", "best-sellers-stationery"],
    "locations": {
      "vic": {
        "price": 2.25,
        "promoText": " ",
        "packageSize": "",
        "packagePrice": "$2.25 per 1Ea"
      }
    }
  },
  {
    "id": "coles-correction-tape-coles-correction-tape",
    "brand": "Coles",
    "name": "Correction Tape",
    "imageUrl": "https://shop.coles.com.au/wcsstore/Coles-CAS/images/3/2/3/3231327-th.jpg",
    "categories": ["back-to-school"],
    "tags": ["best-sellers", "best-sellers-stationery"],
    "locations": {
      "vic": {
        "price": 3,
        "promoText": " ",
        "packageSize": "2 pack",
        "packagePrice": "$1.50 per 1Ea"
      }
    }
  },
  {
    "id": "coles-whiteboard-markers-black",
    "brand": "Coles",
    "name": "Whiteboard Black Marker",
    "imageUrl": "https://shop.coles.com.au/wcsstore/Coles-CAS/images/3/2/3/3232068-th.jpg",
    "categories": ["back-to-school"],
    "tags": ["best-sellers", "best-sellers-stationery"],
    "locations": {
      "vic": {
        "price": 3.3,
        "promoText": " ",
        "packageSize": "2 pack",
        "packagePrice": "$3.30 per 1Ea"
      }
    }
  },
  {
    "id": "coles-ballpoint-pens-asstorted-colours",
    "brand": "Coles",
    "name": "Ballpoint Pens Assorted Colours",
    "imageUrl": "https://shop.coles.com.au/wcsstore/Coles-CAS/images/3/2/3/3231972-th.jpg",
    "categories": ["back-to-school"],
    "tags": ["best-sellers", "best-sellers-stationery"],
    "locations": {
      "vic": {
        "price": 2.2,
        "promoText": " ",
        "packageSize": "10 pack",
        "packagePrice": "$0.22 per 1Ea"
      }
    }
  },
  {
    "id": "coles-staples-coles-staples",
    "brand": "Coles",
    "name": "Staples",
    "imageUrl": "https://shop.coles.com.au/wcsstore/Coles-CAS/images/3/2/4/3245354-th.jpg",
    "categories": ["back-to-school"],
    "tags": ["best-sellers", "best-sellers-stationery"],
    "locations": {
      "vic": {
        "price": 2,
        "promoText": " ",
        "packageSize": "2 pack",
        "packagePrice": "$1.00 per 1Ea"
      }
    }
  },
  {
    "id": "coles-a5-spiral-notebook-200-page",
    "brand": "Coles",
    "name": "A5 Spiral Notebook 200 Pages",
    "imageUrl": "https://shop.coles.com.au/wcsstore/Coles-CAS/images/3/2/3/3231429-th.jpg",
    "categories": ["back-to-school"],
    "tags": ["best-sellers", "best-sellers-stationery"],
    "locations": {
      "vic": {
        "price": 3.35,
        "promoText": " ",
        "packageSize": "",
        "packagePrice": "$3.35 per 1Ea"
      }
    }
  },
  {
    "id": "coles-envelopes-dl-coles-envelopes-dl",
    "brand": "Coles",
    "name": "Peel & Seal DL Envelopes",
    "imageUrl": "https://shop.coles.com.au/wcsstore/Coles-CAS/images/3/2/3/3231713-th.jpg",
    "categories": ["back-to-school"],
    "tags": ["best-sellers", "best-sellers-stationery"],
    "locations": {
      "vic": {
        "price": 3.35,
        "promoText": " ",
        "packageSize": "50 pack",
        "packagePrice": "$0.07 per 1Ea"
      }
    }
  },
  {
    "id": "elmers-school-glue-3087242p",
    "brand": "Elmers",
    "name": "School Glue",
    "imageUrl": "https://shop.coles.com.au/wcsstore/Coles-CAS/images/3/0/8/3087242-th.jpg",
    "categories": ["back-to-school"],
    "tags": ["best-sellers", "best-sellers-stationery"],
    "locations": {
      "vic": {
        "price": 6,
        "promoText": " ",
        "packageSize": "225mL",
        "packagePrice": "$6.00 per 1Ea"
      }
    }
  },
  {
    "id": "faber-castell-eraser-pvc-free-1839802p",
    "brand": "Faber-Castell",
    "name": "PVC Free Eraser",
    "imageUrl": "https://shop.coles.com.au/wcsstore/Coles-CAS/images/1/8/3/1839802-th.jpg",
    "categories": ["back-to-school"],
    "tags": ["best-sellers", "best-sellers-stationery"],
    "locations": {
      "vic": {
        "price": 2.2,
        "promoText": "$0.55 ",
        "packageSize": "2 pack",
        "packagePrice": "$1.10 per 1Ea"
      }
    }
  },
  {
    "id": "maped-shaker-sharpener-maped-shaker-sharpener",
    "brand": "Maped",
    "name": "2 Hole Pencil Sharpener",
    "imageUrl": "https://shop.coles.com.au/wcsstore/Coles-CAS/images/3/1/8/3188024-th.jpg",
    "categories": ["back-to-school"],
    "tags": ["best-sellers", "best-sellers-stationery"],
    "locations": {
      "vic": {
        "price": 2.45,
        "promoText": "$1.05 ",
        "packageSize": "",
        "packagePrice": "$2.45 per 1Ea"
      }
    }
  },
  {
    "id": "papermate-kilometrico-assorted-pens",
    "brand": "Paper Mate",
    "name": "Kilometrico Assorted Pens",
    "imageUrl": "https://shop.coles.com.au/wcsstore/Coles-CAS/images/1/8/4/1842465-th.jpg",
    "categories": ["back-to-school"],
    "tags": ["best-sellers", "best-sellers-stationery"],
    "locations": {
      "vic": {
        "price": 4.5,
        "promoText": " ",
        "packageSize": "10 pack",
        "packagePrice": "$0.45 per 1Ea"
      }
    }
  },
  {
    "id": "sharpie-marker-aluminium-bullet-tip-1842374p",
    "brand": "Sharpie",
    "name": "Aluminium Bullet Tip Markers",
    "imageUrl": "https://shop.coles.com.au/wcsstore/Coles-CAS/images/1/8/4/1842374-th.jpg",
    "categories": ["back-to-school"],
    "tags": ["best-sellers", "best-sellers-stationery"],
    "locations": {
      "vic": {
        "price": 5.5,
        "promoText": " ",
        "packageSize": "2 pack",
        "packagePrice": "$5.50 per 1Ea"
      }
    }
  },
  {
    "id": "sharpie-fluo-xl-highlighters-1842283p",
    "brand": "Sharpie",
    "name": "Fluo XL Assorted Highlighters",
    "imageUrl": "https://shop.coles.com.au/wcsstore/Coles-CAS/images/1/8/4/1842283-th.jpg",
    "categories": ["back-to-school"],
    "tags": ["best-sellers", "best-sellers-stationery"],
    "locations": {
      "vic": {
        "price": 8,
        "promoText": " ",
        "packageSize": "4 pack",
        "packagePrice": "$2.00 per 1Ea"
      }
    }
  },
  {
    "id": "uncle-tobys-muesli-bars-chewy-value-pack-choc-chip",
    "brand": "Uncle Tobys",
    "name": "Chewy Muesli Bars Choc Chip Value 12 Pack",
    "imageUrl": "https://shop.coles.com.au/wcsstore/Coles-CAS/images/4/9/7/4976082-th.jpg",
    "categories": ["back-to-school"],
    "tags": ["best-sellers", "best-sellers-snacks"],
    "locations": {
      "vic": {
        "price": 5,
        "promoText": " ",
        "packageSize": "375g",
        "packagePrice": "$1.33 per 100G"
      }
    }
  },
  {
    "id": "uncle-tobys-le-snak-cheddar-cheese-value-pack",
    "brand": "Uncle Tobys",
    "name": "Le Snak Dip & Crackers Cheddar Cheese Value Pack",
    "imageUrl": "https://shop.coles.com.au/wcsstore/Coles-CAS/images/4/9/5/4952765-th.jpg",
    "categories": ["back-to-school"],
    "tags": ["best-sellers", "best-sellers-snacks"],
    "locations": {
      "vic": {
        "price": 7.6,
        "promoText": " ",
        "packageSize": "264g",
        "packagePrice": "$2.88 per 100G"
      }
    }
  },
  {
    "id": "parkers-pretzels-baked-twist",
    "brand": "Parker's",
    "name": "Baked Twists Pretzels",
    "imageUrl": "https://shop.coles.com.au/wcsstore/Coles-CAS/images/6/1/3/6133970-th.jpg",
    "categories": ["back-to-school"],
    "tags": ["best-sellers", "best-sellers-snacks"],
    "locations": {
      "vic": {
        "price": 3.55,
        "promoText": " ",
        "packageSize": "200g",
        "packagePrice": "$1.78 per 100G"
      }
    }
  },
  {
    "id": "uncle-tobys-roll-ups-rainbow-berry",
    "brand": "Uncle Tobys",
    "name": "Rainbow Berry Berry Roll Ups",
    "imageUrl": "https://shop.coles.com.au/wcsstore/Coles-CAS/images/6/8/9/6899164-th.jpg",
    "categories": ["back-to-school"],
    "tags": ["best-sellers", "best-sellers-snacks"],
    "locations": {
      "vic": {
        "price": 4,
        "promoText": "Any 2 $6",
        "packageSize": "94g",
        "packagePrice": "$4.26 per 100G"
      }
    }
  },
  {
    "id": "uncle-tobys-muesli-bars-chewy-choc-chip",
    "brand": "Uncle Tobys",
    "name": "Chewy Bars Choc Chip",
    "imageUrl": "https://shop.coles.com.au/wcsstore/Coles-CAS/images/4/9/7/4975192-th.jpg",
    "categories": ["back-to-school"],
    "tags": ["best-sellers", "best-sellers-snacks"],
    "locations": {
      "vic": {
        "price": 4.3,
        "promoText": " ",
        "packageSize": "185g",
        "packagePrice": "$2.32 per 100G"
      }
    }
  },
  {
    "id": "uncle-tobys-le-snak-tasty-cheese-value-pack",
    "brand": "Uncle Tobys",
    "name": "Le Snak Dip & Crackers Tasty Cheese Variety Pack",
    "imageUrl": "https://shop.coles.com.au/wcsstore/Coles-CAS/images/4/9/5/4954760-th.jpg",
    "categories": ["back-to-school"],
    "tags": ["best-sellers", "best-sellers-snacks"],
    "locations": {
      "vic": {
        "price": 7.6,
        "promoText": " ",
        "packageSize": "264g",
        "packagePrice": "$2.88 per 100G"
      }
    }
  },
  {
    "id": "uncle-tobys-muesli-bars-yoghurt-topps-variety-pack",
    "brand": "Uncle Tobys",
    "name": "Yoghurt Muesli Bars Variety Value 12 Pack",
    "imageUrl": "https://shop.coles.com.au/wcsstore/Coles-CAS/images/4/9/7/4975975-th.jpg",
    "categories": ["back-to-school"],
    "tags": ["best-sellers", "best-sellers-snacks"],
    "locations": {
      "vic": {
        "price": 5,
        "promoText": " ",
        "packageSize": "375g",
        "packagePrice": "$1.33 per 100G"
      }
    }
  },
  {
    "id": "uncle-tobys-le-snak-natural-cheese",
    "brand": "Uncle Tobys",
    "name": "Le Snak Cheddar Cheese",
    "imageUrl": "https://shop.coles.com.au/wcsstore/Coles-CAS/images/4/9/5/4952890-th.jpg",
    "categories": ["back-to-school"],
    "tags": ["best-sellers", "best-sellers-snacks"],
    "locations": {
      "vic": {
        "price": 4.7,
        "promoText": " ",
        "packageSize": "132g",
        "packagePrice": "$3.56 per 100G"
      }
    }
  },
  {
    "id": "kettle--potato-chips-sea-salt",
    "brand": "Kettle",
    "name": "Sea Salt Potato Chips",
    "imageUrl": "https://shop.coles.com.au/wcsstore/Coles-CAS/images/8/1/5/8156535-th.jpg",
    "categories": ["back-to-school"],
    "tags": ["best-sellers", "best-sellers-snacks"],
    "locations": {
      "vic": {
        "price": 4.65,
        "promoText": "Any 2 $7",
        "packageSize": "175g",
        "packagePrice": "$2.66 per 100G"
      }
    }
  },
  {
    "id": "ccs-tasty-cheese-corn-chips",
    "brand": "CC's",
    "name": "Tasty Cheese Corn Chips",
    "imageUrl": "https://shop.coles.com.au/wcsstore/Coles-CAS/images/1/7/9/1795365-th.jpg",
    "categories": ["back-to-school"],
    "tags": ["best-sellers", "best-sellers-snacks"],
    "locations": {
      "vic": {
        "price": 3.5,
        "promoText": " ",
        "packageSize": "175g",
        "packagePrice": "$2.00 per 100G"
      }
    }
  },
  {
    "id": "kelloggs-k-time-twists-raspberry-apple",
    "brand": "Kellogg's",
    "name": "K-Time Baked Twists Raspberry & Apple Flavour Filled Snack Bars 5 pack",
    "imageUrl": "https://shop.coles.com.au/wcsstore/Coles-CAS/images/9/2/6/9264250-th.jpg",
    "categories": ["back-to-school"],
    "tags": ["best-sellers", "best-sellers-snacks"],
    "locations": {
      "vic": {
        "price": 4,
        "promoText": " ",
        "packageSize": "185g",
        "packagePrice": "$2.16 per 100G"
      }
    }
  },
  {
    "id": "thins-potato-chips-original",
    "brand": "Thins",
    "name": "Original Potato Chips",
    "imageUrl": "https://shop.coles.com.au/wcsstore/Coles-CAS/images/6/8/3/6833891-th.jpg",
    "categories": ["back-to-school"],
    "tags": ["best-sellers", "best-sellers-snacks"],
    "locations": {
      "vic": {
        "price": 3.5,
        "promoText": "Any 2 $5",
        "packageSize": "175g",
        "packagePrice": "$2.00 per 100G"
      }
    }
  },
  {
    "id": "ccs-original-corn-chips",
    "brand": "CC's",
    "name": "Original Corn Chips",
    "imageUrl": "https://shop.coles.com.au/wcsstore/Coles-CAS/images/1/7/9/1795354-th.jpg",
    "categories": ["back-to-school"],
    "tags": ["best-sellers", "best-sellers-snacks"],
    "locations": {
      "vic": {
        "price": 3.5,
        "promoText": " ",
        "packageSize": "175g",
        "packagePrice": "$2.00 per 100G"
      }
    }
  },
  {
    "id": "ccs-nacho-cheese-corn-chips",
    "brand": "CC's",
    "name": "Nacho Cheese Corn Chips",
    "imageUrl": "https://shop.coles.com.au/wcsstore/Coles-CAS/images/1/7/9/1795376-th.jpg",
    "categories": ["back-to-school"],
    "tags": ["best-sellers", "best-sellers-snacks"],
    "locations": {
      "vic": {
        "price": 3.5,
        "promoText": " ",
        "packageSize": "175g",
        "packagePrice": "$2.00 per 100G"
      }
    }
  },
  {
    "id": "doritos-cheese-supreme-corn-chips-2358333p",
    "brand": "Doritos",
    "name": "Cheese Supreme Corn Chips",
    "imageUrl": "https://shop.coles.com.au/wcsstore/Coles-CAS/images/2/3/5/2358333-th.jpg",
    "categories": ["back-to-school"],
    "tags": ["best-sellers", "best-sellers-snacks"],
    "locations": {
      "vic": {
        "price": 1.75,
        "promoText": "$1.75 ",
        "packageSize": "170g",
        "packagePrice": "$1.03 per 100G"
      }
    }
  },
  {
    "id": "mountain-dew-soft-drink-no-sugar",
    "brand": "Mountain Dew",
    "name": "Soft Drink No Sugar",
    "imageUrl": "https://shop.coles.com.au/wcsstore/Coles-CAS/images/3/7/5/3752556-th.jpg",
    "categories": ["back-to-school"],
    "tags": ["best-sellers", "best-sellers-snacks"],
    "locations": {
      "vic": {
        "price": 1.7,
        "promoText": "$0.50 ",
        "packageSize": "1.25L",
        "packagePrice": "$1.36 per 1L"
      }
    }
  },
  {
    "id": "doritos-original-corn-chips",
    "brand": "Doritos",
    "name": "Original Corn Chips",
    "imageUrl": "https://shop.coles.com.au/wcsstore/Coles-CAS/images/2/3/5/2358355-th.jpg",
    "categories": ["back-to-school"],
    "tags": ["best-sellers", "best-sellers-snacks"],
    "locations": {
      "vic": {
        "price": 1.75,
        "promoText": "$1.75 ",
        "packageSize": "170g",
        "packagePrice": "$1.03 per 100G"
      }
    }
  },
  {
    "id": "cheezels-cheese",
    "brand": "Cheezels",
    "name": "Original Cheese Snacks",
    "imageUrl": "https://shop.coles.com.au/wcsstore/Coles-CAS/images/7/8/7/7879468-th.jpg",
    "categories": ["back-to-school"],
    "tags": ["best-sellers", "best-sellers-snacks"],
    "locations": {
      "vic": {
        "price": 2.5,
        "promoText": "2 for $4",
        "packageSize": "110g",
        "packagePrice": "$2.27 per 100G"
      }
    }
  },
  {
    "id": "thins-potato-chips-salt-vinegar",
    "brand": "Thins",
    "name": "Salt & Vinegar Potato Chips",
    "imageUrl": "https://shop.coles.com.au/wcsstore/Coles-CAS/images/6/8/3/6833949-th.jpg",
    "categories": ["back-to-school"],
    "tags": ["best-sellers", "best-sellers-snacks"],
    "locations": {
      "vic": {
        "price": 3.5,
        "promoText": "Any 2 $5",
        "packageSize": "175g",
        "packagePrice": "$2.00 per 100G"
      }
    }
  },
  {
    "id": "red-rock-deli-sea-salt-balsamic-vinegar-potato-chips-1786171p",
    "brand": "Red Rock Deli",
    "name": "Sea Salt & Balsamic Vinegar Potato Chips",
    "imageUrl": "https://shop.coles.com.au/wcsstore/Coles-CAS/images/1/7/8/1786171-th.jpg",
    "categories": ["back-to-school"],
    "tags": ["best-sellers", "best-sellers-snacks"],
    "locations": {
      "vic": {
        "price": 4.65,
        "promoText": "Any 2 $7",
        "packageSize": "165g",
        "packagePrice": "$2.82 per 100G"
      }
    }
  },
  {
    "id": "red-rock-deli-sea-salt-potato-chips",
    "brand": "Red Rock Deli",
    "name": "Sea Salt Potato Chips",
    "imageUrl": "https://shop.coles.com.au/wcsstore/Coles-CAS/images/1/7/8/1786150-th.jpg",
    "categories": ["back-to-school"],
    "tags": ["best-sellers", "best-sellers-snacks"],
    "locations": {
      "vic": {
        "price": 4.65,
        "promoText": "Any 2 $7",
        "packageSize": "165g",
        "packagePrice": "$2.82 per 100G"
      }
    }
  },
  {
    "id": "red-rock-deli-sweet-chilli-sour-cream-potato-chips",
    "brand": "Red Rock Deli",
    "name": "Sweet Chilli & Sour Cream Potato Chips",
    "imageUrl": "https://shop.coles.com.au/wcsstore/Coles-CAS/images/1/7/8/1786182-th.jpg",
    "categories": ["back-to-school"],
    "tags": ["best-sellers", "best-sellers-snacks"],
    "locations": {
      "vic": {
        "price": 4.65,
        "promoText": "Any 2 $7",
        "packageSize": "165g",
        "packagePrice": "$2.82 per 100G"
      }
    }
  },
  {
    "id": "smiths-crinkle-cut-original-potato-chips",
    "brand": "Smith's",
    "name": "Crinkle Cut Original Potato Chips",
    "imageUrl": "https://shop.coles.com.au/wcsstore/Coles-CAS/images/2/3/5/2358275-th.jpg",
    "categories": ["back-to-school"],
    "tags": ["best-sellers", "best-sellers-snacks"],
    "locations": {
      "vic": {
        "price": 3.5,
        "promoText": "Any 2 $5",
        "packageSize": "170g",
        "packagePrice": "$2.06 per 100G"
      }
    }
  },
  {
    "id": "doritos-nacho-cheese-corn-chips-2358344p",
    "brand": "Doritos",
    "name": "Nacho Cheese Corn Chips",
    "imageUrl": "https://shop.coles.com.au/wcsstore/Coles-CAS/images/2/3/5/2358344-th.jpg",
    "categories": ["back-to-school"],
    "tags": ["best-sellers", "best-sellers-snacks"],
    "locations": {
      "vic": {
        "price": 1.75,
        "promoText": "$1.75 ",
        "packageSize": "170g",
        "packagePrice": "$1.03 per 100G"
      }
    }
  },
  {
    "id": "red-rock-deli-honey-soy-chicken-potato-chips",
    "brand": "Red Rock Deli",
    "name": "Honey Soy Chicken Potato Chips",
    "imageUrl": "https://shop.coles.com.au/wcsstore/Coles-CAS/images/1/7/8/1786160-th.jpg",
    "categories": ["back-to-school"],
    "tags": ["best-sellers", "best-sellers-snacks"],
    "locations": {
      "vic": {
        "price": 4.65,
        "promoText": "Any 2 $7",
        "packageSize": "165g",
        "packagePrice": "$2.82 per 100G"
      }
    }
  },
  {
    "id": "thins-potato-chips-light-tangy",
    "brand": "Thins",
    "name": "Light & Tangy Potato Chips",
    "imageUrl": "https://shop.coles.com.au/wcsstore/Coles-CAS/images/6/8/3/6833927-th.jpg",
    "categories": ["back-to-school"],
    "tags": ["best-sellers", "best-sellers-snacks"],
    "locations": {
      "vic": {
        "price": 3.5,
        "promoText": "Any 2 $5",
        "packageSize": "175g",
        "packagePrice": "$2.00 per 100G"
      }
    }
  },
  {
    "id": "smiths-crinkle-cut-salt-vinegar-potato-chips",
    "brand": "Smith's",
    "name": "Crinkle Cut Salt & Vinegar Potato Chips",
    "imageUrl": "https://shop.coles.com.au/wcsstore/Coles-CAS/images/2/3/5/2358286-th.jpg",
    "categories": ["back-to-school"],
    "tags": ["best-sellers", "best-sellers-snacks"],
    "locations": {
      "vic": {
        "price": 3.5,
        "promoText": "Any 2 $5",
        "packageSize": "170g",
        "packagePrice": "$2.06 per 100G"
      }
    }
  },
  {
    "id": "coles-corn-chips-original",
    "brand": "Coles",
    "name": "Original Corn Chips",
    "imageUrl": "https://shop.coles.com.au/wcsstore/Coles-CAS/images/6/9/9/6993038-th.jpg",
    "categories": ["back-to-school"],
    "tags": ["best-sellers", "best-sellers-snacks"],
    "locations": {
      "vic": {
        "price": 1.9,
        "promoText": " ",
        "packageSize": "200g",
        "packagePrice": "$0.95 per 100G"
      }
    }
  },
  {
    "id": "coles-salsa-mild",
    "brand": "Coles",
    "name": "Tomato Salsa Mild",
    "imageUrl": "https://shop.coles.com.au/wcsstore/Coles-CAS/images/5/8/5/5859834-th.jpg",
    "categories": ["back-to-school"],
    "tags": ["best-sellers", "best-sellers-snacks"],
    "locations": {
      "vic": {
        "price": 1.5,
        "promoText": " ",
        "packageSize": "300g",
        "packagePrice": "$0.50 per 100G"
      }
    }
  },
  {
    "id": "smiths-crinkle-cut-bbq-potato-chips",
    "brand": "Smith's",
    "name": "Crinkle Cut BBQ Potato Chips",
    "imageUrl": "https://shop.coles.com.au/wcsstore/Coles-CAS/images/2/3/5/2358264-th.jpg",
    "categories": ["back-to-school"],
    "tags": ["best-sellers", "best-sellers-snacks"],
    "locations": {
      "vic": {
        "price": 3.5,
        "promoText": "Any 2 $5",
        "packageSize": "170g",
        "packagePrice": "$2.06 per 100G"
      }
    }
  },
  {
    "id": "greens-poppin-popcorn-butter-microwave",
    "brand": "Poppin",
    "name": "Butter Microwave Popcorn",
    "imageUrl": "https://shop.coles.com.au/wcsstore/Coles-CAS/images/8/9/9/8997153-th.jpg",
    "categories": ["back-to-school"],
    "tags": ["best-sellers", "best-sellers-snacks"],
    "locations": {
      "vic": {
        "price": 5.55,
        "promoText": " ",
        "packageSize": "400g",
        "packagePrice": "$1.39 per 100G"
      }
    }
  },
  {
    "id": "smiths-crinkle-cut-chicken-potato-chips",
    "brand": "Smith's",
    "name": "Crinkle Cut Chicken Potato Chips",
    "imageUrl": "https://shop.coles.com.au/wcsstore/Coles-CAS/images/2/3/5/2358300-th.jpg",
    "categories": ["back-to-school"],
    "tags": ["best-sellers", "best-sellers-snacks"],
    "locations": {
      "vic": {
        "price": 3.5,
        "promoText": "Any 2 $5",
        "packageSize": "170g",
        "packagePrice": "$2.06 per 100G"
      }
    }
  },
  {
    "id": "smiths-crinkle-cut-cheese-onion-potato-chips",
    "brand": "Smith's",
    "name": "Crinkle Cut Cheese & Onion Potato Chips",
    "imageUrl": "https://shop.coles.com.au/wcsstore/Coles-CAS/images/2/3/5/2358297-th.jpg",
    "categories": ["back-to-school"],
    "tags": ["best-sellers", "best-sellers-snacks"],
    "locations": {
      "vic": {
        "price": 3.5,
        "promoText": "Any 2 $5",
        "packageSize": "170g",
        "packagePrice": "$2.06 per 100G"
      }
    }
  },
  {
    "id": "coles-popcorn-microwave-butter",
    "brand": "Coles",
    "name": "Butter Flavour Microwave Popcorn",
    "imageUrl": "https://shop.coles.com.au/wcsstore/Coles-CAS/images/5/2/0/5207844-th.jpg",
    "categories": ["back-to-school"],
    "tags": ["best-sellers", "best-sellers-snacks"],
    "locations": {
      "vic": {
        "price": 0.95,
        "promoText": " ",
        "packageSize": "100g",
        "packagePrice": "$0.95 per 100G"
      }
    }
  },
  {
    "id": "greens-popcorn-poppin-microwave-triple-butter-flavour-explosion",
    "brand": "Poppin",
    "name": "Explosion Triple Butter Popcorn",
    "imageUrl": "https://shop.coles.com.au/wcsstore/Coles-CAS/images/5/7/2/5720743-th.jpg",
    "categories": ["back-to-school"],
    "tags": ["best-sellers", "best-sellers-snacks"],
    "locations": {
      "vic": {
        "price": 1.75,
        "promoText": " ",
        "packageSize": "100g",
        "packagePrice": "$1.75 per 100G"
      }
    }
  },
  {
    "id": "mother-earth-baked-oaty-slices-chocolate-chip",
    "brand": "Mother Earth",
    "name": "Chocolate Chip Baked Oaty Slices",
    "imageUrl": "https://shop.coles.com.au/wcsstore/Coles-CAS/images/1/2/5/1251833-th.jpg",
    "categories": ["back-to-school"],
    "tags": ["best-sellers", "best-sellers-snacks"],
    "locations": {
      "vic": {
        "price": 3,
        "promoText": "Was $4.00 on Mar 2018 ",
        "packageSize": "240g",
        "packagePrice": "$1.25 per 100G"
      }
    }
  },
  {
    "id": "poppin-microwave-popcorn-triple-butter",
    "brand": "Poppin",
    "name": "Triple Butter Microwave Popcorn",
    "imageUrl": "https://shop.coles.com.au/wcsstore/Coles-CAS/images/8/2/1/8213796-th.jpg",
    "categories": ["back-to-school"],
    "tags": ["best-sellers", "best-sellers-snacks"],
    "locations": {
      "vic": {
        "price": 5.55,
        "promoText": " ",
        "packageSize": "400g",
        "packagePrice": "$1.39 per 100G"
      }
    }
  },
  {
    "id": "coles-microwave-popcorn-10-pack",
    "brand": "Coles",
    "name": "Popcorn 10 Pack",
    "imageUrl": "https://shop.coles.com.au/wcsstore/Coles-CAS/images/2/6/6/2663360-th.jpg",
    "categories": ["back-to-school"],
    "tags": ["best-sellers", "best-sellers-snacks"],
    "locations": {
      "vic": {
        "price": 2.75,
        "promoText": " ",
        "packageSize": "200g",
        "packagePrice": "$1.38 per 100G"
      }
    }
  },
  {
    "id": "pringles-sour-cream-onion-potato-chips",
    "brand": "Pringles",
    "name": "Sour Cream & Onion Potato Chips",
    "imageUrl": "https://shop.coles.com.au/wcsstore/Coles-CAS/images/2/7/8/2784058-th.jpg",
    "categories": ["back-to-school"],
    "tags": ["best-sellers", "best-sellers-snacks"],
    "locations": {
      "vic": {
        "price": 4,
        "promoText": " ",
        "packageSize": "134g",
        "packagePrice": "$2.99 per 100G"
      }
    }
  },
  {
    "id": "coles-corn-chips-cheese-supreme",
    "brand": "Coles",
    "name": "Cheese Supreme Corn Chips",
    "imageUrl": "https://shop.coles.com.au/wcsstore/Coles-CAS/images/6/9/9/6992556-th.jpg",
    "categories": ["back-to-school"],
    "tags": ["best-sellers", "best-sellers-snacks"],
    "locations": {
      "vic": {
        "price": 1.9,
        "promoText": " ",
        "packageSize": "200g",
        "packagePrice": "$0.95 per 100G"
      }
    }
  },
  {
    "id": "coles-bar-fruit-oven-baked-variety-12-pack",
    "brand": "Coles",
    "name": "Fruit Filled 12 Bars Variety Pack",
    "imageUrl": "https://shop.coles.com.au/wcsstore/Coles-CAS/images/5/8/5/5859889-th.jpg",
    "categories": ["back-to-school"],
    "tags": ["best-sellers", "best-sellers-snacks"],
    "locations": {
      "vic": {
        "price": 4.4,
        "promoText": " ",
        "packageSize": "450g",
        "packagePrice": "$0.98 per 100G"
      }
    }
  },
  {
    "id": "coles-smart-buy-snack-fruit-sticks-assorted",
    "brand": "Coles",
    "name": "Fruit Sticks Assorted  24 pack",
    "imageUrl": "https://shop.coles.com.au/wcsstore/Coles-CAS/images/5/8/6/5860301-th.jpg",
    "categories": ["back-to-school"],
    "tags": ["best-sellers", "best-sellers-snacks"],
    "locations": {
      "vic": {
        "price": 3.55,
        "promoText": " ",
        "packageSize": "480g",
        "packagePrice": "$0.74 per 100G"
      }
    }
  }
]

