[
  {
    "id": "cenovis-vitamin-c-250mg",
    "brand": "Cenovis",
    "name": "Vitamin C 250mg Tablets",
    "imageUrl": "https://shop.coles.com.au/wcsstore/Coles-CAS/images/2/5/5/2556213-th.jpg",
    "categories": ["winter"],
    "tags": ["cold-and-flu", "cold-flu-vitamins"],
    "locations": {
      "vic": {
        "price": 5.25,
        "promoText": "$5.25 ",
        "packageSize": "150 pack",
        "packagePrice": "$0.04 per 1Ea"
      }
    }
  },
  {
    "id": "blackmores-bio-c-1000mg-tablets",
    "brand": "Blackmores",
    "name": "Bio C 1000mg Tablets",
    "imageUrl": "https://shop.coles.com.au/wcsstore/Coles-CAS/images/8/2/9/8297402-th.jpg",
    "categories": ["winter"],
    "tags": ["cold-and-flu", "cold-flu-vitamins"],
    "locations": {
      "vic": {
        "price": 8.8,
        "promoText": "$8.80 ",
        "packageSize": "62 pack",
        "packagePrice": "$14.19 per 100Ea"
      }
    }
  },
  {
    "id": "blackmores-bio-zinc-tablets",
    "brand": "Blackmores",
    "name": "Bio Zinc 84 Tablets",
    "imageUrl": "https://shop.coles.com.au/wcsstore/Coles-CAS/images/8/2/9/8296705-th.jpg",
    "categories": ["winter"],
    "tags": ["cold-and-flu", "cold-flu-vitamins"],
    "locations": {
      "vic": {
        "price": 9.3,
        "promoText": "$9.30 ",
        "packageSize": "1 pack",
        "packagePrice": "$9.30 per 1Ea"
      }
    }
  },
  {
    "id": "blackmores-tablets-bio-c-chewable-500mg-value-pack",
    "brand": "Blackmores",
    "name": "Bio C 500mg Chewable Tablets",
    "imageUrl": "https://shop.coles.com.au/wcsstore/Coles-CAS/images/9/6/8/9688926-th.jpg",
    "categories": ["winter"],
    "tags": ["cold-and-flu", "cold-flu-vitamins"],
    "locations": {
      "vic": {
        "price": 14.5,
        "promoText": " ",
        "packageSize": "125 pack",
        "packagePrice": "$11.60 per 100Ea"
      }
    }
  },
  {
    "id": "cenovis-tablets-echinacea-garlic-zinc-c",
    "brand": "Cenovis",
    "name": "Echinacea Garlic Zinc & C Tablets",
    "imageUrl": "https://shop.coles.com.au/wcsstore/Coles-CAS/images/7/1/0/7103770-th.jpg",
    "categories": ["winter"],
    "tags": ["cold-and-flu", "cold-flu-vitamins"],
    "locations": {
      "vic": {
        "price": 13,
        "promoText": "$13.00 ",
        "packageSize": "125 pack",
        "packagePrice": "$0.10 per 1Ea"
      }
    }
  },
  {
    "id": "blackmores-vit-c-echinacea",
    "brand": "Blackmores",
    "name": "Vitamin C 1000 Echinacea + Zinc Effervescent Tablets",
    "imageUrl": "https://shop.coles.com.au/wcsstore/Coles-CAS/images/3/4/7/3472640-th.jpg",
    "categories": ["winter"],
    "tags": ["cold-and-flu", "cold-flu-vitamins"],
    "locations": {
      "vic": {
        "price": 3.5,
        "promoText": "$3.50 ",
        "packageSize": "10 Pack",
        "packagePrice": "$0.35 per 1Ea"
      }
    }
  },
  {
    "id": "cenovis-tablets-value-pack-mega-c-orange-1000mg",
    "brand": "Cenovis",
    "name": "Mega C 1000mg Tablets",
    "imageUrl": "https://shop.coles.com.au/wcsstore/Coles-CAS/images/9/3/1/9314518-th.jpg",
    "categories": ["winter"],
    "tags": ["cold-and-flu", "cold-flu-vitamins"],
    "locations": {
      "vic": {
        "price": 5,
        "promoText": "$5.00 ",
        "packageSize": "60 pack",
        "packagePrice": "$0.08 per 1Ea"
      }
    }
  },
  {
    "id": "cenovis-zinc-plus-tablets",
    "brand": "Cenovis",
    "name": "Zinc Plus Tablets",
    "imageUrl": "https://shop.coles.com.au/wcsstore/Coles-CAS/images/2/8/2/2828743-th.jpg",
    "categories": ["winter"],
    "tags": ["cold-and-flu", "cold-flu-vitamins"],
    "locations": {
      "vic": {
        "price": 13,
        "promoText": "Was $14.00 on Dec 2017 ",
        "packageSize": "150 pack",
        "packagePrice": "$8.67 per 100Ea"
      }
    }
  },
  {
    "id": "nature-s-way-kids-vita-gummies-vit-c-sugar-fre",
    "brand": "Nature's Way",
    "name": "Kids Vita Gummies Vit C Sugar Free",
    "imageUrl": "https://shop.coles.com.au/wcsstore/Coles-CAS/images/3/7/5/3753151-th.jpg",
    "categories": ["winter"],
    "tags": ["cold-and-flu", "cold-flu-vitamins"],
    "locations": {
      "vic": {
        "price": 20,
        "promoText": " ",
        "packageSize": "70 pack",
        "packagePrice": "$28.57 per 100Ea"
      }
    }
  },
  {
    "id": "swisse-ultiboost-high-strength-c-tablets",
    "brand": "Swisse",
    "name": "High Strength C",
    "imageUrl": "https://shop.coles.com.au/wcsstore/Coles-CAS/images/2/8/6/2869456-th.jpg",
    "categories": ["winter"],
    "tags": ["cold-and-flu", "cold-flu-vitamins"],
    "locations": {
      "vic": {
        "price": 40,
        "promoText": " ",
        "packageSize": "150 Pack",
        "packagePrice": "$0.27 per 1Ea"
      }
    }
  },
  {
    "id": "voost-effervescent-vitamin-c-1000mg",
    "brand": "Voost",
    "name": "Vitamin C 1000mg 20 Blood Orange Effervescent Tablets",
    "imageUrl": "https://shop.coles.com.au/wcsstore/Coles-CAS/images/3/2/7/3279775-th.jpg",
    "categories": ["winter"],
    "tags": ["cold-and-flu", "cold-flu-vitamins"],
    "locations": {
      "vic": {
        "price": 5,
        "promoText": "$1.50 ",
        "packageSize": "1 pack",
        "packagePrice": "$5.00 per 1Ea"
      }
    }
  },
  {
    "id": "blackmores-vit-c-elderberry-gummy",
    "brand": "Blackmores",
    "name": "Vitamin C + Elderberry Gummies",
    "imageUrl": "https://shop.coles.com.au/wcsstore/Coles-CAS/images/3/7/0/3709615-th.jpg",
    "categories": ["winter"],
    "tags": ["cold-and-flu", "cold-flu-vitamins"],
    "locations": {
      "vic": {
        "price": 12.5,
        "promoText": "$12.50 ",
        "packageSize": "120 pack",
        "packagePrice": "$10.42 per 100Ea"
      }
    }
  },
  {
    "id": "cenovis-echinacea-garlic-zinc-vitamin-c-tablets",
    "brand": "Cenovis",
    "name": "Echinacea Garlic Zinc & C Tablets",
    "imageUrl": "https://shop.coles.com.au/wcsstore/Coles-CAS/images/8/1/4/8142439-th.jpg",
    "categories": ["winter"],
    "tags": ["cold-and-flu", "cold-flu-vitamins"],
    "locations": {
      "vic": {
        "price": 8,
        "promoText": "$8.00 ",
        "packageSize": "60 pack",
        "packagePrice": "$0.13 per 1Ea"
      }
    }
  },
  {
    "id": "cenovis-echinacea-5000mg-capsules",
    "brand": "Cenovis",
    "name": "Echinacea 5000 Capsules",
    "imageUrl": "https://shop.coles.com.au/wcsstore/Coles-CAS/images/9/6/7/9677125-th.jpg",
    "categories": ["winter"],
    "tags": ["cold-and-flu", "cold-flu-vitamins"],
    "locations": {
      "vic": {
        "price": 7.5,
        "promoText": "$7.50 ",
        "packageSize": "60 pack",
        "packagePrice": "$0.13 per 1Ea"
      }
    }
  },
  {
    "id": "natures-way-vitagummies-vitamin-c",
    "brand": "Nature's Way",
    "name": "Vita Gummies Vitamin C",
    "imageUrl": "https://shop.coles.com.au/wcsstore/Coles-CAS/images/9/1/1/9114268-th.jpg",
    "categories": ["winter"],
    "tags": ["cold-and-flu", "cold-flu-vitamins"],
    "locations": {
      "vic": {
        "price": 20,
        "promoText": " ",
        "packageSize": "120 pack",
        "packagePrice": "$16.67 per 100Ea"
      }
    }
  },
  {
    "id": "natures-way-adlt-vitagummie-immune-sf",
    "brand": "Nature's Way",
    "name": "Vita Gummies Immune Support Sugar Free Tablets",
    "imageUrl": "https://shop.coles.com.au/wcsstore/Coles-CAS/images/3/4/5/3453260-th.jpg",
    "categories": ["winter"],
    "tags": ["cold-and-flu", "cold-flu-vitamins"],
    "locations": {
      "vic": {
        "price": 20,
        "promoText": " ",
        "packageSize": "65 pack",
        "packagePrice": "$30.77 per 100Ea"
      }
    }
  },
  {
    "id": "natures-own-double-strength-cold-sore-relief",
    "brand": "Nature?s Own",
    "name": "Double Strength Cold Sore Relief Tablets",
    "imageUrl": "https://shop.coles.com.au/wcsstore/Coles-CAS/images/1/8/1/1810174-th.jpg",
    "categories": ["winter"],
    "tags": ["cold-and-flu", "cold-flu-vitamins"],
    "locations": {
      "vic": {
        "price": 6,
        "promoText": "$6.00 ",
        "packageSize": "50 pack",
        "packagePrice": "$0.12 per 1Ea"
      }
    }
  },
  {
    "id": "swisse-ultibost-vitamin-c-chewable-3758315p",
    "brand": "Swisse",
    "name": "Ultiboost Vitamin C Chewable",
    "imageUrl": "https://shop.coles.com.au/wcsstore/Coles-CAS/images/3/7/5/3758315-th.jpg",
    "categories": ["winter"],
    "tags": ["cold-and-flu", "cold-flu-vitamins"],
    "locations": {
      "vic": {
        "price": 11,
        "promoText": " ",
        "packageSize": "110 pack",
        "packagePrice": "$10.00 per 100Ea"
      }
    }
  },
  {
    "id": "swisse-ultibost-vitamin-c-effervescent",
    "brand": "Swisse",
    "name": "Ultiboost Vitamin C Effervescent",
    "imageUrl": "https://shop.coles.com.au/wcsstore/Coles-CAS/images/3/7/5/3758326-th.jpg",
    "categories": ["winter"],
    "tags": ["cold-and-flu", "cold-flu-vitamins"],
    "locations": {
      "vic": {
        "price": 13,
        "promoText": " ",
        "packageSize": "20 pack",
        "packagePrice": "$65.00 per 100Ea"
      }
    }
  },
  {
    "id": "wellgrove-immunity-olive-leaf-capsules",
    "brand": "Wellgrove",
    "name": "Immune Support Olive Leaf Extract 60 Capsules",
    "imageUrl": "https://shop.coles.com.au/wcsstore/Coles-CAS/images/3/4/7/3470394-th.jpg",
    "categories": ["winter"],
    "tags": ["cold-and-flu", "cold-flu-vitamins"],
    "locations": {
      "vic": {
        "price": 15,
        "promoText": "$5.00 ",
        "packageSize": "1 Pack",
        "packagePrice": "$15.00 per 1Ea"
      }
    }
  },
  {
    "id": "wellgrove-immunity-olive-leaf-extract-naturl-3470340p",
    "brand": "Wellgrove",
    "name": "Immune Support Olive Leaf Extract Natural Flavour Oral Liquid",
    "imageUrl": "https://shop.coles.com.au/wcsstore/Coles-CAS/images/3/4/7/3470340-th.jpg",
    "categories": ["winter"],
    "tags": ["cold-and-flu", "cold-flu-vitamins"],
    "locations": {
      "vic": {
        "price": 30,
        "promoText": " ",
        "packageSize": "500mL",
        "packagePrice": "$6.00 per 100mL"
      }
    }
  },
  {
    "id": "blackmores-lyp-sine-tablets",
    "brand": "Blackmores",
    "name": "Lyp-Sine Tablets",
    "imageUrl": "https://shop.coles.com.au/wcsstore/Coles-CAS/images/8/2/9/8297650-th.jpg",
    "categories": ["winter"],
    "tags": ["cold-and-flu", "cold-flu-vitamins"],
    "locations": {
      "vic": {
        "price": 5,
        "promoText": "$5.00 ",
        "packageSize": "30 pack",
        "packagePrice": "$16.67 per 100Ea"
      }
    }
  },
  {
    "id": "blackmores-vitamin-c-500mg-tablets",
    "brand": "Blackmores",
    "name": "Vitamin C 500mg Tablets",
    "imageUrl": "https://shop.coles.com.au/wcsstore/Coles-CAS/images/2/8/3/2837959-th.jpg",
    "categories": ["winter"],
    "tags": ["cold-and-flu", "cold-flu-vitamins"],
    "locations": {
      "vic": {
        "price": 6.25,
        "promoText": "$6.25 ",
        "packageSize": "120 pack",
        "packagePrice": "$5.21 per 100Ea"
      }
    }
  },
  {
    "id": "cenovis-garlic-horseradish--c-complex-capsules",
    "brand": "Cenovis",
    "name": "Garlic Horseradish + C Complex Capsules",
    "imageUrl": "https://shop.coles.com.au/wcsstore/Coles-CAS/images/4/7/7/4779773-th.jpg",
    "categories": ["winter"],
    "tags": ["cold-and-flu", "cold-flu-vitamins"],
    "locations": {
      "vic": {
        "price": 8.25,
        "promoText": "$8.25 ",
        "packageSize": "120 pack",
        "packagePrice": "$0.07 per 1Ea"
      }
    }
  },
  {
    "id": "cenovis-tablets-sugarless-c-500mg-value-pack",
    "brand": "Cenovis",
    "name": "Sugarless C 500mg Tablets",
    "imageUrl": "https://shop.coles.com.au/wcsstore/Coles-CAS/images/9/4/6/9461738-th.jpg",
    "categories": ["winter"],
    "tags": ["cold-and-flu", "cold-flu-vitamins"],
    "locations": {
      "vic": {
        "price": 12.6,
        "promoText": "$1.40 ",
        "packageSize": "300 pack",
        "packagePrice": "$0.04 per 1Ea"
      }
    }
  },
  {
    "id": "cenovis-low-odour-garlic-capsules",
    "brand": "Cenovis",
    "name": "Garlic Capsules",
    "imageUrl": "https://shop.coles.com.au/wcsstore/Coles-CAS/images/2/8/2/2828153-th.jpg",
    "categories": ["winter"],
    "tags": ["cold-and-flu", "cold-flu-vitamins"],
    "locations": {
      "vic": {
        "price": 12,
        "promoText": " ",
        "packageSize": "150 pack",
        "packagePrice": "$0.08 per 1Ea"
      }
    }
  },
  {
    "id": "natures-own--triple-strength-garlic-c-horseradish-2279383p",
    "brand": "Nature's Own",
    "name": "Triple Strength Garlic + C Horseradish Tablets",
    "imageUrl": "https://shop.coles.com.au/wcsstore/Coles-CAS/images/2/2/7/2279383-th.jpg",
    "categories": ["winter"],
    "tags": ["cold-and-flu", "cold-flu-vitamins"],
    "locations": {
      "vic": {
        "price": 10,
        "promoText": "$10.00 ",
        "packageSize": "60 pack",
        "packagePrice": "$0.17 per 1Ea"
      }
    }
  },
  {
    "id": "natures-way-vitamin-garlic-horseradish",
    "brand": "Nature's Way",
    "name": "Garlic + C & Horseradish Tablets",
    "imageUrl": "https://shop.coles.com.au/wcsstore/Coles-CAS/images/9/3/1/9314733-th.jpg",
    "categories": ["winter"],
    "tags": ["cold-and-flu", "cold-flu-vitamins"],
    "locations": {
      "vic": {
        "price": 20,
        "promoText": " ",
        "packageSize": "200 pack",
        "packagePrice": "$10.00 per 100Ea"
      }
    }
  },
  {
    "id": "natures-way-vitamin-c-tablets",
    "brand": "Nature's Way",
    "name": "Vitamin C Tablets",
    "imageUrl": "https://shop.coles.com.au/wcsstore/Coles-CAS/images/4/8/5/4856455-th.jpg",
    "categories": ["winter"],
    "tags": ["cold-and-flu", "cold-flu-vitamins"],
    "locations": {
      "vic": {
        "price": 29,
        "promoText": " ",
        "packageSize": "500 pack",
        "packagePrice": "$5.80 per 100Ea"
      }
    }
  },
  {
    "id": "swisse-vitamins-ultiboost-zinc-capsules",
    "brand": "Swisse",
    "name": "Ultiboost Zinc+ Tablets",
    "imageUrl": "https://shop.coles.com.au/wcsstore/Coles-CAS/images/9/1/2/9120329-th.jpg",
    "categories": ["winter"],
    "tags": ["cold-and-flu", "cold-flu-vitamins"],
    "locations": {
      "vic": {
        "price": 16.2,
        "promoText": " ",
        "packageSize": "60 pack",
        "packagePrice": "$27.00 per 100Ea"
      }
    }
  },
  {
    "id": "swisse-ultibiotic-daily-immune-probiotic",
    "brand": "Swisse",
    "name": "Ultibiotic Daily Immune Probiotic Capsules",
    "imageUrl": "https://shop.coles.com.au/wcsstore/Coles-CAS/images/3/4/6/3469271-th.jpg",
    "categories": ["winter"],
    "tags": ["cold-and-flu", "cold-flu-vitamins"],
    "locations": {
      "vic": {
        "price": 19.2,
        "promoText": "$12.80 ",
        "packageSize": "30 pack",
        "packagePrice": "$64.00 per 100Ea"
      }
    }
  },
  {
    "id": "swisse-ultibost-daily-immune-support-3758279p",
    "brand": "Swisse",
    "name": "Ultiboost Daily Immune Support",
    "imageUrl": "https://shop.coles.com.au/wcsstore/Coles-CAS/images/3/7/5/3758279-th.jpg",
    "categories": ["winter"],
    "tags": ["cold-and-flu", "cold-flu-vitamins"],
    "locations": {
      "vic": {
        "price": 20,
        "promoText": " ",
        "packageSize": "60 pack",
        "packagePrice": "$33.33 per 100Ea"
      }
    }
  },
  {
    "id": "swisse-ultibost-immune-action-3758280p",
    "brand": "Swisse",
    "name": "Ultiboost Immune Action",
    "imageUrl": "https://shop.coles.com.au/wcsstore/Coles-CAS/images/3/7/5/3758280-th.jpg",
    "categories": ["winter"],
    "tags": ["cold-and-flu", "cold-flu-vitamins"],
    "locations": {
      "vic": {
        "price": 30,
        "promoText": " ",
        "packageSize": "60 pack",
        "packagePrice": "$50.00 per 100Ea"
      }
    }
  },
  {
    "id": "claratyne-childrens-grape-chew-5mg-tabs-10pk",
    "brand": "Claratyne",
    "name": "Children's Hayfever Antihistamine Grape Flavoured Chewable Tablets",
    "imageUrl": "https://shop.coles.com.au/wcsstore/Coles-CAS/images/3/0/6/3060461-th.jpg",
    "categories": ["winter"],
    "tags": ["cold-and-flu", "cold-and-allergy"],
    "locations": {
      "vic": {
        "price": 12,
        "promoText": " ",
        "packageSize": "10 Pack",
        "packagePrice": "$12.00 per 1Ea"
      }
    }
  },
  {
    "id": "claratyne-tablet-10-pack",
    "brand": "Claratyne",
    "name": "Tablet 10Mg",
    "imageUrl": "https://shop.coles.com.au/wcsstore/Coles-CAS/images/2/8/6/2861738-th.jpg",
    "categories": ["winter"],
    "tags": ["cold-and-flu", "cold-and-allergy"],
    "locations": {
      "vic": {
        "price": 12,
        "promoText": " ",
        "packageSize": "10 pack",
        "packagePrice": "$1.20 per 1Ea"
      }
    }
  },
  {
    "id": "zyrtec-rapid-acting-tablets-10-pack",
    "brand": "Zyrtec",
    "name": "Rapid Acting Tablets",
    "imageUrl": "https://shop.coles.com.au/wcsstore/Coles-CAS/images/3/0/5/3057875-th.jpg",
    "categories": ["winter"],
    "tags": ["cold-and-flu", "cold-and-allergy"],
    "locations": {
      "vic": {
        "price": 11.5,
        "promoText": " ",
        "packageSize": "10 pack",
        "packagePrice": "$1.15 per 1Ea"
      }
    }
  },
  {
    "id": "telfast-120mg-10-tablets",
    "brand": "Telfast",
    "name": "Telfast Hayfever Allergy Relief 120mg Tablets",
    "imageUrl": "https://shop.coles.com.au/wcsstore/Coles-CAS/images/3/1/5/3157701-th.jpg",
    "categories": ["winter"],
    "tags": ["cold-and-flu", "cold-and-allergy"],
    "locations": {
      "vic": {
        "price": 12,
        "promoText": " ",
        "packageSize": "10 pack",
        "packagePrice": "$1.20 per 1Ea"
      }
    }
  },
  {
    "id": "coles-cetirizine-rapid-10mg-tablets",
    "brand": "Coles",
    "name": "Cetirizine Hayfever Allergy Relief Rapid Tablets 10mg",
    "imageUrl": "https://shop.coles.com.au/wcsstore/Coles-CAS/images/2/8/4/2845844-th.jpg",
    "categories": ["winter"],
    "tags": ["cold-and-flu", "cold-and-allergy"],
    "locations": {
      "vic": {
        "price": 6,
        "promoText": " ",
        "packageSize": "10 pack",
        "packagePrice": "$0.60 per 1Ea"
      }
    }
  },
  {
    "id": "zyrtec-gel-capsules",
    "brand": "Zyrtec",
    "name": "Gel Capsules",
    "imageUrl": "https://shop.coles.com.au/wcsstore/Coles-CAS/images/3/0/5/3057864-th.jpg",
    "categories": ["winter"],
    "tags": ["cold-and-flu", "cold-and-allergy"],
    "locations": {
      "vic": {
        "price": 14.15,
        "promoText": " ",
        "packageSize": "10 pack",
        "packagePrice": "$1.42 per 1Ea"
      }
    }
  },
  {
    "id": "coles-hayfever-fexofenadine-120mg-tblts",
    "brand": "Coles",
    "name": "Hayfever Allergy Relief Fexofenadine Tablets 120mg",
    "imageUrl": "https://shop.coles.com.au/wcsstore/Coles-CAS/images/2/8/4/2845855-th.jpg",
    "categories": ["winter"],
    "tags": ["cold-and-flu", "cold-and-allergy"],
    "locations": {
      "vic": {
        "price": 7,
        "promoText": " ",
        "packageSize": "10 pack",
        "packagePrice": "$0.70 per 1Ea"
      }
    }
  },
  {
    "id": "telfast-60mg-hayfever-allergies-tablets",
    "brand": "Telfast",
    "name": "Hayfever Allergy Relief 60mg Tablets",
    "imageUrl": "https://shop.coles.com.au/wcsstore/Coles-CAS/images/8/6/0/8608852-th.jpg",
    "categories": ["winter"],
    "tags": ["cold-and-flu", "cold-and-allergy"],
    "locations": {
      "vic": {
        "price": 7,
        "promoText": " ",
        "packageSize": "10 pack",
        "packagePrice": "$0.70 per 1Ea"
      }
    }
  },
  {
    "id": "telfast-60mg-20-tablets",
    "brand": "Telfast",
    "name": "Hayfever Allergy Relief 60mg Tablets",
    "imageUrl": "https://shop.coles.com.au/wcsstore/Coles-CAS/images/3/1/5/3157687-th.jpg",
    "categories": ["winter"],
    "tags": ["cold-and-flu", "cold-and-allergy"],
    "locations": {
      "vic": {
        "price": 12,
        "promoText": " ",
        "packageSize": "20 pack",
        "packagePrice": "$0.60 per 1Ea"
      }
    }
  },
  {
    "id": "nyal-chesty-cough-mixture",
    "brand": "Nyal",
    "name": "Chesty Cough Mixture",
    "imageUrl": "https://shop.coles.com.au/wcsstore/Coles-CAS/images/8/0/5/8051923-th.jpg",
    "categories": ["winter"],
    "tags": ["cold-and-flu", "cold-flu-tissues"],
    "locations": {
      "vic": {
        "price": 6.8,
        "promoText": "$1.70 ",
        "packageSize": "200mL",
        "packagePrice": "$3.40 per 100mL"
      }
    }
  },
  {
    "id": "vicks-2in1-relief-cough-syrup-200ml",
    "brand": "Vicks",
    "name": "2 In 1 Relief Cough Syrup",
    "imageUrl": "https://shop.coles.com.au/wcsstore/Coles-CAS/images/3/7/3/3734044-th.jpg",
    "categories": ["winter"],
    "tags": ["cold-and-flu", "cold-flu-tissues"],
    "locations": {
      "vic": {
        "price": 14,
        "promoText": " ",
        "packageSize": "200mL",
        "packagePrice": "$7.00 per 100mL"
      }
    }
  },
  {
    "id": "bonningtons-cough-mixture-irish-moss",
    "brand": "Bonningtons",
    "name": "Irish Moss Cough Mixture",
    "imageUrl": "https://shop.coles.com.au/wcsstore/Coles-CAS/images/1/3/6/136192-th.jpg",
    "categories": ["winter"],
    "tags": ["cold-and-flu", "cold-flu-tissues"],
    "locations": {
      "vic": {
        "price": 6.5,
        "promoText": " ",
        "packageSize": "200mL",
        "packagePrice": "$3.25 per 100mL"
      }
    }
  },
  {
    "id": "bronchodual-cough-syrup-200ml",
    "brand": "Bronchodual",
    "name": "Cough Syrup",
    "imageUrl": "https://shop.coles.com.au/wcsstore/Coles-CAS/images/3/7/3/3734510-th.jpg",
    "categories": ["winter"],
    "tags": ["cold-and-flu", "cold-flu-tissues"],
    "locations": {
      "vic": {
        "price": 16.99,
        "promoText": " ",
        "packageSize": "200mL",
        "packagePrice": "$8.50 per 100mL"
      }
    }
  },
  {
    "id": "codral-relief-liquid-mucus-cough-cold",
    "brand": "Codral",
    "name": "Relief Mucus Cough & Cold Liquid",
    "imageUrl": "https://shop.coles.com.au/wcsstore/Coles-CAS/images/9/1/3/9132871-th.jpg",
    "categories": ["winter"],
    "tags": ["cold-and-flu", "cold-flu-tissues"],
    "locations": {
      "vic": {
        "price": 11.5,
        "promoText": " ",
        "packageSize": "200mL",
        "packagePrice": "$5.75 per 100mL"
      }
    }
  },
  {
    "id": "coles-chesty-cough-medicine-oral-liquid",
    "brand": "Coles",
    "name": "Cherry Flavoured Chesty Cough Medicine Oral Liquid",
    "imageUrl": "https://shop.coles.com.au/wcsstore/Coles-CAS/images/2/8/4/2843317-th.jpg",
    "categories": ["winter"],
    "tags": ["cold-and-flu", "cold-flu-tissues"],
    "locations": {
      "vic": {
        "price": 6.5,
        "promoText": " ",
        "packageSize": "200mL",
        "packagePrice": "$3.25 per 100mL"
      }
    }
  },
  {
    "id": "coles-dry-cough-mixture",
    "brand": "Coles",
    "name": "Honey & Lemon Flavoured Dry Cough Medicine",
    "imageUrl": "https://shop.coles.com.au/wcsstore/Coles-CAS/images/2/8/4/2843328-th.jpg",
    "categories": ["winter"],
    "tags": ["cold-and-flu", "cold-flu-tissues"],
    "locations": {
      "vic": {
        "price": 6.5,
        "promoText": " ",
        "packageSize": "200mL",
        "packagePrice": "$3.25 per 100mL"
      }
    }
  },
  {
    "id": "nyal-cough-mixture",
    "brand": "Nyal",
    "name": "Cough Mixture",
    "imageUrl": "https://shop.coles.com.au/wcsstore/Coles-CAS/images/5/7/6/5765708-th.jpg",
    "categories": ["winter"],
    "tags": ["cold-and-flu", "cold-flu-tissues"],
    "locations": {
      "vic": {
        "price": 6.8,
        "promoText": "$1.70 ",
        "packageSize": "200mL",
        "packagePrice": "$3.40 per 100mL"
      }
    }
  },
  {
    "id": "robitussin-syrup-cold-chesty-cough",
    "brand": "Robitussin",
    "name": "Cold & Chesty Cough Syrup",
    "imageUrl": "https://shop.coles.com.au/wcsstore/Coles-CAS/images/1/4/8/1484285-th.jpg",
    "categories": ["winter"],
    "tags": ["cold-and-flu", "cold-flu-tissues"],
    "locations": {
      "vic": {
        "price": 11.4,
        "promoText": " ",
        "packageSize": "200mL",
        "packagePrice": "$5.70 per 100mL"
      }
    }
  },
  {
    "id": "sambucol-liquid-cold-flu",
    "brand": "Sambucol",
    "name": "Cold & Flu Liquid",
    "imageUrl": "https://shop.coles.com.au/wcsstore/Coles-CAS/images/7/4/8/7484426-th.jpg",
    "categories": ["winter"],
    "tags": ["cold-and-flu", "cold-flu-tissues"],
    "locations": {
      "vic": {
        "price": 13.5,
        "promoText": "$4.50 ",
        "packageSize": "120mL",
        "packagePrice": "$11.25 per 100mL"
      }
    }
  },
  {
    "id": "sambucol-kids-liquid",
    "brand": "Sambucol",
    "name": "Black Elderberry Cold & Flu Kids Liquid",
    "imageUrl": "https://shop.coles.com.au/wcsstore/Coles-CAS/images/2/1/1/2110156-th.jpg",
    "categories": ["winter"],
    "tags": ["cold-and-flu", "cold-flu-tissues"],
    "locations": {
      "vic": {
        "price": 14.25,
        "promoText": "$4.75 ",
        "packageSize": "120mL",
        "packagePrice": "$11.88 per 100mL"
      }
    }
  },
  {
    "id": "vicks-chesty-honey-kids-cough-syrup-180ml",
    "brand": "Vicks",
    "name": "Chesty Honey Kids Cough Syrup",
    "imageUrl": "https://shop.coles.com.au/wcsstore/Coles-CAS/images/3/7/3/3734033-th.jpg",
    "categories": ["winter"],
    "tags": ["cold-and-flu", "cold-flu-tissues"],
    "locations": {
      "vic": {
        "price": 10.5,
        "promoText": " ",
        "packageSize": "180mL",
        "packagePrice": "$5.83 per 100mL"
      }
    }
  },
  {
    "id": "strepsils-throat-lozenges-orange",
    "brand": "Strepsils",
    "name": "Orange Throat Lozenges",
    "imageUrl": "https://shop.coles.com.au/wcsstore/Coles-CAS/images/6/4/2/6420348-th.jpg",
    "categories": ["winter"],
    "tags": ["cold-and-flu", "cold-flu-pain-relief"],
    "locations": {
      "vic": {
        "price": 10.5,
        "promoText": " ",
        "packageSize": "36 pack",
        "packagePrice": "$0.29 per 1Ea"
      }
    }
  },
  {
    "id": "vicks-vapodrop-original-42s",
    "brand": "Vicks",
    "name": "Vapodrop Original",
    "imageUrl": "https://shop.coles.com.au/wcsstore/Coles-CAS/images/3/7/3/3734055-th.jpg",
    "categories": ["winter"],
    "tags": ["cold-and-flu", "cold-flu-pain-relief"],
    "locations": {
      "vic": {
        "price": 6.8,
        "promoText": " ",
        "packageSize": "42 pack",
        "packagePrice": "$0.16 per 1Ea"
      }
    }
  },
  {
    "id": "strepsils-extra-lozenges-honey-lemon",
    "brand": "Strepsils",
    "name": "Extra Honey and Lemon Fast Numbing Sore Throat Pain Relief with Anaesthetic 16 Lozenges",
    "imageUrl": "https://shop.coles.com.au/wcsstore/Coles-CAS/images/3/4/1/3417981-th.jpg",
    "categories": ["winter"],
    "tags": ["cold-and-flu", "cold-flu-pain-relief"],
    "locations": {
      "vic": {
        "price": 7,
        "promoText": "$1.00 ",
        "packageSize": "1 Pack",
        "packagePrice": "$7.00 per 1Ea"
      }
    }
  },
  {
    "id": "vicks-vapodrops-lozenges-original-menthol",
    "brand": "Vicks",
    "name": "VapoDrops Original Menthol Lozenges",
    "imageUrl": "https://shop.coles.com.au/wcsstore/Coles-CAS/images/8/1/6/8161706-th.jpg",
    "categories": ["winter"],
    "tags": ["cold-and-flu", "cold-flu-pain-relief"],
    "locations": {
      "vic": {
        "price": 4.3,
        "promoText": " ",
        "packageSize": "24 pack",
        "packagePrice": "$0.18 per 1Ea"
      }
    }
  },
  {
    "id": "vicks-vapodrops-liquicentres-lozenges",
    "brand": "Vicks",
    "name": "VapoDrops Liquicentres Burst of Mint Lozenges",
    "imageUrl": "https://shop.coles.com.au/wcsstore/Coles-CAS/images/9/1/2/9128557-th.jpg",
    "categories": ["winter"],
    "tags": ["cold-and-flu", "cold-flu-pain-relief"],
    "locations": {
      "vic": {
        "price": 4.2,
        "promoText": " ",
        "packageSize": "22 pack",
        "packagePrice": "$0.19 per 1Ea"
      }
    }
  },
  {
    "id": "bosistos-drops-eucalyptus",
    "brand": "Bosisto's",
    "name": "Sugar Free Eucalyptus Drops",
    "imageUrl": "https://shop.coles.com.au/wcsstore/Coles-CAS/images/7/1/8/7187442-th.jpg",
    "categories": ["winter"],
    "tags": ["cold-and-flu", "cold-flu-pain-relief"],
    "locations": {
      "vic": {
        "price": 3.3,
        "promoText": " ",
        "packageSize": "50g",
        "packagePrice": "$6.60 per 100G"
      }
    }
  },
  {
    "id": "ease-a-cold-cough-cold-flu-capsules-day-night",
    "brand": "Ease A Cold",
    "name": "Cough Cold & Flu Day & Night Capsules",
    "imageUrl": "https://shop.coles.com.au/wcsstore/Coles-CAS/images/9/7/3/9738387-th.jpg",
    "categories": ["winter"],
    "tags": ["cold-and-flu", "cold-flu-pain-relief"],
    "locations": {
      "vic": {
        "price": 13.5,
        "promoText": "$4.80 ",
        "packageSize": "24 pack",
        "packagePrice": "$0.56 per 1Ea"
      }
    }
  },
  {
    "id": "strepsils-lozenges-plus-anaesthetic",
    "brand": "Strepsils",
    "name": "Plus Anaesthetic Sore Throat Numbing Pain Relief 16 Lozenges",
    "imageUrl": "https://shop.coles.com.au/wcsstore/Coles-CAS/images/1/2/1/1216333-th.jpg",
    "categories": ["winter"],
    "tags": ["cold-and-flu", "cold-flu-pain-relief"],
    "locations": {
      "vic": {
        "price": 7,
        "promoText": " ",
        "packageSize": "1 pack",
        "packagePrice": "$7.00 per 1Ea"
      }
    }
  },
  {
    "id": "strepsils-extra-lozenges",
    "brand": "Strepsils",
    "name": "Extra Lozenges",
    "imageUrl": "https://shop.coles.com.au/wcsstore/Coles-CAS/images/3/1/5/3157789-th.jpg",
    "categories": ["winter"],
    "tags": ["cold-and-flu", "cold-flu-pain-relief"],
    "locations": {
      "vic": {
        "price": 7,
        "promoText": " ",
        "packageSize": "16 pack",
        "packagePrice": "$0.44 per 1Ea"
      }
    }
  },
  {
    "id": "codral-honey-lemon-lozenges",
    "brand": "Codral",
    "name": "Honey & Lemon Lozenges",
    "imageUrl": "https://shop.coles.com.au/wcsstore/Coles-CAS/images/2/6/9/2698091-th.jpg",
    "categories": ["winter"],
    "tags": ["cold-and-flu", "cold-flu-pain-relief"],
    "locations": {
      "vic": {
        "price": 6,
        "promoText": " ",
        "packageSize": "16 pack",
        "packagePrice": "$0.38 per 1Ea"
      }
    }
  },
  {
    "id": "codral-throat-lozenges-honey-lemon",
    "brand": "Codral",
    "name": "Throat Lozenges Honey & Lemon",
    "imageUrl": "https://shop.coles.com.au/wcsstore/Coles-CAS/images/2/8/6/2862151-th.jpg",
    "categories": ["winter"],
    "tags": ["cold-and-flu", "cold-flu-pain-relief"],
    "locations": {
      "vic": {
        "price": 9.5,
        "promoText": " ",
        "packageSize": "36 pack",
        "packagePrice": "$0.26 per 1Ea"
      }
    }
  },
  {
    "id": "codral-relief-lozenges",
    "brand": "Codral",
    "name": "Combo Pack",
    "imageUrl": "https://shop.coles.com.au/wcsstore/Coles-CAS/images/3/4/2/3425120-th.jpg",
    "categories": ["winter"],
    "tags": ["cold-and-flu", "cold-flu-pain-relief"],
    "locations": {
      "vic": {
        "price": 12.8,
        "promoText": "$3.20 ",
        "packageSize": "36 pack",
        "packagePrice": "$0.36 per 1Ea"
      }
    }
  },
  {
    "id": "codral-lozenges-lime-lemon-16-pack",
    "brand": "Codral",
    "name": "Lozenges Lime & Lemon",
    "imageUrl": "https://shop.coles.com.au/wcsstore/Coles-CAS/images/3/7/3/3733675-th.jpg",
    "categories": ["winter"],
    "tags": ["cold-and-flu", "cold-flu-pain-relief"],
    "locations": {
      "vic": {
        "price": 7.49,
        "promoText": " ",
        "packageSize": "16 pack",
        "packagePrice": "$0.47 per 1Ea"
      }
    }
  },
  {
    "id": "difflam-lozenges-honey-lemon",
    "brand": "Difflam",
    "name": "Lozenges Honey & Lemon",
    "imageUrl": "https://shop.coles.com.au/wcsstore/ColesResponsiveStorefrontAssetStore/dist/ccfc54aed6e361b650bcf0582f7b576b/img/img_product-placeholder.png",
    "categories": ["winter"],
    "tags": ["cold-and-flu", "cold-flu-pain-relief"],
    "locations": {
      "vic": {
        "price": 6.5,
        "promoText": " ",
        "packageSize": "16 pack",
        "packagePrice": "$0.41 per 1Ea"
      }
    }
  },
  {
    "id": "difflam-lozenges-orange",
    "brand": "Difflam",
    "name": "Lozenges Orange",
    "imageUrl": "https://shop.coles.com.au/wcsstore/ColesResponsiveStorefrontAssetStore/dist/ccfc54aed6e361b650bcf0582f7b576b/img/img_product-placeholder.png",
    "categories": ["winter"],
    "tags": ["cold-and-flu", "cold-flu-pain-relief"],
    "locations": {
      "vic": {
        "price": 6.5,
        "promoText": " ",
        "packageSize": "16 pack",
        "packagePrice": "$0.41 per 1Ea"
      }
    }
  },
  {
    "id": "difflam-plus-berry-lozenegs",
    "brand": "Difflam Plus",
    "name": "Berry Flavour Anaesthetic Sore Throat Lozeneges",
    "imageUrl": "https://shop.coles.com.au/wcsstore/Coles-CAS/images/3/1/7/3176411-th.jpg",
    "categories": ["winter"],
    "tags": ["cold-and-flu", "cold-flu-pain-relief"],
    "locations": {
      "vic": {
        "price": 10,
        "promoText": " ",
        "packageSize": "16 pack",
        "packagePrice": "$0.63 per 1Ea"
      }
    }
  },
  {
    "id": "difflam-plus-anaesthetic-honey-lemon-lozenges",
    "brand": "Difflam Plus",
    "name": "Anaesthetic Lozenges Honey & Lemon Flavour",
    "imageUrl": "https://shop.coles.com.au/wcsstore/Coles-CAS/images/3/1/6/3160659-th.jpg",
    "categories": ["winter"],
    "tags": ["cold-and-flu", "cold-flu-pain-relief"],
    "locations": {
      "vic": {
        "price": 10,
        "promoText": " ",
        "packageSize": "16 pack",
        "packagePrice": "$0.63 per 1Ea"
      }
    }
  },
  {
    "id": "difflam-plus-anaesthetic-blackcurrant-lozenges",
    "brand": "Difflam Plus",
    "name": "Sore Throat Lozenge Plus Anaesthetic Blackcurrant Flavour",
    "imageUrl": "https://shop.coles.com.au/wcsstore/Coles-CAS/images/3/1/6/3160648-th.jpg",
    "categories": ["winter"],
    "tags": ["cold-and-flu", "cold-flu-pain-relief"],
    "locations": {
      "vic": {
        "price": 10,
        "promoText": " ",
        "packageSize": "16 pack",
        "packagePrice": "$0.63 per 1Ea"
      }
    }
  },
  {
    "id": "ease-a-cold-cold-congestion-day-night-capsules",
    "brand": "Ease A Cold",
    "name": "Cold & Congestion Day & Night Capsules",
    "imageUrl": "https://shop.coles.com.au/wcsstore/Coles-CAS/images/6/9/3/6933761-th.jpg",
    "categories": ["winter"],
    "tags": ["cold-and-flu", "cold-flu-pain-relief"],
    "locations": {
      "vic": {
        "price": 10.87,
        "promoText": "$3.63 ",
        "packageSize": "30 pack",
        "packagePrice": "$0.36 per 1Ea"
      }
    }
  },
  {
    "id": "ease-a-cold-kids-cold-flu-burstlets",
    "brand": "Ease A Cold",
    "name": "Kids Cold & Flu Soft Chewable Capsules",
    "imageUrl": "https://shop.coles.com.au/wcsstore/Coles-CAS/images/5/7/2/5725485-th.jpg",
    "categories": ["winter"],
    "tags": ["cold-and-flu", "cold-flu-pain-relief"],
    "locations": {
      "vic": {
        "price": 11.25,
        "promoText": "$3.75 ",
        "packageSize": "24 pack",
        "packagePrice": "$0.47 per 1Ea"
      }
    }
  },
  {
    "id": "manuka-honey-lozenges-lemon-ginger",
    "brand": "Manuka Health",
    "name": "Lemon & Ginger Flavoured Honey Lozenges",
    "imageUrl": "https://shop.coles.com.au/wcsstore/Coles-CAS/images/3/1/7/3175044-th.jpg",
    "categories": ["winter"],
    "tags": ["cold-and-flu", "cold-flu-pain-relief"],
    "locations": {
      "vic": {
        "price": 6,
        "promoText": "$2.00 ",
        "packageSize": "15 pack",
        "packagePrice": "$0.40 per 1Ea"
      }
    }
  },
  {
    "id": "strepsils-honey-lemon-throat-lozenges-double-antibacterial-action",
    "brand": "Strepsils",
    "name": "Double Antibacterial  Soothing Sore Throat  Lozenges Honey and Lemon",
    "imageUrl": "https://shop.coles.com.au/wcsstore/Coles-CAS/images/7/2/5/7251326-th.jpg",
    "categories": ["winter"],
    "tags": ["cold-and-flu", "cold-flu-pain-relief"],
    "locations": {
      "vic": {
        "price": 5.5,
        "promoText": " ",
        "packageSize": "16 pack",
        "packagePrice": "$0.34 per 1Ea"
      }
    }
  },
  {
    "id": "strepsils-lozenges-soothing-honey--lemon",
    "brand": "Strepsils",
    "name": "Double Antibacterial  Soothing Sore Throat Lozenges Honey and Lemon",
    "imageUrl": "https://shop.coles.com.au/wcsstore/Coles-CAS/images/6/4/2/6420213-th.jpg",
    "categories": ["winter"],
    "tags": ["cold-and-flu", "cold-flu-pain-relief"],
    "locations": {
      "vic": {
        "price": 10.5,
        "promoText": " ",
        "packageSize": "36 pack",
        "packagePrice": "$0.29 per 1Ea"
      }
    }
  },
  {
    "id": "strepsils-plus-anaesthetic-lozenges",
    "brand": "Strepsils",
    "name": "Plus Anaesthetic Sore Throat Numbing Pain Relief 36 Lozenges",
    "imageUrl": "https://shop.coles.com.au/wcsstore/Coles-CAS/images/1/2/1/1216821-th.jpg",
    "categories": ["winter"],
    "tags": ["cold-and-flu", "cold-flu-pain-relief"],
    "locations": {
      "vic": {
        "price": 15,
        "promoText": "Was $15.99 on Apr 2019 ",
        "packageSize": "36 pack",
        "packagePrice": "$15.00 per 1Ea"
      }
    }
  },
  {
    "id": "strepsils-sugar-free-lemon-lozenges",
    "brand": "Strepsils",
    "name": "Sore Throat Sugar Free Antibacterial Lemon 36 Lozenges",
    "imageUrl": "https://shop.coles.com.au/wcsstore/Coles-CAS/images/2/3/7/2372196-th.jpg",
    "categories": ["winter"],
    "tags": ["cold-and-flu", "cold-flu-pain-relief"],
    "locations": {
      "vic": {
        "price": 10.5,
        "promoText": " ",
        "packageSize": "1 pack",
        "packagePrice": "$10.50 per 1Ea"
      }
    }
  },
  {
    "id": "strepsils-lozenges-honey-lemon",
    "brand": "Strepsils",
    "name": "Lozenges Honey & Lemon",
    "imageUrl": "https://shop.coles.com.au/wcsstore/Coles-CAS/images/3/1/5/3157869-th.jpg",
    "categories": ["winter"],
    "tags": ["cold-and-flu", "cold-flu-pain-relief"],
    "locations": {
      "vic": {
        "price": 11,
        "promoText": "$1.60 ",
        "packageSize": "48 pack",
        "packagePrice": "$0.23 per 1Ea"
      }
    }
  },
  {
    "id": "strepsils-children-7-strawberry-sf-lozenges",
    "brand": "Strepsils",
    "name": "Sore Throat Lozenges Children 6+  Antibacterial Strawberry Sugar Free",
    "imageUrl": "https://shop.coles.com.au/wcsstore/Coles-CAS/images/3/1/5/3157790-th.jpg",
    "categories": ["winter"],
    "tags": ["cold-and-flu", "cold-flu-pain-relief"],
    "locations": {
      "vic": {
        "price": 10.5,
        "promoText": " ",
        "packageSize": "36 pack",
        "packagePrice": "$0.29 per 1Ea"
      }
    }
  },
  {
    "id": "strepsils-extra-lozenges-honey-lemon-3417970p",
    "brand": "Strepsils",
    "name": "Extra Honey and Lemon Fast Numbing Sore Throat Pain Relief with Anaesthetic 36 Lozenges",
    "imageUrl": "https://shop.coles.com.au/wcsstore/Coles-CAS/images/3/4/1/3417970-th.jpg",
    "categories": ["winter"],
    "tags": ["cold-and-flu", "cold-flu-pain-relief"],
    "locations": {
      "vic": {
        "price": 15,
        "promoText": "Was $16.00 on Apr 2019 ",
        "packageSize": "1 pack",
        "packagePrice": "$15.00 per 1Ea"
      }
    }
  },
  {
    "id": "strepsils-menthol-36-pack",
    "brand": "Strepsils",
    "name": "Menthol 36 Pack",
    "imageUrl": "https://shop.coles.com.au/wcsstore/Coles-CAS/images/3/7/3/3734204-th.jpg",
    "categories": ["winter"],
    "tags": ["cold-and-flu", "cold-flu-pain-relief"],
    "locations": {
      "vic": {
        "price": 8.5,
        "promoText": "$1.99 ",
        "packageSize": "36 pack",
        "packagePrice": "$0.24 per 1Ea"
      }
    }
  },
  {
    "id": "strepsils-menthol-16-pack",
    "brand": "Strepsils",
    "name": "Menthol 16 Pack",
    "imageUrl": "https://shop.coles.com.au/wcsstore/Coles-CAS/images/3/7/3/3734190-th.jpg",
    "categories": ["winter"],
    "tags": ["cold-and-flu", "cold-flu-pain-relief"],
    "locations": {
      "vic": {
        "price": 5.5,
        "promoText": "Was $6.30 on May 2020 ",
        "packageSize": "16 pack",
        "packagePrice": "$0.34 per 1Ea"
      }
    }
  },
  {
    "id": "vicks-vapodrops-lozenges-butter-menthol",
    "brand": "Vicks",
    "name": "VapoDrops Butter Menthol Lozenges",
    "imageUrl": "https://shop.coles.com.au/wcsstore/Coles-CAS/images/8/1/5/8155893-th.jpg",
    "categories": ["winter"],
    "tags": ["cold-and-flu", "cold-flu-pain-relief"],
    "locations": {
      "vic": {
        "price": 4.3,
        "promoText": " ",
        "packageSize": "24 pack",
        "packagePrice": "$0.18 per 1Ea"
      }
    }
  },
  {
    "id": "vicks-vapo-naturals-honey-drops",
    "brand": "Vicks",
    "name": "VapoNaturals Honey Throat Drops",
    "imageUrl": "https://shop.coles.com.au/wcsstore/Coles-CAS/images/1/2/1/1218248-th.jpg",
    "categories": ["winter"],
    "tags": ["cold-and-flu", "cold-flu-pain-relief"],
    "locations": {
      "vic": {
        "price": 4,
        "promoText": " ",
        "packageSize": "20 pack",
        "packagePrice": "$0.20 per 1Ea"
      }
    }
  },
  {
    "id": "vicks-herbal-honey-lemon-lozenges",
    "brand": "Vicks",
    "name": "VapoDrops Honey Lemon & Menthol",
    "imageUrl": "https://shop.coles.com.au/wcsstore/Coles-CAS/images/2/8/6/2862130-th.jpg",
    "categories": ["winter"],
    "tags": ["cold-and-flu", "cold-flu-pain-relief"],
    "locations": {
      "vic": {
        "price": 6,
        "promoText": " ",
        "packageSize": "16 pack",
        "packagePrice": "$0.38 per 1Ea"
      }
    }
  },
  {
    "id": "vicks-vapodrops-cough-berry-16pk",
    "brand": "Vicks",
    "name": "VapoDrops Cough Berry Menthol Lozenges",
    "imageUrl": "https://shop.coles.com.au/wcsstore/Coles-CAS/images/3/1/6/3160397-th.jpg",
    "categories": ["winter"],
    "tags": ["cold-and-flu", "cold-flu-pain-relief"],
    "locations": {
      "vic": {
        "price": 6,
        "promoText": " ",
        "packageSize": "16 pack",
        "packagePrice": "$0.38 per 1Ea"
      }
    }
  },
  {
    "id": "vicks-vapodrops-immune-support-orange",
    "brand": "Vicks",
    "name": "Vapodrops Immune Support Orange Menthol Lozenges",
    "imageUrl": "https://shop.coles.com.au/wcsstore/Coles-CAS/images/3/4/2/3427974-th.jpg",
    "categories": ["winter"],
    "tags": ["cold-and-flu", "cold-flu-pain-relief"],
    "locations": {
      "vic": {
        "price": 8,
        "promoText": " ",
        "packageSize": "16 pack",
        "packagePrice": "$0.50 per 1Ea"
      }
    }
  },
  {
    "id": "vicks-vapodrop-butter-menthol-42s",
    "brand": "Vicks",
    "name": "Vapodrop Butter Menthol",
    "imageUrl": "https://shop.coles.com.au/wcsstore/Coles-CAS/images/3/7/3/3734066-th.jpg",
    "categories": ["winter"],
    "tags": ["cold-and-flu", "cold-flu-pain-relief"],
    "locations": {
      "vic": {
        "price": 6.8,
        "promoText": " ",
        "packageSize": "42 pack",
        "packagePrice": "$0.16 per 1Ea"
      }
    }
  },
  {
    "id": "vicks-vapodrops-anti-inflammatory-lemon-16pk",
    "brand": "Vicks",
    "name": "Vapodrops Anti Inflammatory Lemon",
    "imageUrl": "https://shop.coles.com.au/wcsstore/Coles-CAS/images/3/7/3/3733755-th.jpg",
    "categories": ["winter"],
    "tags": ["cold-and-flu", "cold-flu-pain-relief"],
    "locations": {
      "vic": {
        "price": 8,
        "promoText": " ",
        "packageSize": "16 pack",
        "packagePrice": "$0.50 per 1Ea"
      }
    }
  },
  {
    "id": "panadol-cold-flu-plus-decongestant",
    "brand": "Panadol",
    "name": "Paracetamol Cold + Flu Plus Decongestant Caplets",
    "imageUrl": "https://shop.coles.com.au/wcsstore/Coles-CAS/images/6/9/3/6935778-th.jpg",
    "categories": ["winter"],
    "tags": ["cold-and-flu", "tablets-capsules"],
    "locations": {
      "vic": {
        "price": 13,
        "promoText": " ",
        "packageSize": "20 pack",
        "packagePrice": "$0.65 per 1Ea"
      }
    }
  },
  {
    "id": "codral-relief-tablets-cold-flu--decogestant",
    "brand": "Codral",
    "name": "Relief Cold & Flu Decongestant Tablets",
    "imageUrl": "https://shop.coles.com.au/wcsstore/Coles-CAS/images/9/0/1/9013737-th.jpg",
    "categories": ["winter"],
    "tags": ["cold-and-flu", "tablets-capsules"],
    "locations": {
      "vic": {
        "price": 11.44,
        "promoText": "$2.86 ",
        "packageSize": "20 pack",
        "packagePrice": "$0.57 per 1Ea"
      }
    }
  },
  {
    "id": "sudafed-pe-tablets-sinus--anti-infammatory-pain",
    "brand": "Sudafed",
    "name": "PE Sinus + Anti-infammatory & Pain Tablets",
    "imageUrl": "https://shop.coles.com.au/wcsstore/Coles-CAS/images/1/2/1/1216231-th.jpg",
    "categories": ["winter"],
    "tags": ["cold-and-flu", "tablets-capsules"],
    "locations": {
      "vic": {
        "price": 15.4,
        "promoText": " ",
        "packageSize": "20 pack",
        "packagePrice": "$0.77 per 1Ea"
      }
    }
  },
  {
    "id": "sambucol-cold-flu-lozenges",
    "brand": "Sambucol",
    "name": "Lozenges",
    "imageUrl": "https://shop.coles.com.au/wcsstore/Coles-CAS/images/2/8/6/2864532-th.jpg",
    "categories": ["winter"],
    "tags": ["cold-and-flu", "tablets-capsules"],
    "locations": {
      "vic": {
        "price": 7.5,
        "promoText": "$2.50 ",
        "packageSize": "20 pack",
        "packagePrice": "$0.38 per 1Ea"
      }
    }
  },
  {
    "id": "coles--cold-flu-day-night-capsules",
    "brand": "Coles",
    "name": "Cold & Flu Day & Night Capsules",
    "imageUrl": "https://shop.coles.com.au/wcsstore/Coles-CAS/images/2/8/4/2843340-th.jpg",
    "categories": ["winter"],
    "tags": ["cold-and-flu", "tablets-capsules"],
    "locations": {
      "vic": {
        "price": 9.5,
        "promoText": " ",
        "packageSize": "24 pack",
        "packagePrice": "$0.40 per 1Ea"
      }
    }
  },
  {
    "id": "nyal-tablets-cough--cold-flu",
    "brand": "Nyal",
    "name": "Cough Cold & Flu Tablets",
    "imageUrl": "https://shop.coles.com.au/wcsstore/Coles-CAS/images/2/8/6/2864714-th.jpg",
    "categories": ["winter"],
    "tags": ["cold-and-flu", "tablets-capsules"],
    "locations": {
      "vic": {
        "price": 11.2,
        "promoText": "$2.80 ",
        "packageSize": "24 pack",
        "packagePrice": "$0.47 per 1Ea"
      }
    }
  },
  {
    "id": "bisolvon-marshmallow-syrup-100ml",
    "brand": "Bisolvon",
    "name": "Duo Syrup",
    "imageUrl": "https://shop.coles.com.au/wcsstore/Coles-CAS/images/3/7/3/3734532-th.jpg",
    "categories": ["winter"],
    "tags": ["cold-and-flu", "tablets-capsules"],
    "locations": {
      "vic": {
        "price": 11.95,
        "promoText": "$3.04 ",
        "packageSize": "100mL",
        "packagePrice": "$11.95 per 100mL"
      }
    }
  },
  {
    "id": "bronchodual-cough-pastilles-20s",
    "brand": "Bronchodual",
    "name": "Cough Pastilles",
    "imageUrl": "https://shop.coles.com.au/wcsstore/Coles-CAS/images/3/7/3/3734521-th.jpg",
    "categories": ["winter"],
    "tags": ["cold-and-flu", "tablets-capsules"],
    "locations": {
      "vic": {
        "price": 12,
        "promoText": " ",
        "packageSize": "20 pack",
        "packagePrice": "$0.60 per 1Ea"
      }
    }
  },
  {
    "id": "codral-cold-flu-capsules-relief",
    "brand": "Codral",
    "name": "Relief Cold & Flu Capsules",
    "imageUrl": "https://shop.coles.com.au/wcsstore/Coles-CAS/images/1/2/1/1216209-th.jpg",
    "categories": ["winter"],
    "tags": ["cold-and-flu", "tablets-capsules"],
    "locations": {
      "vic": {
        "price": 15.4,
        "promoText": " ",
        "packageSize": "16 pack",
        "packagePrice": "$0.96 per 1Ea"
      }
    }
  },
  {
    "id": "coles-cold-flu-pain-relief--pe-decongestant-capsules",
    "brand": "Coles",
    "name": "Cold & Flu Pain Relief + Pe Decongesrant Capsules",
    "imageUrl": "https://shop.coles.com.au/wcsstore/Coles-CAS/images/2/8/4/2843339-th.jpg",
    "categories": ["winter"],
    "tags": ["cold-and-flu", "tablets-capsules"],
    "locations": {
      "vic": {
        "price": 10,
        "promoText": " ",
        "packageSize": "20 pack",
        "packagePrice": "$0.50 per 1Ea"
      }
    }
  },
  {
    "id": "coles-cough-cold-flu-day-night-capsules",
    "brand": "Coles",
    "name": "Cough Cold & Flu 18 Day & 6 Night Capsules",
    "imageUrl": "https://shop.coles.com.au/wcsstore/Coles-CAS/images/3/1/5/3151046-th.jpg",
    "categories": ["winter"],
    "tags": ["cold-and-flu", "tablets-capsules"],
    "locations": {
      "vic": {
        "price": 10,
        "promoText": " ",
        "packageSize": "1 pack",
        "packagePrice": "$10.00 per 1Ea"
      }
    }
  },
  {
    "id": "dimetapp-ultra-plus-cold-flu-tablets",
    "brand": "Dimetapp",
    "name": "Cold & Flu Tablets",
    "imageUrl": "https://shop.coles.com.au/wcsstore/Coles-CAS/images/2/8/6/2864543-th.jpg",
    "categories": ["winter"],
    "tags": ["cold-and-flu", "tablets-capsules"],
    "locations": {
      "vic": {
        "price": 14,
        "promoText": " ",
        "packageSize": "27 pack",
        "packagePrice": "$0.52 per 1Ea"
      }
    }
  },
  {
    "id": "dimetapp-multi-symptom-cold-flu-tablets",
    "brand": "Dimetapp",
    "name": "Cold & Flu Tablets",
    "imageUrl": "https://shop.coles.com.au/wcsstore/Coles-CAS/images/2/8/6/2864554-th.jpg",
    "categories": ["winter"],
    "tags": ["cold-and-flu", "tablets-capsules"],
    "locations": {
      "vic": {
        "price": 10,
        "promoText": "$3.00 ",
        "packageSize": "20 pack",
        "packagePrice": "$0.50 per 1Ea"
      }
    }
  },
  {
    "id": "ease-a-cold-immune-guard",
    "brand": "Ease A Cold",
    "name": "Immune Guard Hard Capsules",
    "imageUrl": "https://shop.coles.com.au/wcsstore/Coles-CAS/images/3/4/1/3412037-th.jpg",
    "categories": ["winter"],
    "tags": ["cold-and-flu", "tablets-capsules"],
    "locations": {
      "vic": {
        "price": 15,
        "promoText": "$5.00 ",
        "packageSize": "24 pack",
        "packagePrice": "$0.63 per 1Ea"
      }
    }
  },
  {
    "id": "mintec-20-pack",
    "brand": "Mintec",
    "name": "20 Pack",
    "imageUrl": "https://shop.coles.com.au/wcsstore/Coles-CAS/images/3/7/3/3734500-th.jpg",
    "categories": ["winter"],
    "tags": ["cold-and-flu", "tablets-capsules"],
    "locations": {
      "vic": {
        "price": 7.95,
        "promoText": "$2.00 ",
        "packageSize": "20 pack",
        "packagePrice": "$0.40 per 1Ea"
      }
    }
  },
  {
    "id": "nurofen-cold-flu-pe-tablets",
    "brand": "Nurofen",
    "name": "Cold and Flu Multi-Symptom Relief Tablets 200mg Ibuprofen",
    "imageUrl": "https://shop.coles.com.au/wcsstore/Coles-CAS/images/1/2/1/1216297-th.jpg",
    "categories": ["winter"],
    "tags": ["cold-and-flu", "tablets-capsules"],
    "locations": {
      "vic": {
        "price": 15.3,
        "promoText": " ",
        "packageSize": "24 pack",
        "packagePrice": "$0.64 per 1Ea"
      }
    }
  },
  {
    "id": "nurofen-cold-flu-pe-tablets-1216741p",
    "brand": "Nurofen",
    "name": "Cold and Flu Multi-Symptom Relief Tablets 200mg Ibuprofen",
    "imageUrl": "https://shop.coles.com.au/wcsstore/Coles-CAS/images/1/2/1/1216741-th.jpg",
    "categories": ["winter"],
    "tags": ["cold-and-flu", "tablets-capsules"],
    "locations": {
      "vic": {
        "price": 8,
        "promoText": "$1.00 ",
        "packageSize": "12 pack",
        "packagePrice": "$0.67 per 1Ea"
      }
    }
  },
  {
    "id": "sambucol-capsules-cold-flu",
    "brand": "Sambucol",
    "name": "Cold & Flu Capsules",
    "imageUrl": "https://shop.coles.com.au/wcsstore/Coles-CAS/images/7/4/8/7484583-th.jpg",
    "categories": ["winter"],
    "tags": ["cold-and-flu", "tablets-capsules"],
    "locations": {
      "vic": {
        "price": 14.25,
        "promoText": "$4.75 ",
        "packageSize": "24 pack",
        "packagePrice": "$0.59 per 1Ea"
      }
    }
  },
  {
    "id": "sambucol-cold-flu--pain-relief",
    "brand": "Sambucol",
    "name": "Cold & Flu+ Pain Relief",
    "imageUrl": "https://shop.coles.com.au/wcsstore/Coles-CAS/images/3/1/6/3160692-th.jpg",
    "categories": ["winter"],
    "tags": ["cold-and-flu", "tablets-capsules"],
    "locations": {
      "vic": {
        "price": 15,
        "promoText": "$5.00 ",
        "packageSize": "24 pack",
        "packagePrice": "$0.63 per 1Ea"
      }
    }
  },
  {
    "id": "sudafed-pe-tablets-nasal-decongestant",
    "brand": "Sudafed",
    "name": "PE Nasal Decongestant Tablets",
    "imageUrl": "https://shop.coles.com.au/wcsstore/Coles-CAS/images/9/0/1/9013760-th.jpg",
    "categories": ["winter"],
    "tags": ["cold-and-flu", "tablets-capsules"],
    "locations": {
      "vic": {
        "price": 11.2,
        "promoText": "$2.80 ",
        "packageSize": "20 pack",
        "packagePrice": "$0.56 per 1Ea"
      }
    }
  },
  {
    "id": "sudafed-pe-tablets-sinus--pain-relief",
    "brand": "Sudafed",
    "name": "PE Sinus + Pain Relief Tablets",
    "imageUrl": "https://shop.coles.com.au/wcsstore/Coles-CAS/images/9/0/1/9013781-th.jpg",
    "categories": ["winter"],
    "tags": ["cold-and-flu", "tablets-capsules"],
    "locations": {
      "vic": {
        "price": 11.44,
        "promoText": "$2.86 ",
        "packageSize": "20 pack",
        "packagePrice": "$0.57 per 1Ea"
      }
    }
  },
  {
    "id": "nyal-decongested-nasal-spray-pump",
    "brand": "Nyal",
    "name": "Decongested Nasal Spray Pump",
    "imageUrl": "https://shop.coles.com.au/wcsstore/Coles-CAS/images/5/1/5/5158319-th.jpg",
    "categories": ["winter"],
    "tags": ["cold-and-flu", "nasal-spray-rubs"],
    "locations": {
      "vic": {
        "price": 7.2,
        "promoText": "$1.80 ",
        "packageSize": "15mL",
        "packagePrice": "$48.00 per 100mL"
      }
    }
  },
  {
    "id": "vicks-vaporub-vapour-gel",
    "brand": "Vicks",
    "name": "VapoRub Ointment Decongestant Chest Rub",
    "imageUrl": "https://shop.coles.com.au/wcsstore/Coles-CAS/images/1/3/6/136079-th.jpg",
    "categories": ["winter"],
    "tags": ["cold-and-flu", "nasal-spray-rubs"],
    "locations": {
      "vic": {
        "price": 12.25,
        "promoText": " ",
        "packageSize": "100g",
        "packagePrice": "$12.25 per 100G"
      }
    }
  },
  {
    "id": "bosisto-s-nasal-spray-eucalyptus-50ml",
    "brand": "Bosisto's",
    "name": "Nasal Spray Eucalyptus",
    "imageUrl": "https://shop.coles.com.au/wcsstore/Coles-CAS/images/3/7/3/3734372-th.jpg",
    "categories": ["winter"],
    "tags": ["cold-and-flu", "nasal-spray-rubs"],
    "locations": {
      "vic": {
        "price": 8,
        "promoText": " ",
        "packageSize": "50mL",
        "packagePrice": "$16.00 per 100mL"
      }
    }
  },
  {
    "id": "breath-right-nasal-strips-regular-clear",
    "brand": "Breathe Right",
    "name": "Clear Regular Nasal Congestion Strips",
    "imageUrl": "https://shop.coles.com.au/wcsstore/Coles-CAS/images/7/2/3/7232730-th.jpg",
    "categories": ["winter"],
    "tags": ["cold-and-flu", "nasal-spray-rubs"],
    "locations": {
      "vic": {
        "price": 13.5,
        "promoText": " ",
        "packageSize": "10 pack",
        "packagePrice": "$1.35 per 1Ea"
      }
    }
  },
  {
    "id": "coles-smart-buy-chest-rub",
    "brand": "Coles",
    "name": "Chest Rub Ointment",
    "imageUrl": "https://shop.coles.com.au/wcsstore/Coles-CAS/images/5/1/8/51861-th.jpg",
    "categories": ["winter"],
    "tags": ["cold-and-flu", "nasal-spray-rubs"],
    "locations": {
      "vic": {
        "price": 2.3,
        "promoText": " ",
        "packageSize": "100g",
        "packagePrice": "$2.30 per 100G"
      }
    }
  },
  {
    "id": "coles-nasal-saline-solution",
    "brand": "Coles",
    "name": "Saline Nasal Spray",
    "imageUrl": "https://shop.coles.com.au/wcsstore/Coles-CAS/images/2/8/4/2845877-th.jpg",
    "categories": ["winter"],
    "tags": ["cold-and-flu", "nasal-spray-rubs"],
    "locations": {
      "vic": {
        "price": 7,
        "promoText": " ",
        "packageSize": "30mL",
        "packagePrice": "$23.33 per 100mL"
      }
    }
  },
  {
    "id": "coles-menthol-inhaler",
    "brand": "Coles",
    "name": "Menthol Inhaler 0.5mL",
    "imageUrl": "https://shop.coles.com.au/wcsstore/Coles-CAS/images/2/8/4/2845888-th.jpg",
    "categories": ["winter"],
    "tags": ["cold-and-flu", "nasal-spray-rubs"],
    "locations": {
      "vic": {
        "price": 5,
        "promoText": " ",
        "packageSize": "",
        "packagePrice": "$5.00 per 1Ea"
      }
    }
  },
  {
    "id": "oil-garden-breathe-easier-chest-rub-stick-12g",
    "brand": "Oil Garden",
    "name": "Breathe Easier Chest Rub Stick",
    "imageUrl": "https://shop.coles.com.au/wcsstore/Coles-CAS/images/3/7/3/3733642-th.jpg",
    "categories": ["winter"],
    "tags": ["cold-and-flu", "nasal-spray-rubs"],
    "locations": {
      "vic": {
        "price": 12,
        "promoText": " ",
        "packageSize": "12g",
        "packagePrice": "$100.00 per 100G"
      }
    }
  },
  {
    "id": "otrivin-seawater-euc-0-9-nms-20ml-x6",
    "brand": "Otrivin",
    "name": "Seawater",
    "imageUrl": "https://shop.coles.com.au/wcsstore/Coles-CAS/images/3/7/3/3733631-th.jpg",
    "categories": ["winter"],
    "tags": ["cold-and-flu", "nasal-spray-rubs"],
    "locations": {
      "vic": {
        "price": 8,
        "promoText": " ",
        "packageSize": "20mL",
        "packagePrice": "$40.00 per 100mL"
      }
    }
  },
  {
    "id": "thursday-plantation-antiseptic-spray-with-aloe-vera",
    "brand": "Thursday Plantation",
    "name": "Antiseptic Spray with Aloe Vera",
    "imageUrl": "https://shop.coles.com.au/wcsstore/Coles-CAS/images/1/8/3/1835313-th.jpg",
    "categories": ["winter"],
    "tags": ["cold-and-flu", "nasal-spray-rubs"],
    "locations": {
      "vic": {
        "price": 9.2,
        "promoText": " ",
        "packageSize": "100mL",
        "packagePrice": "$9.20 per 100mL"
      }
    }
  },
  {
    "id": "vicks-inhaler-pocket-pack",
    "brand": "Vicks",
    "name": "Nasal Spray Decongestant Inhaler",
    "imageUrl": "https://shop.coles.com.au/wcsstore/Coles-CAS/images/1/6/6/166116-th.jpg",
    "categories": ["winter"],
    "tags": ["cold-and-flu", "nasal-spray-rubs"],
    "locations": {
      "vic": {
        "price": 7.9,
        "promoText": " ",
        "packageSize": "0.5mL",
        "packagePrice": "$7.90 per 1Ea"
      }
    }
  },
  {
    "id": "vicks-vapo-rub-vaporising-ointment",
    "brand": "Vicks",
    "name": "VapoRub Ointment Decongestant Chest Rub",
    "imageUrl": "https://shop.coles.com.au/wcsstore/Coles-CAS/images/1/0/1/101915-th.jpg",
    "categories": ["winter"],
    "tags": ["cold-and-flu", "nasal-spray-rubs"],
    "locations": {
      "vic": {
        "price": 8,
        "promoText": " ",
        "packageSize": "50g",
        "packagePrice": "$16.00 per 100G"
      }
    }
  },
  {
    "id": "vicks-inhaler-twin-pack-3628433p",
    "brand": "Vicks",
    "name": "Inhaler Twin Pack",
    "imageUrl": "https://shop.coles.com.au/wcsstore/Coles-CAS/images/3/6/2/3628433-th.jpg",
    "categories": ["winter"],
    "tags": ["cold-and-flu", "nasal-spray-rubs"],
    "locations": {
      "vic": {
        "price": 13,
        "promoText": " ",
        "packageSize": "1mL",
        "packagePrice": "$13.00 per 1mL"
      }
    }
  },
  {
    "id": "betadine-ready-to-use-gargle-sore-throat",
    "brand": "Betadine",
    "name": "Ready To Use Sore Throat Gargle",
    "imageUrl": "https://shop.coles.com.au/wcsstore/Coles-CAS/images/7/8/1/7813266-th.jpg",
    "categories": ["winter"],
    "tags": ["cold-and-flu", "throat-gargle-drinks"],
    "locations": {
      "vic": {
        "price": 11.95,
        "promoText": "$1.35 ",
        "packageSize": "120mL",
        "packagePrice": "$9.96 per 100mL"
      }
    }
  },
  {
    "id": "betadine-concentrated-gargle-sore-throat",
    "brand": "Betadine",
    "name": "Concentrated Sore Throat Gargle",
    "imageUrl": "https://shop.coles.com.au/wcsstore/Coles-CAS/images/7/8/1/7813197-th.jpg",
    "categories": ["winter"],
    "tags": ["cold-and-flu", "throat-gargle-drinks"],
    "locations": {
      "vic": {
        "price": 12,
        "promoText": " ",
        "packageSize": "15mL",
        "packagePrice": "$80.01 per 100mL"
      }
    }
  },
  {
    "id": "lemsip-hot-drink-cold-flu-max",
    "brand": "Lemsip",
    "name": "Max Cold and Flu Multi Relief Hot Drink Lemon",
    "imageUrl": "https://shop.coles.com.au/wcsstore/Coles-CAS/images/8/9/1/8918204-th.jpg",
    "categories": ["winter"],
    "tags": ["cold-and-flu", "throat-gargle-drinks"],
    "locations": {
      "vic": {
        "price": 12,
        "promoText": " ",
        "packageSize": "10 pack",
        "packagePrice": "$1.20 per 1Ea"
      }
    }
  },
  {
    "id": "lemsip-max-drink-sachet-decon-lemon",
    "brand": "Lemsip",
    "name": "Max Cold and Flu with Decongestant Hot Drink Lemon",
    "imageUrl": "https://shop.coles.com.au/wcsstore/Coles-CAS/images/6/4/1/6419815-th.jpg",
    "categories": ["winter"],
    "tags": ["cold-and-flu", "throat-gargle-drinks"],
    "locations": {
      "vic": {
        "price": 13,
        "promoText": " ",
        "packageSize": "10 pack",
        "packagePrice": "$1.30 per 1Ea"
      }
    }
  },
  {
    "id": "lemsip-honey-ginger",
    "brand": "Lemsip",
    "name": "Honey and Ginger",
    "imageUrl": "https://shop.coles.com.au/wcsstore/Coles-CAS/images/2/8/6/2862210-th.jpg",
    "categories": ["winter"],
    "tags": ["cold-and-flu", "throat-gargle-drinks"],
    "locations": {
      "vic": {
        "price": 13,
        "promoText": " ",
        "packageSize": "10 pack",
        "packagePrice": "$1.30 per 1Ea"
      }
    }
  },
  {
    "id": "lemsips-all-in-one-capsules-16-pack",
    "brand": "Lemsip",
    "name": "All In One Capsules",
    "imageUrl": "https://shop.coles.com.au/wcsstore/Coles-CAS/images/3/7/3/3734248-th.jpg",
    "categories": ["winter"],
    "tags": ["cold-and-flu", "throat-gargle-drinks"],
    "locations": {
      "vic": {
        "price": 12,
        "promoText": "$3.00 ",
        "packageSize": "16 pack",
        "packagePrice": "$0.75 per 1Ea"
      }
    }
  },
  {
    "id": "lemsip-all-in-one-hot-drinks-10-pack",
    "brand": "Lemsip",
    "name": "All In One Hot Drinks",
    "imageUrl": "https://shop.coles.com.au/wcsstore/Coles-CAS/images/3/7/3/3734237-th.jpg",
    "categories": ["winter"],
    "tags": ["cold-and-flu", "throat-gargle-drinks"],
    "locations": {
      "vic": {
        "price": 12,
        "promoText": "$2.99 ",
        "packageSize": "10 pack",
        "packagePrice": "$1.20 per 1Ea"
      }
    }
  },
  {
    "id": "masterfoods-recipe-base-beef-red-wine",
    "brand": "MasterFoods",
    "name": "Slow Cooker Beef & Red Wine Casserole Recipe Base",
    "imageUrl": "https://shop.coles.com.au/wcsstore/Coles-CAS/images/6/8/5/6856092-th.jpg",
    "categories": ["winter"],
    "tags": ["winter-warmers", "slow-coked"],
    "locations": {
      "vic": {
        "price": 2.2,
        "promoText": "Any 3 $6",
        "packageSize": "175g",
        "packagePrice": "$1.26 per 100G"
      }
    }
  },
  {
    "id": "masterfoods-recipe-base-chicken-curry-mild",
    "brand": "MasterFoods",
    "name": "Slow Cooker Mild Chicken Curry Recipe Base",
    "imageUrl": "https://shop.coles.com.au/wcsstore/Coles-CAS/images/8/1/5/8152534-th.jpg",
    "categories": ["winter"],
    "tags": ["winter-warmers", "slow-coked"],
    "locations": {
      "vic": {
        "price": 2.2,
        "promoText": "Any 3 $6",
        "packageSize": "175g",
        "packagePrice": "$1.26 per 100G"
      }
    }
  },
  {
    "id": "pataks-paste-korma-curry-mild",
    "brand": "Patak's",
    "name": "Korma Curry Paste Mild",
    "imageUrl": "https://shop.coles.com.au/wcsstore/Coles-CAS/images/5/6/6/5666513-th.jpg",
    "categories": ["winter"],
    "tags": ["winter-warmers", "slow-coked"],
    "locations": {
      "vic": {
        "price": 5,
        "promoText": "$0.50 ",
        "packageSize": "290g",
        "packagePrice": "$1.72 per 100G"
      }
    }
  },
  {
    "id": "coles-lamb-shoulder-slow-cook",
    "brand": "Coles",
    "name": "Butcher Slow Cook Lamb Shoulder",
    "imageUrl": "https://shop.coles.com.au/wcsstore/Coles-CAS/images/9/1/5/9154794-th.jpg",
    "categories": ["winter", "entertaining-at-home", "meat-seafood-deli"],
    "tags": ["winter-warmers", "slow-coked"],
    "locations": {
      "vic": {
        "price": 19.2,
        "promoText": " ",
        "packageSize": "approx. 1.6kg",
        "packagePrice": "$12.00 per 1Kg"
      }
    }
  },
  {
    "id": "on-the-menu-lamb-shank",
    "brand": "On The Menu",
    "name": "Slow Cooked Lamb Plated Meals",
    "imageUrl": "https://shop.coles.com.au/wcsstore/Coles-CAS/images/2/9/4/2947822-th.jpg",
    "categories": ["winter"],
    "tags": ["winter-warmers", "slow-coked"],
    "locations": {
      "vic": {
        "price": 6,
        "promoText": "Was $6.50 on Oct 2018 ",
        "packageSize": "320g",
        "packagePrice": "$1.88 per 100G"
      }
    }
  },
  {
    "id": "pataks-paste-tikka-masala-curry",
    "brand": "Patak's",
    "name": "Tikka Masala Curry Paste Medium",
    "imageUrl": "https://shop.coles.com.au/wcsstore/Coles-CAS/images/7/3/0/7306177-th.jpg",
    "categories": ["winter"],
    "tags": ["winter-warmers", "slow-coked"],
    "locations": {
      "vic": {
        "price": 5,
        "promoText": "$0.50 ",
        "packageSize": "283g",
        "packagePrice": "$1.77 per 100G"
      }
    }
  },
  {
    "id": "herbert-adams-slow-cooked-beef-with-portobello-mushroom-merlot",
    "brand": "Herbert Adams",
    "name": "Frozen Slow Cooked Beef with Portobello Mushroom & Merlot Pies 2pack",
    "imageUrl": "https://shop.coles.com.au/wcsstore/Coles-CAS/images/3/1/7/3171564-th.jpg",
    "categories": ["winter", "entertaining-at-home"],
    "tags": ["winter-warmers", "slow-coked"],
    "locations": {
      "vic": {
        "price": 7.8,
        "promoText": " ",
        "packageSize": "400g",
        "packagePrice": "$1.95 per 100G"
      }
    }
  },
  {
    "id": "pataks-paste-rogan-josh-curry",
    "brand": "Patak's",
    "name": "Rogan Josh Curry Paste Medium",
    "imageUrl": "https://shop.coles.com.au/wcsstore/Coles-CAS/images/5/2/9/5292989-th.jpg",
    "categories": ["winter"],
    "tags": ["winter-warmers", "slow-coked"],
    "locations": {
      "vic": {
        "price": 5,
        "promoText": "$0.50 ",
        "packageSize": "283g",
        "packagePrice": "$1.77 per 100G"
      }
    }
  },
  {
    "id": "pataks-paste-curry-butter-chicken",
    "brand": "Patak's",
    "name": "Butter Chicken Curry Paste",
    "imageUrl": "https://shop.coles.com.au/wcsstore/Coles-CAS/images/9/3/1/9311087-th.jpg",
    "categories": ["winter"],
    "tags": ["winter-warmers", "slow-coked"],
    "locations": {
      "vic": {
        "price": 5,
        "promoText": "$0.50 ",
        "packageSize": "312g",
        "packagePrice": "$1.60 per 100G"
      }
    }
  },
  {
    "id": "pataks-paste-vindaloo-curry",
    "brand": "Patak's",
    "name": "Vindaloo Curry Paste Hot",
    "imageUrl": "https://shop.coles.com.au/wcsstore/Coles-CAS/images/5/0/2/5029917-th.jpg",
    "categories": ["winter"],
    "tags": ["winter-warmers", "slow-coked"],
    "locations": {
      "vic": {
        "price": 5,
        "promoText": "$0.50 ",
        "packageSize": "283g",
        "packagePrice": "$1.77 per 100G"
      }
    }
  },
  {
    "id": "super-nature-wellness-slow-cooked-lamb",
    "brand": "Super Nature",
    "name": "Frozen Super Protein Slow Cooked Lamb With Chickpea, Amaranth And Sweet Potato Mash Wellness Bowl",
    "imageUrl": "https://shop.coles.com.au/wcsstore/Coles-CAS/images/3/2/4/3240237-th.jpg",
    "categories": ["winter"],
    "tags": ["winter-warmers", "slow-coked"],
    "locations": {
      "vic": {
        "price": 5,
        "promoText": "$1.30 ",
        "packageSize": "350g",
        "packagePrice": "$1.43 per 100G"
      }
    }
  },
  {
    "id": "luv-a-duck-slow-cooked-oriental-style-duck-legs",
    "brand": "Luv A Duck",
    "name": "Frozen Slow Cooked Peking Duck Legs",
    "imageUrl": "https://shop.coles.com.au/wcsstore/Coles-CAS/images/2/2/5/2256821-th.jpg",
    "categories": ["winter"],
    "tags": ["winter-warmers", "slow-coked"],
    "locations": {
      "vic": {
        "price": 12.5,
        "promoText": " ",
        "packageSize": "400g",
        "packagePrice": "$3.13 per 100G"
      }
    }
  },
  {
    "id": "masterfoods-recipe-base-garlic-herb-lamb-shank",
    "brand": "MasterFoods",
    "name": "Slow Cooker Garlic & Herb Lamb Shanks Recipe Base",
    "imageUrl": "https://shop.coles.com.au/wcsstore/Coles-CAS/images/7/4/6/7468500-th.jpg",
    "categories": ["winter"],
    "tags": ["winter-warmers", "slow-coked"],
    "locations": {
      "vic": {
        "price": 2.2,
        "promoText": "Any 3 $6",
        "packageSize": "175g",
        "packagePrice": "$1.26 per 100G"
      }
    }
  },
  {
    "id": "masterfoods-mild-chicken-curry-simmer-sauce",
    "brand": "MasterFoods",
    "name": "Mild Chicken Curry Slow Cook Simmer Sauce",
    "imageUrl": "https://shop.coles.com.au/wcsstore/Coles-CAS/images/1/7/2/1727490-th.jpg",
    "categories": ["winter"],
    "tags": ["winter-warmers", "slow-coked"],
    "locations": {
      "vic": {
        "price": 3.7,
        "promoText": " ",
        "packageSize": "490g",
        "packagePrice": "$0.76 per 100G"
      }
    }
  },
  {
    "id": "masterfoods-recipe-base-lamb-casserole",
    "brand": "MasterFoods",
    "name": "Slow Cooker Lamb Casserole Recipe Base",
    "imageUrl": "https://shop.coles.com.au/wcsstore/Coles-CAS/images/6/8/5/6856070-th.jpg",
    "categories": ["winter"],
    "tags": ["winter-warmers", "slow-coked"],
    "locations": {
      "vic": {
        "price": 2.2,
        "promoText": "Any 3 $6",
        "packageSize": "175g",
        "packagePrice": "$1.26 per 100G"
      }
    }
  },
  {
    "id": "masterfoods-recipe-base-farmhouse-chicken",
    "brand": "MasterFoods",
    "name": "Slow Cooker Farmhouse Chicken Casserole Recipe Base",
    "imageUrl": "https://shop.coles.com.au/wcsstore/Coles-CAS/images/6/8/5/6856106-th.jpg",
    "categories": ["winter"],
    "tags": ["winter-warmers", "slow-coked"],
    "locations": {
      "vic": {
        "price": 2.2,
        "promoText": "Any 3 $6",
        "packageSize": "175g",
        "packagePrice": "$1.26 per 100G"
      }
    }
  },
  {
    "id": "on-the-menu-power-bowl-slow-cooked-lamb",
    "brand": "On The Menu",
    "name": "Frozen Slow Cooked Lamb In Red Wine Sauce King Size Power Bowl",
    "imageUrl": "https://shop.coles.com.au/wcsstore/Coles-CAS/images/3/2/3/3239635-th.jpg",
    "categories": ["winter"],
    "tags": ["winter-warmers", "slow-coked"],
    "locations": {
      "vic": {
        "price": 7.5,
        "promoText": " ",
        "packageSize": "450g",
        "packagePrice": "$1.67 per 100G"
      }
    }
  },
  {
    "id": "mccain-frozen-man-size-chicken-kiev",
    "brand": "McCain",
    "name": "Frozen Man Size Chicken Kiev",
    "imageUrl": "https://shop.coles.com.au/wcsstore/Coles-CAS/images/2/9/4/2944165-th.jpg",
    "categories": ["winter"],
    "tags": ["winter-warmers", "frozen-ready-meals"],
    "locations": {
      "vic": {
        "price": 8,
        "promoText": " ",
        "packageSize": "480g",
        "packagePrice": "$1.67 per 100G"
      }
    }
  },
  {
    "id": "mccain-healthy-choice-bowls-chicken-carbonara-frozen",
    "brand": "McCain",
    "name": "Frozen Healthy Choice Creamy Chicken Carbonara",
    "imageUrl": "https://shop.coles.com.au/wcsstore/Coles-CAS/images/8/0/5/8057078-th.jpg",
    "categories": ["winter"],
    "tags": ["winter-warmers", "frozen-ready-meals"],
    "locations": {
      "vic": {
        "price": 4,
        "promoText": "Was $5.60 on Jul 2017 ",
        "packageSize": "300g",
        "packagePrice": "$1.33 per 100G"
      }
    }
  },
  {
    "id": "mccain-healthy-choice-meal-frozen-lemon-chicken",
    "brand": "McCain",
    "name": "Frozen Healthy Choice Lemon Chicken",
    "imageUrl": "https://shop.coles.com.au/wcsstore/Coles-CAS/images/6/5/5/6557841-th.jpg",
    "categories": ["winter"],
    "tags": ["winter-warmers", "frozen-ready-meals"],
    "locations": {
      "vic": {
        "price": 4,
        "promoText": "Was $6.15 on Jul 2017 ",
        "packageSize": "350g",
        "packagePrice": "$1.14 per 100G"
      }
    }
  },
  {
    "id": "coles-convenience-meal-satay-chicken",
    "brand": "Coles",
    "name": "Frozen Satay Chicken Meal",
    "imageUrl": "https://shop.coles.com.au/wcsstore/Coles-CAS/images/1/3/0/1307359-th.jpg",
    "categories": ["winter"],
    "tags": ["winter-warmers", "frozen-ready-meals"],
    "locations": {
      "vic": {
        "price": 3,
        "promoText": "Was $3.30 on Nov 2019 ",
        "packageSize": "375g",
        "packagePrice": "$0.80 per 100G"
      }
    }
  },
  {
    "id": "weight-watchers-chilli-con-carne",
    "brand": "Weight Watchers",
    "name": "Chilli Con Carne",
    "imageUrl": "https://shop.coles.com.au/wcsstore/Coles-CAS/images/3/5/8/3581522-th.jpg",
    "categories": ["winter"],
    "tags": ["winter-warmers", "frozen-ready-meals"],
    "locations": {
      "vic": {
        "price": 5.8,
        "promoText": " ",
        "packageSize": "330g",
        "packagePrice": "$1.76 per 100G"
      }
    }
  },
  {
    "id": "coles-meal-spaghetti-bolognese-frozen",
    "brand": "Coles",
    "name": "Frozen Spaghetti Bolognese With Beef Mince",
    "imageUrl": "https://shop.coles.com.au/wcsstore/Coles-CAS/images/6/1/1/6115683-th.jpg",
    "categories": ["winter"],
    "tags": ["winter-warmers", "frozen-ready-meals"],
    "locations": {
      "vic": {
        "price": 3,
        "promoText": "Was $3.30 on Nov 2019 ",
        "packageSize": "375g",
        "packagePrice": "$0.80 per 100G"
      }
    }
  },
  {
    "id": "coles-meal-butter-chicken-frozen",
    "brand": "Coles",
    "name": "RSPCA Approved Butter Chicken With Long Grain Rice",
    "imageUrl": "https://shop.coles.com.au/wcsstore/Coles-CAS/images/6/3/8/6388121-th.jpg",
    "categories": ["winter"],
    "tags": ["winter-warmers", "frozen-ready-meals"],
    "locations": {
      "vic": {
        "price": 3,
        "promoText": "Was $3.30 on Nov 2019 ",
        "packageSize": "375g",
        "packagePrice": "$0.80 per 100G"
      }
    }
  },
  {
    "id": "lean-cuisine-steamed-meal-frozen-chicken-butter-indian-style-with-rice",
    "brand": "Lean Cuisine",
    "name": "Frozen Steam Indian Butter Chicken with Rice",
    "imageUrl": "https://shop.coles.com.au/wcsstore/Coles-CAS/images/5/7/0/5700520-th.jpg",
    "categories": ["winter"],
    "tags": ["winter-warmers", "frozen-ready-meals"],
    "locations": {
      "vic": {
        "price": 4.5,
        "promoText": "$2.20 ",
        "packageSize": "370g",
        "packagePrice": "$1.22 per 100G"
      }
    }
  },
  {
    "id": "weight-watchers-meal-frozen-tuna-bake",
    "brand": "Weight Watchers",
    "name": "Frozen Creamy Tuna Bake Meal",
    "imageUrl": "https://shop.coles.com.au/wcsstore/Coles-CAS/images/5/0/0/5006762-th.jpg",
    "categories": ["winter"],
    "tags": ["winter-warmers", "frozen-ready-meals"],
    "locations": {
      "vic": {
        "price": 5.8,
        "promoText": " ",
        "packageSize": "320g",
        "packagePrice": "$1.81 per 100G"
      }
    }
  },
  {
    "id": "coles-meal-tuna-bake-frozen",
    "brand": "Coles",
    "name": "Tuna Bake",
    "imageUrl": "https://shop.coles.com.au/wcsstore/Coles-CAS/images/7/1/4/7147109-th.jpg",
    "categories": ["winter"],
    "tags": ["winter-warmers", "frozen-ready-meals"],
    "locations": {
      "vic": {
        "price": 3,
        "promoText": "Was $3.30 on Nov 2019 ",
        "packageSize": "375g",
        "packagePrice": "$0.80 per 100G"
      }
    }
  },
  {
    "id": "lean-cuisine-meal-beef-stroganoff-with-pasta",
    "brand": "Lean Cuisine",
    "name": "Frozen Classic Beef Stroganoff with Pasta",
    "imageUrl": "https://shop.coles.com.au/wcsstore/Coles-CAS/images/4/4/8/4480655-th.jpg",
    "categories": ["winter"],
    "tags": ["winter-warmers", "frozen-ready-meals"],
    "locations": {
      "vic": {
        "price": 5.7,
        "promoText": " ",
        "packageSize": "280g",
        "packagePrice": "$2.04 per 100G"
      }
    }
  },
  {
    "id": "weight-watchers-mushroom-pumpkn-risotto",
    "brand": "Weight Watchers",
    "name": "Snap Frozen Mushroom & Pumpkin Risotto",
    "imageUrl": "https://shop.coles.com.au/wcsstore/Coles-CAS/images/3/5/8/3581544-th.jpg",
    "categories": ["winter"],
    "tags": ["winter-warmers", "frozen-ready-meals"],
    "locations": {
      "vic": {
        "price": 5.8,
        "promoText": " ",
        "packageSize": "320g",
        "packagePrice": "$1.81 per 100G"
      }
    }
  },
  {
    "id": "on-the-menu-meal-frozen-chicken-parmigiana",
    "brand": "On The Menu",
    "name": "Frozen Chicken Parmigiana",
    "imageUrl": "https://shop.coles.com.au/wcsstore/Coles-CAS/images/8/1/5/8151892-th.jpg",
    "categories": ["winter"],
    "tags": ["winter-warmers", "frozen-ready-meals"],
    "locations": {
      "vic": {
        "price": 6,
        "promoText": "Was $6.50 on Oct 2018 ",
        "packageSize": "320g",
        "packagePrice": "$1.88 per 100G"
      }
    }
  },
  {
    "id": "on-the-menu-beef-lasagne-frozen-meal-1837374p",
    "brand": "On The Menu",
    "name": "Frozen Beef Lasagne",
    "imageUrl": "https://shop.coles.com.au/wcsstore/Coles-CAS/images/1/8/3/1837374-th.jpg",
    "categories": ["winter"],
    "tags": ["winter-warmers", "frozen-ready-meals"],
    "locations": {
      "vic": {
        "price": 6,
        "promoText": "Was $9.00 on Jul 2017 ",
        "packageSize": "1kg",
        "packagePrice": "$6.00 per 1Kg"
      }
    }
  },
  {
    "id": "on-the-menu-plated-meals-roast-lamb",
    "brand": "On The Menu",
    "name": "Roast Lamb Plated Meals",
    "imageUrl": "https://shop.coles.com.au/wcsstore/Coles-CAS/images/3/5/1/3513726-th.jpg",
    "categories": ["winter"],
    "tags": ["winter-warmers", "frozen-ready-meals"],
    "locations": {
      "vic": {
        "price": 6,
        "promoText": "Was $6.50 on Nov 2018 ",
        "packageSize": "320g",
        "packagePrice": "$1.88 per 100G"
      }
    }
  },
  {
    "id": "coles-meal-lasagne-beef-bechemel-frozen-6115592p",
    "brand": "Coles",
    "name": "Frozen Beef Lasagne",
    "imageUrl": "https://shop.coles.com.au/wcsstore/Coles-CAS/images/6/1/1/6115592-th.jpg",
    "categories": ["winter"],
    "tags": ["winter-warmers", "frozen-ready-meals"],
    "locations": {
      "vic": {
        "price": 3,
        "promoText": "Was $3.30 on Nov 2019 ",
        "packageSize": "375g",
        "packagePrice": "$0.80 per 100G"
      }
    }
  },
  {
    "id": "coles-veg-pad-thai",
    "brand": "Coles",
    "name": "Veg Pad Thai",
    "imageUrl": "https://shop.coles.com.au/wcsstore/Coles-CAS/images/3/2/1/3218169-th.jpg",
    "categories": ["winter"],
    "tags": ["winter-warmers", "frozen-ready-meals"],
    "locations": {
      "vic": {
        "price": 3,
        "promoText": "Was $3.30 on Nov 2019 ",
        "packageSize": "375g",
        "packagePrice": "$0.80 per 100G"
      }
    }
  },
  {
    "id": "lean-cuisine-steamed-meal-frozen-thai-red-chicken-curry-with-rice",
    "brand": "Lean Cuisine",
    "name": "Frozen Steam Thai Red Chicken Curry with Rice",
    "imageUrl": "https://shop.coles.com.au/wcsstore/Coles-CAS/images/5/7/0/5700564-th.jpg",
    "categories": ["winter"],
    "tags": ["winter-warmers", "frozen-ready-meals"],
    "locations": {
      "vic": {
        "price": 4.5,
        "promoText": "$2.20 ",
        "packageSize": "380g",
        "packagePrice": "$1.18 per 100G"
      }
    }
  },
  {
    "id": "lean-cuisine-steamed-meal-frozen-sundried-tomato-chicken-with-pasta",
    "brand": "Lean Cuisine",
    "name": "Frozen Steam Sundried Tomato & Chicken Pasta",
    "imageUrl": "https://shop.coles.com.au/wcsstore/Coles-CAS/images/5/7/0/5700531-th.jpg",
    "categories": ["winter"],
    "tags": ["winter-warmers", "frozen-ready-meals"],
    "locations": {
      "vic": {
        "price": 4.5,
        "promoText": "$2.20 ",
        "packageSize": "370g",
        "packagePrice": "$1.22 per 100G"
      }
    }
  },
  {
    "id": "mccain-frozen-man-size-chicken-bacon-bake",
    "brand": "McCain",
    "name": "Frozen Man Size Grilled Chicken & Bacon Pasta",
    "imageUrl": "https://shop.coles.com.au/wcsstore/Coles-CAS/images/2/9/4/2944176-th.jpg",
    "categories": ["winter"],
    "tags": ["winter-warmers", "frozen-ready-meals"],
    "locations": {
      "vic": {
        "price": 8,
        "promoText": " ",
        "packageSize": "480g",
        "packagePrice": "$1.67 per 100G"
      }
    }
  },
  {
    "id": "on-the-menu-chicken-kiev-plated-frozen-meal",
    "brand": "On The Menu",
    "name": "Frozen Chicken Kiev",
    "imageUrl": "https://shop.coles.com.au/wcsstore/Coles-CAS/images/2/4/1/2414671-th.jpg",
    "categories": ["winter"],
    "tags": ["winter-warmers", "frozen-ready-meals"],
    "locations": {
      "vic": {
        "price": 6,
        "promoText": "Was $6.50 on Oct 2018 ",
        "packageSize": "320g",
        "packagePrice": "$1.88 per 100G"
      }
    }
  },
  {
    "id": "super-nature-pulses-thai-green-chicken-curry",
    "brand": "Super Nature",
    "name": "Frozen Dairy Free Super Pulses Thai Green Chicken Curry",
    "imageUrl": "https://shop.coles.com.au/wcsstore/Coles-CAS/images/3/2/3/3239930-th.jpg",
    "categories": ["winter"],
    "tags": ["winter-warmers", "frozen-ready-meals"],
    "locations": {
      "vic": {
        "price": 4,
        "promoText": " ",
        "packageSize": "300g",
        "packagePrice": "$1.33 per 100G"
      }
    }
  },
  {
    "id": "coles-meal-macaroni-cheese-frozen",
    "brand": "Coles",
    "name": "Frozen Macaroni Cheese",
    "imageUrl": "https://shop.coles.com.au/wcsstore/Coles-CAS/images/6/1/1/6115708-th.jpg",
    "categories": ["winter"],
    "tags": ["winter-warmers", "frozen-ready-meals"],
    "locations": {
      "vic": {
        "price": 3,
        "promoText": "Was $3.30 on Nov 2019 ",
        "packageSize": "375g",
        "packagePrice": "$0.80 per 100G"
      }
    }
  },
  {
    "id": "coles-smart-buy-lasagne-frozen",
    "brand": "Coles",
    "name": "Frozen Beef Lasagne Pasta",
    "imageUrl": "https://shop.coles.com.au/wcsstore/Coles-CAS/images/5/6/1/5613663-th.jpg",
    "categories": ["winter"],
    "tags": ["winter-warmers", "frozen-ready-meals"],
    "locations": {
      "vic": {
        "price": 2.25,
        "promoText": " ",
        "packageSize": "400g",
        "packagePrice": "$0.56 per 100G"
      }
    }
  },
  {
    "id": "mccain-frozen-man-size-bangers-mash",
    "brand": "McCain",
    "name": "Frozen Man Size Bangers",
    "imageUrl": "https://shop.coles.com.au/wcsstore/Coles-CAS/images/2/9/4/2944154-th.jpg",
    "categories": ["winter"],
    "tags": ["winter-warmers", "frozen-ready-meals"],
    "locations": {
      "vic": {
        "price": 8,
        "promoText": " ",
        "packageSize": "500g",
        "packagePrice": "$1.60 per 100G"
      }
    }
  },
  {
    "id": "on-the-menu-beef-lasagne",
    "brand": "On The Menu",
    "name": "Frozen Beef Lasagne",
    "imageUrl": "https://shop.coles.com.au/wcsstore/Coles-CAS/images/1/1/6/1167894-th.jpg",
    "categories": ["winter"],
    "tags": ["winter-warmers", "frozen-ready-meals"],
    "locations": {
      "vic": {
        "price": 2.4,
        "promoText": "$0.60 ",
        "packageSize": "260g",
        "packagePrice": "$0.92 per 100G"
      }
    }
  },
  {
    "id": "on-the-menu-meal-frozen-roast-chicken",
    "brand": "On The Menu",
    "name": "Frozen Roast Chicken",
    "imageUrl": "https://shop.coles.com.au/wcsstore/Coles-CAS/images/8/1/5/8151906-th.jpg",
    "categories": ["winter"],
    "tags": ["winter-warmers", "frozen-ready-meals"],
    "locations": {
      "vic": {
        "price": 6,
        "promoText": "Was $6.50 on Oct 2018 ",
        "packageSize": "320g",
        "packagePrice": "$1.88 per 100G"
      }
    }
  },
  {
    "id": "super-nature-pulses-vegan-bolognes",
    "brand": "Super Nature",
    "name": "Frozen Super Pulses Vegan Bolognese",
    "imageUrl": "https://shop.coles.com.au/wcsstore/Coles-CAS/images/3/2/3/3239806-th.jpg",
    "categories": ["winter"],
    "tags": ["winter-warmers", "frozen-ready-meals"],
    "locations": {
      "vic": {
        "price": 4,
        "promoText": " ",
        "packageSize": "300g",
        "packagePrice": "$1.33 per 100G"
      }
    }
  },
  {
    "id": "weight-watchers-meal-frozen-cottage-pie",
    "brand": "Weight Watchers",
    "name": "Frozen Beef Cottage Pie Meal",
    "imageUrl": "https://shop.coles.com.au/wcsstore/Coles-CAS/images/5/0/0/5006900-th.jpg",
    "categories": ["winter"],
    "tags": ["winter-warmers", "frozen-ready-meals"],
    "locations": {
      "vic": {
        "price": 5.8,
        "promoText": " ",
        "packageSize": "320g",
        "packagePrice": "$1.81 per 100G"
      }
    }
  },
  {
    "id": "coles-pie-shepherds-frozen",
    "brand": "Coles",
    "name": "Frozen Shepherd's Pie",
    "imageUrl": "https://shop.coles.com.au/wcsstore/Coles-CAS/images/6/3/9/6392672-th.jpg",
    "categories": ["winter"],
    "tags": ["winter-warmers", "frozen-ready-meals"],
    "locations": {
      "vic": {
        "price": 3,
        "promoText": "Was $3.30 on Nov 2019 ",
        "packageSize": "375g",
        "packagePrice": "$0.80 per 100G"
      }
    }
  },
  {
    "id": "core-power-foods-portugues-style-chicken",
    "brand": "Core Power Foods",
    "name": "Portuguese-Style Chicken",
    "imageUrl": "https://shop.coles.com.au/wcsstore/Coles-CAS/images/3/5/3/3533927-th.jpg",
    "categories": ["winter"],
    "tags": ["winter-warmers", "frozen-ready-meals"],
    "locations": {
      "vic": {
        "price": 9,
        "promoText": " ",
        "packageSize": "350g",
        "packagePrice": "$2.57 per 100G"
      }
    }
  },
  {
    "id": "lean-cuisine-meal-lamb-rosemary-hot-pot",
    "brand": "Lean Cuisine",
    "name": "Frozen Balance Hearty Lamb & Rosemary Hot Pot",
    "imageUrl": "https://shop.coles.com.au/wcsstore/Coles-CAS/images/6/5/6/6567980-th.jpg",
    "categories": ["winter"],
    "tags": ["winter-warmers", "frozen-ready-meals"],
    "locations": {
      "vic": {
        "price": 5.7,
        "promoText": " ",
        "packageSize": "290g",
        "packagePrice": "$1.97 per 100G"
      }
    }
  },
  {
    "id": "on-the-menu-plated-meals-bbq-mixed-grill",
    "brand": "On The Menu",
    "name": "Frozen BBQ Mixed Grill",
    "imageUrl": "https://shop.coles.com.au/wcsstore/Coles-CAS/images/8/9/3/8934980-th.jpg",
    "categories": ["winter"],
    "tags": ["winter-warmers", "frozen-ready-meals"],
    "locations": {
      "vic": {
        "price": 6,
        "promoText": "Was $6.50 on Oct 2018 ",
        "packageSize": "320g",
        "packagePrice": "$1.88 per 100G"
      }
    }
  },
  {
    "id": "on-the-menu-meal-frozen-angus-roast-beef",
    "brand": "On The Menu",
    "name": "Roast Beef Plated Meal",
    "imageUrl": "https://shop.coles.com.au/wcsstore/Coles-CAS/images/8/1/5/8151917-th.jpg",
    "categories": ["winter"],
    "tags": ["winter-warmers", "frozen-ready-meals"],
    "locations": {
      "vic": {
        "price": 6,
        "promoText": "Was $6.50 on Nov 2018 ",
        "packageSize": "320g",
        "packagePrice": "$1.88 per 100G"
      }
    }
  },
  {
    "id": "on-the-menu-pappardelle-ragu",
    "brand": "On The Menu",
    "name": "Frozen Pappardelle Ragu",
    "imageUrl": "https://shop.coles.com.au/wcsstore/Coles-CAS/images/2/7/4/2742364-th.jpg",
    "categories": ["winter"],
    "tags": ["winter-warmers", "frozen-ready-meals"],
    "locations": {
      "vic": {
        "price": 2.4,
        "promoText": "$0.60 ",
        "packageSize": "260g",
        "packagePrice": "$0.92 per 100G"
      }
    }
  },
  {
    "id": "coles-chicken-fettuccine-carbonara",
    "brand": "Coles",
    "name": "Frozen Chicken Fettuccine Carbonara",
    "imageUrl": "https://shop.coles.com.au/wcsstore/Coles-CAS/images/2/7/4/2742025-th.jpg",
    "categories": ["winter"],
    "tags": ["winter-warmers", "frozen-ready-meals"],
    "locations": {
      "vic": {
        "price": 3,
        "promoText": "Was $3.30 on Nov 2019 ",
        "packageSize": "375g",
        "packagePrice": "$0.80 per 100G"
      }
    }
  },
  {
    "id": "lean-cuisine-meal-thai-green-chicken-curry-with-rice",
    "brand": "Lean Cuisine",
    "name": "Frozen Steam Thai Green Curry with Rice",
    "imageUrl": "https://shop.coles.com.au/wcsstore/Coles-CAS/images/9/2/2/9229747-th.jpg",
    "categories": ["winter"],
    "tags": ["winter-warmers", "frozen-ready-meals"],
    "locations": {
      "vic": {
        "price": 5.7,
        "promoText": " ",
        "packageSize": "280g",
        "packagePrice": "$2.04 per 100G"
      }
    }
  },
  {
    "id": "mccain-healthy-choice-plus-honey-stir-fry-meal-frozen",
    "brand": "McCain",
    "name": "Frozen Healthy Choice Chicken Honey Stir Fry",
    "imageUrl": "https://shop.coles.com.au/wcsstore/Coles-CAS/images/6/7/7/6774340-th.jpg",
    "categories": ["winter"],
    "tags": ["winter-warmers", "frozen-ready-meals"],
    "locations": {
      "vic": {
        "price": 4,
        "promoText": "Was $5.60 on Jul 2017 ",
        "packageSize": "330g",
        "packagePrice": "$1.21 per 100G"
      }
    }
  },
  {
    "id": "mccain-healthy-choice-meal-frozen-spinach-ricotta-ravioli",
    "brand": "McCain",
    "name": "Frozen Healthy Choice Spinach & Ricotta Ravioli",
    "imageUrl": "https://shop.coles.com.au/wcsstore/Coles-CAS/images/4/7/3/4732237-th.jpg",
    "categories": ["winter"],
    "tags": ["winter-warmers", "frozen-ready-meals"],
    "locations": {
      "vic": {
        "price": 4,
        "promoText": "Was $5.60 on Jul 2017 ",
        "packageSize": "390g",
        "packagePrice": "$1.14 per 100G"
      }
    }
  },
  {
    "id": "mccain-mansize-pub-style-parma",
    "brand": "McCain",
    "name": "Man Size Pub Style Parma",
    "imageUrl": "https://shop.coles.com.au/wcsstore/Coles-CAS/images/3/5/4/3545256-th.jpg",
    "categories": ["winter"],
    "tags": ["winter-warmers", "frozen-ready-meals"],
    "locations": {
      "vic": {
        "price": 8,
        "promoText": " ",
        "packageSize": "480g",
        "packagePrice": "$1.67 per 100G"
      }
    }
  },
  {
    "id": "on-the-menu-macaroni-cheese",
    "brand": "On The Menu",
    "name": "Frozen Cheese Macaroni",
    "imageUrl": "https://shop.coles.com.au/wcsstore/Coles-CAS/images/1/1/6/1167872-th.jpg",
    "categories": ["winter"],
    "tags": ["winter-warmers", "frozen-ready-meals"],
    "locations": {
      "vic": {
        "price": 2.4,
        "promoText": "$0.60 ",
        "packageSize": "260g",
        "packagePrice": "$0.92 per 100G"
      }
    }
  },
  {
    "id": "on-the-menu-cottage-pie-frozen-meal",
    "brand": "On The Menu",
    "name": "Cottage Pie",
    "imageUrl": "https://shop.coles.com.au/wcsstore/Coles-CAS/images/2/3/1/2315250-th.jpg",
    "categories": ["winter"],
    "tags": ["winter-warmers", "frozen-ready-meals"],
    "locations": {
      "vic": {
        "price": 2.4,
        "promoText": "$0.60 ",
        "packageSize": "260g",
        "packagePrice": "$0.92 per 100G"
      }
    }
  },
  {
    "id": "super-nature--frozen-super-nut-satay-chicken-with-quinoa",
    "brand": "Super Nature",
    "name": "Frozen Super Protein Satay Chicken with Quinoa, Chickpea & Wild Rice Mix Wellness Bowl",
    "imageUrl": "https://shop.coles.com.au/wcsstore/Coles-CAS/images/2/9/4/2946659-th.jpg",
    "categories": ["winter"],
    "tags": ["winter-warmers", "frozen-ready-meals"],
    "locations": {
      "vic": {
        "price": 5,
        "promoText": "$1.30 ",
        "packageSize": "350g",
        "packagePrice": "$1.43 per 100G"
      }
    }
  },
  {
    "id": "coles-meal-thai-green-chicken-curry-frozen",
    "brand": "Coles",
    "name": "RSPCA Approved Thai Green Chicken Curry with Long Grain Rice",
    "imageUrl": "https://shop.coles.com.au/wcsstore/Coles-CAS/images/6/3/8/6388256-th.jpg",
    "categories": ["winter"],
    "tags": ["winter-warmers", "frozen-ready-meals"],
    "locations": {
      "vic": {
        "price": 3,
        "promoText": "Was $3.30 on Nov 2019 ",
        "packageSize": "375g",
        "packagePrice": "$0.80 per 100G"
      }
    }
  },
  {
    "id": "coles-singapore-noodles",
    "brand": "Coles",
    "name": "Singapore Noodles",
    "imageUrl": "https://shop.coles.com.au/wcsstore/Coles-CAS/images/3/4/8/3480423-th.jpg",
    "categories": ["winter"],
    "tags": ["winter-warmers", "frozen-ready-meals"],
    "locations": {
      "vic": {
        "price": 3,
        "promoText": "Was $3.30 on Nov 2019 ",
        "packageSize": "375g",
        "packagePrice": "$0.80 per 100G"
      }
    }
  },
  {
    "id": "lean-cuisine-meal-spaghetti-bolognese",
    "brand": "Lean Cuisine",
    "name": "Frozen Balance Classic Spaghetti Bolognese",
    "imageUrl": "https://shop.coles.com.au/wcsstore/Coles-CAS/images/6/5/6/6567947-th.jpg",
    "categories": ["winter"],
    "tags": ["winter-warmers", "frozen-ready-meals"],
    "locations": {
      "vic": {
        "price": 5.7,
        "promoText": " ",
        "packageSize": "300g",
        "packagePrice": "$1.90 per 100G"
      }
    }
  },
  {
    "id": "mccain-health-choice-bowls-chinese-chicken-cashews-frozen",
    "brand": "McCain",
    "name": "Frozen Healthy Choice Chinese Chicken With Cashews",
    "imageUrl": "https://shop.coles.com.au/wcsstore/Coles-CAS/images/8/0/5/8057001-th.jpg",
    "categories": ["winter"],
    "tags": ["winter-warmers", "frozen-ready-meals"],
    "locations": {
      "vic": {
        "price": 4,
        "promoText": "Was $5.60 on Jul 2017 ",
        "packageSize": "280g",
        "packagePrice": "$1.43 per 100G"
      }
    }
  },
  {
    "id": "on-the-menu-plated-meals-veal-cordon-bleu",
    "brand": "On The Menu",
    "name": "Veal Cordon Bleu Plated Meals",
    "imageUrl": "https://shop.coles.com.au/wcsstore/Coles-CAS/images/3/5/1/3513737-th.jpg",
    "categories": ["winter"],
    "tags": ["winter-warmers", "frozen-ready-meals"],
    "locations": {
      "vic": {
        "price": 6,
        "promoText": "Was $6.50 on Nov 2018 ",
        "packageSize": "320g",
        "packagePrice": "$1.88 per 100G"
      }
    }
  },
  {
    "id": "gravox-traditional-gravy-mix",
    "brand": "Gravox",
    "name": "Traditional Gravy Mix",
    "imageUrl": "https://shop.coles.com.au/wcsstore/Coles-CAS/images/6/0/4/6048826-th.jpg",
    "categories": ["winter"],
    "tags": ["winter-warmers", "gravy-sauce-mix"],
    "locations": {
      "vic": {
        "price": 3.3,
        "promoText": "Any 2 $5",
        "packageSize": "120g",
        "packagePrice": "$0.28 per 10G"
      }
    }
  },
  {
    "id": "gravox-liquid-pepper-steak-sauce",
    "brand": "Gravox",
    "name": "Pepper Steak Liquid Sauce",
    "imageUrl": "https://shop.coles.com.au/wcsstore/Coles-CAS/images/4/9/9/4999827-th.jpg",
    "categories": ["winter"],
    "tags": ["winter-warmers", "gravy-sauce-mix"],
    "locations": {
      "vic": {
        "price": 2,
        "promoText": "Was $2.55 on May 2017 ",
        "packageSize": "165g",
        "packagePrice": "$1.21 per 100G"
      }
    }
  },
  {
    "id": "gravox-roast-meat-gravy-mix",
    "brand": "Gravox",
    "name": "Roast Meat Gravy Mix",
    "imageUrl": "https://shop.coles.com.au/wcsstore/Coles-CAS/images/6/0/4/6048815-th.jpg",
    "categories": ["winter"],
    "tags": ["winter-warmers", "gravy-sauce-mix"],
    "locations": {
      "vic": {
        "price": 3.3,
        "promoText": "Any 2 $5",
        "packageSize": "120g",
        "packagePrice": "$0.28 per 10G"
      }
    }
  },
  {
    "id": "gravox-chicken-gravy-mix",
    "brand": "Gravox",
    "name": "Chicken Gravy Mix",
    "imageUrl": "https://shop.coles.com.au/wcsstore/Coles-CAS/images/6/0/4/6046853-th.jpg",
    "categories": ["winter"],
    "tags": ["winter-warmers", "gravy-sauce-mix"],
    "locations": {
      "vic": {
        "price": 3.3,
        "promoText": "Any 2 $5",
        "packageSize": "120g",
        "packagePrice": "$0.28 per 10G"
      }
    }
  },
  {
    "id": "gravox-pepper-sauce",
    "brand": "Gravox",
    "name": "Pepper Finishing Sauce Mix",
    "imageUrl": "https://shop.coles.com.au/wcsstore/Coles-CAS/images/6/0/4/6046638-th.jpg",
    "categories": ["winter"],
    "tags": ["winter-warmers", "gravy-sauce-mix"],
    "locations": {
      "vic": {
        "price": 3.3,
        "promoText": "Any 2 $5",
        "packageSize": "120g",
        "packagePrice": "$0.28 per 10G"
      }
    }
  },
  {
    "id": "gravox-brown-onion-gravy-mix",
    "brand": "Gravox",
    "name": "Brown Onion Gravy Mix",
    "imageUrl": "https://shop.coles.com.au/wcsstore/Coles-CAS/images/6/0/4/6046864-th.jpg",
    "categories": ["winter"],
    "tags": ["winter-warmers", "gravy-sauce-mix"],
    "locations": {
      "vic": {
        "price": 3.3,
        "promoText": "Any 2 $5",
        "packageSize": "120g",
        "packagePrice": "$0.28 per 10G"
      }
    }
  },
  {
    "id": "gravox-liquid-traditional-gravy",
    "brand": "Gravox",
    "name": "Traditional Liquid Gravy",
    "imageUrl": "https://shop.coles.com.au/wcsstore/Coles-CAS/images/4/9/9/4999805-th.jpg",
    "categories": ["winter"],
    "tags": ["winter-warmers", "gravy-sauce-mix"],
    "locations": {
      "vic": {
        "price": 2,
        "promoText": "Was $2.55 on May 2017 ",
        "packageSize": "165g",
        "packagePrice": "$1.21 per 100G"
      }
    }
  },
  {
    "id": "gravox-roast-chicken-herb-liquid-gravy",
    "brand": "Gravox",
    "name": "Roast Chicken With Herbs Gravy",
    "imageUrl": "https://shop.coles.com.au/wcsstore/Coles-CAS/images/6/8/4/6842860-th.jpg",
    "categories": ["winter"],
    "tags": ["winter-warmers", "gravy-sauce-mix"],
    "locations": {
      "vic": {
        "price": 3,
        "promoText": " ",
        "packageSize": "250g",
        "packagePrice": "$1.20 per 100G"
      }
    }
  },
  {
    "id": "gravox-traditional-liquid-gravy",
    "brand": "Gravox",
    "name": "Traditional Liquid Gravy",
    "imageUrl": "https://shop.coles.com.au/wcsstore/Coles-CAS/images/6/8/4/6842837-th.jpg",
    "categories": ["winter"],
    "tags": ["winter-warmers", "gravy-sauce-mix"],
    "locations": {
      "vic": {
        "price": 3,
        "promoText": " ",
        "packageSize": "250g",
        "packagePrice": "$1.20 per 100G"
      }
    }
  },
  {
    "id": "gravox-saucery-white-sauce-mix",
    "brand": "Gravox",
    "name": "Saucery White Sauce Mix",
    "imageUrl": "https://shop.coles.com.au/wcsstore/Coles-CAS/images/5/0/8/5084052-th.jpg",
    "categories": ["winter"],
    "tags": ["winter-warmers", "gravy-sauce-mix"],
    "locations": {
      "vic": {
        "price": 1,
        "promoText": " ",
        "packageSize": "29g",
        "packagePrice": "$0.34 per 10G"
      }
    }
  },
  {
    "id": "gravox-brown-onion-liquid-gravy",
    "brand": "Gravox",
    "name": "Brown Onion Gravy",
    "imageUrl": "https://shop.coles.com.au/wcsstore/Coles-CAS/images/4/4/4/4443579-th.jpg",
    "categories": ["winter"],
    "tags": ["winter-warmers", "gravy-sauce-mix"],
    "locations": {
      "vic": {
        "price": 2,
        "promoText": " ",
        "packageSize": "165g",
        "packagePrice": "$0.12 per 10G"
      }
    }
  },
  {
    "id": "gravox-gravy-mix-traditional",
    "brand": "Gravox",
    "name": "Traditional Gravy Mix",
    "imageUrl": "https://shop.coles.com.au/wcsstore/Coles-CAS/images/1/2/1/121151-th.jpg",
    "categories": ["winter"],
    "tags": ["winter-warmers", "gravy-sauce-mix"],
    "locations": {
      "vic": {
        "price": 4,
        "promoText": "$0.50 ",
        "packageSize": "425g",
        "packagePrice": "$0.09 per 10G"
      }
    }
  },
  {
    "id": "gravox-pepper-steak-finishing-sauce",
    "brand": "Gravox",
    "name": "Pepper Steak Finishing Sauce",
    "imageUrl": "https://shop.coles.com.au/wcsstore/Coles-CAS/images/3/4/3/3433570-th.jpg",
    "categories": ["winter"],
    "tags": ["winter-warmers", "gravy-sauce-mix"],
    "locations": {
      "vic": {
        "price": 3,
        "promoText": " ",
        "packageSize": "250g",
        "packagePrice": "$1.20 per 100G"
      }
    }
  },
  {
    "id": "masterfoods-finishing-sauce-creamy-white",
    "brand": "MasterFoods",
    "name": "Creamy White Finishing Sauce",
    "imageUrl": "https://shop.coles.com.au/wcsstore/Coles-CAS/images/6/8/3/6839720-th.jpg",
    "categories": ["winter"],
    "tags": ["winter-warmers", "gravy-sauce-mix"],
    "locations": {
      "vic": {
        "price": 2,
        "promoText": "Was $2.65 on May 2019 ",
        "packageSize": "160g",
        "packagePrice": "$0.13 per 10G"
      }
    }
  },
  {
    "id": "masterfoods-finishing-sauce-cheese",
    "brand": "MasterFoods",
    "name": "Cheese Finishing Sauce",
    "imageUrl": "https://shop.coles.com.au/wcsstore/Coles-CAS/images/5/5/9/5595812-th.jpg",
    "categories": ["winter"],
    "tags": ["winter-warmers", "gravy-sauce-mix"],
    "locations": {
      "vic": {
        "price": 2,
        "promoText": "Was $2.65 on May 2019 ",
        "packageSize": "160g",
        "packagePrice": "$0.13 per 10G"
      }
    }
  },
  {
    "id": "coles-gravy-mix-traditional-7755159p",
    "brand": "Coles",
    "name": "Traditional Gravy Mix",
    "imageUrl": "https://shop.coles.com.au/wcsstore/Coles-CAS/images/7/7/5/7755159-th.jpg",
    "categories": ["winter"],
    "tags": ["winter-warmers", "gravy-sauce-mix"],
    "locations": {
      "vic": {
        "price": 1.75,
        "promoText": " ",
        "packageSize": "120g",
        "packagePrice": "$0.15 per 10G"
      }
    }
  },
  {
    "id": "coles-premium-peppercorn-gravy",
    "brand": "Coles",
    "name": "Premium Peppercorn Sauce",
    "imageUrl": "https://shop.coles.com.au/wcsstore/Coles-CAS/images/3/7/2/3729430-th.jpg",
    "categories": ["winter"],
    "tags": ["winter-warmers", "gravy-sauce-mix"],
    "locations": {
      "vic": {
        "price": 4,
        "promoText": " ",
        "packageSize": "200mL",
        "packagePrice": "$2.00 per 100mL"
      }
    }
  },
  {
    "id": "gravox-our-best-ever-chip-gravy",
    "brand": "Gravox",
    "name": "Our Best Ever Chip Gravy",
    "imageUrl": "https://shop.coles.com.au/wcsstore/Coles-CAS/images/9/2/3/9233675-th.jpg",
    "categories": ["winter"],
    "tags": ["winter-warmers", "gravy-sauce-mix"],
    "locations": {
      "vic": {
        "price": 2,
        "promoText": "Was $2.55 on May 2017 ",
        "packageSize": "165g",
        "packagePrice": "$0.12 per 10G"
      }
    }
  },
  {
    "id": "gravox-gravy-roast-pork",
    "brand": "Gravox",
    "name": "Roast Pork Gravy",
    "imageUrl": "https://shop.coles.com.au/wcsstore/Coles-CAS/images/6/8/3/6839785-th.jpg",
    "categories": ["winter"],
    "tags": ["winter-warmers", "gravy-sauce-mix"],
    "locations": {
      "vic": {
        "price": 2,
        "promoText": "Was $2.55 on May 2017 ",
        "packageSize": "165g",
        "packagePrice": "$0.12 per 10G"
      }
    }
  },
  {
    "id": "gravox-roast-meat-supreme-gravy-mix",
    "brand": "Gravox",
    "name": "Roast Meat Supreme Gravy Mix",
    "imageUrl": "https://shop.coles.com.au/wcsstore/Coles-CAS/images/5/3/8/5387316-th.jpg",
    "categories": ["winter"],
    "tags": ["winter-warmers", "gravy-sauce-mix"],
    "locations": {
      "vic": {
        "price": 1,
        "promoText": " ",
        "packageSize": "29g",
        "packagePrice": "$0.34 per 10G"
      }
    }
  },
  {
    "id": "gravox-lamb-rosemary-liquid-gravy-4445858p",
    "brand": "Gravox",
    "name": "Lamb & Rosemary Gravy",
    "imageUrl": "https://shop.coles.com.au/wcsstore/Coles-CAS/images/4/4/4/4445858-th.jpg",
    "categories": ["winter"],
    "tags": ["winter-warmers", "gravy-sauce-mix"],
    "locations": {
      "vic": {
        "price": 2,
        "promoText": "Was $2.55 on May 2017 ",
        "packageSize": "165g",
        "packagePrice": "$0.12 per 10G"
      }
    }
  },
  {
    "id": "gravox-saucery-cheese-sauce-mix",
    "brand": "Gravox",
    "name": "Saucery Cheese Sauce Mix",
    "imageUrl": "https://shop.coles.com.au/wcsstore/Coles-CAS/images/5/0/8/5084030-th.jpg",
    "categories": ["winter"],
    "tags": ["winter-warmers", "gravy-sauce-mix"],
    "locations": {
      "vic": {
        "price": 1,
        "promoText": " ",
        "packageSize": "29g",
        "packagePrice": "$0.34 per 10G"
      }
    }
  },
  {
    "id": "gravox-gravy-instant-salt-reduced-traditional",
    "brand": "Gravox",
    "name": "Instant Salt Reduced Traditional Gravy Mix",
    "imageUrl": "https://shop.coles.com.au/wcsstore/Coles-CAS/images/1/4/1/1418189-th.jpg",
    "categories": ["winter"],
    "tags": ["winter-warmers", "gravy-sauce-mix"],
    "locations": {
      "vic": {
        "price": 3.3,
        "promoText": "Any 2 $5",
        "packageSize": "120g",
        "packagePrice": "$2.75 per 100G"
      }
    }
  },
  {
    "id": "greens-gravy-granules-for-roast-meat",
    "brand": "Green's",
    "name": "Gravy Granules for Roast Meat",
    "imageUrl": "https://shop.coles.com.au/wcsstore/Coles-CAS/images/7/3/0/7302777-th.jpg",
    "categories": ["winter"],
    "tags": ["winter-warmers", "gravy-sauce-mix"],
    "locations": {
      "vic": {
        "price": 3.8,
        "promoText": " ",
        "packageSize": "120g",
        "packagePrice": "$0.32 per 10G"
      }
    }
  },
  {
    "id": "masterfoods-finishing-sauce-hollandaise",
    "brand": "MasterFoods",
    "name": "Hollandaise Finishing Sauce",
    "imageUrl": "https://shop.coles.com.au/wcsstore/Coles-CAS/images/4/6/9/4697216-th.jpg",
    "categories": ["winter"],
    "tags": ["winter-warmers", "gravy-sauce-mix"],
    "locations": {
      "vic": {
        "price": 2,
        "promoText": "Was $2.65 on May 2019 ",
        "packageSize": "160g",
        "packagePrice": "$0.13 per 10G"
      }
    }
  },
  {
    "id": "coles-gravy-mix-traditional",
    "brand": "Coles",
    "name": "Traditional Gravy Mix",
    "imageUrl": "https://shop.coles.com.au/wcsstore/Coles-CAS/images/7/1/6/7169713-th.jpg",
    "categories": ["winter"],
    "tags": ["winter-warmers", "gravy-sauce-mix"],
    "locations": {
      "vic": {
        "price": 2.9,
        "promoText": " ",
        "packageSize": "425g",
        "packagePrice": "$0.07 per 10G"
      }
    }
  },
  {
    "id": "coles-gravy-mix-chicken",
    "brand": "Coles",
    "name": "Chicken Gravy Mix",
    "imageUrl": "https://shop.coles.com.au/wcsstore/Coles-CAS/images/7/7/5/7755160-th.jpg",
    "categories": ["winter"],
    "tags": ["winter-warmers", "gravy-sauce-mix"],
    "locations": {
      "vic": {
        "price": 1.75,
        "promoText": " ",
        "packageSize": "120g",
        "packagePrice": "$0.15 per 10G"
      }
    }
  },
  {
    "id": "coles-brand-gravy-mix-roast-meat",
    "brand": "Coles",
    "name": "Instant Roast Meat Gravy Mix",
    "imageUrl": "https://shop.coles.com.au/wcsstore/Coles-CAS/images/7/7/5/7755170-th.jpg",
    "categories": ["winter"],
    "tags": ["winter-warmers", "gravy-sauce-mix"],
    "locations": {
      "vic": {
        "price": 1.75,
        "promoText": " ",
        "packageSize": "120g",
        "packagePrice": "$0.15 per 10G"
      }
    }
  },
  {
    "id": "coles-premium-red-wine-jus-gravy",
    "brand": "Coles",
    "name": "Premium Red Wine Jus",
    "imageUrl": "https://shop.coles.com.au/wcsstore/Coles-CAS/images/3/7/2/3729394-th.jpg",
    "categories": ["winter"],
    "tags": ["winter-warmers", "gravy-sauce-mix"],
    "locations": {
      "vic": {
        "price": 4,
        "promoText": " ",
        "packageSize": "200mL",
        "packagePrice": "$2.00 per 100mL"
      }
    }
  },
  {
    "id": "coles-premium-chip-gravy",
    "brand": "Coles",
    "name": "Premium Chip Gravy",
    "imageUrl": "https://shop.coles.com.au/wcsstore/Coles-CAS/images/3/7/2/3728857-th.jpg",
    "categories": ["winter"],
    "tags": ["winter-warmers", "gravy-sauce-mix"],
    "locations": {
      "vic": {
        "price": 4,
        "promoText": " ",
        "packageSize": "200mL",
        "packagePrice": "$2.00 per 100mL"
      }
    }
  },
  {
    "id": "coles-premium-mushrom-gravy",
    "brand": "Coles",
    "name": "Premium Mushroom Sauce",
    "imageUrl": "https://shop.coles.com.au/wcsstore/Coles-CAS/images/3/7/2/3729408-th.jpg",
    "categories": ["winter"],
    "tags": ["winter-warmers", "gravy-sauce-mix"],
    "locations": {
      "vic": {
        "price": 4,
        "promoText": " ",
        "packageSize": "200mL",
        "packagePrice": "$2.00 per 100mL"
      }
    }
  },
  {
    "id": "coles-premium-roast-gravy",
    "brand": "Coles",
    "name": "Premium Roast Gravy",
    "imageUrl": "https://shop.coles.com.au/wcsstore/Coles-CAS/images/3/7/2/3729383-th.jpg",
    "categories": ["winter"],
    "tags": ["winter-warmers", "gravy-sauce-mix"],
    "locations": {
      "vic": {
        "price": 4,
        "promoText": " ",
        "packageSize": "200mL",
        "packagePrice": "$2.00 per 100mL"
      }
    }
  },
  {
    "id": "gravox-liquid-gravy-brown-onion",
    "brand": "Gravox",
    "name": "Brown Onion Liquid Gravy",
    "imageUrl": "https://shop.coles.com.au/wcsstore/Coles-CAS/images/7/5/3/7534579-th.jpg",
    "categories": ["winter"],
    "tags": ["winter-warmers", "gravy-sauce-mix"],
    "locations": {
      "vic": {
        "price": 3,
        "promoText": " ",
        "packageSize": "250g",
        "packagePrice": "$1.20 per 100G"
      }
    }
  },
  {
    "id": "gravox-lamb-rosemary-liquid-gravy",
    "brand": "Gravox",
    "name": "Lamb & Rosemary Liquid Gravy",
    "imageUrl": "https://shop.coles.com.au/wcsstore/Coles-CAS/images/6/8/4/6842859-th.jpg",
    "categories": ["winter"],
    "tags": ["winter-warmers", "gravy-sauce-mix"],
    "locations": {
      "vic": {
        "price": 3,
        "promoText": " ",
        "packageSize": "250g",
        "packagePrice": "$1.20 per 100G"
      }
    }
  },
  {
    "id": "gravox-chicken-herb-liquid-gravy",
    "brand": "Gravox",
    "name": "Roast Chicken With Herbs Gravy",
    "imageUrl": "https://shop.coles.com.au/wcsstore/Coles-CAS/images/5/6/0/5600253-th.jpg",
    "categories": ["winter"],
    "tags": ["winter-warmers", "gravy-sauce-mix"],
    "locations": {
      "vic": {
        "price": 2,
        "promoText": "Was $2.55 on May 2017 ",
        "packageSize": "165g",
        "packagePrice": "$1.21 per 100G"
      }
    }
  },
  {
    "id": "gravox-gourmet-gravy-peppercorn-with-cream",
    "brand": "Gravox",
    "name": "Gourmet Peppercorn with Cream Gravy",
    "imageUrl": "https://shop.coles.com.au/wcsstore/Coles-CAS/images/6/2/7/6273390-th.jpg",
    "categories": ["winter"],
    "tags": ["winter-warmers", "gravy-sauce-mix"],
    "locations": {
      "vic": {
        "price": 2,
        "promoText": "Was $2.55 on May 2017 ",
        "packageSize": "165g",
        "packagePrice": "$0.12 per 10G"
      }
    }
  },
  {
    "id": "gravox-roast-meat-with-red-wine-garlic-gravy",
    "brand": "Gravox",
    "name": "Roast Meat with Red Wine & Garlic Gravy",
    "imageUrl": "https://shop.coles.com.au/wcsstore/Coles-CAS/images/4/4/4/4445869-th.jpg",
    "categories": ["winter"],
    "tags": ["winter-warmers", "gravy-sauce-mix"],
    "locations": {
      "vic": {
        "price": 2,
        "promoText": "Was $2.55 on May 2017 ",
        "packageSize": "165g",
        "packagePrice": "$0.12 per 10G"
      }
    }
  },
  {
    "id": "gravox-saucery-pepper-sauce-mix",
    "brand": "Gravox",
    "name": "Saucery Pepper Sauce Mix",
    "imageUrl": "https://shop.coles.com.au/wcsstore/Coles-CAS/images/5/0/8/5084020-th.jpg",
    "categories": ["winter"],
    "tags": ["winter-warmers", "gravy-sauce-mix"],
    "locations": {
      "vic": {
        "price": 1,
        "promoText": " ",
        "packageSize": "29g",
        "packagePrice": "$0.34 per 10G"
      }
    }
  },
  {
    "id": "gravox-liquid-diane-sauce",
    "brand": "Gravox",
    "name": "Diane Finishing Sauce",
    "imageUrl": "https://shop.coles.com.au/wcsstore/Coles-CAS/images/4/9/9/4999816-th.jpg",
    "categories": ["winter"],
    "tags": ["winter-warmers", "gravy-sauce-mix"],
    "locations": {
      "vic": {
        "price": 2,
        "promoText": "Was $2.55 on May 2017 ",
        "packageSize": "165g",
        "packagePrice": "$1.21 per 100G"
      }
    }
  },
  {
    "id": "gravox-gravy-mix-supreme",
    "brand": "Gravox",
    "name": "Supreme Gravy Mix",
    "imageUrl": "https://shop.coles.com.au/wcsstore/Coles-CAS/images/1/2/1/121173-th.jpg",
    "categories": ["winter"],
    "tags": ["winter-warmers", "gravy-sauce-mix"],
    "locations": {
      "vic": {
        "price": 4,
        "promoText": "$0.50 ",
        "packageSize": "425g",
        "packagePrice": "$0.09 per 10G"
      }
    }
  },
  {
    "id": "gravox-gravy-mix-traditional-1011997p",
    "brand": "Gravox",
    "name": "Traditional Gravy Mix",
    "imageUrl": "https://shop.coles.com.au/wcsstore/Coles-CAS/images/1/0/1/1011997-th.jpg",
    "categories": ["winter"],
    "tags": ["winter-warmers", "gravy-sauce-mix"],
    "locations": {
      "vic": {
        "price": 1,
        "promoText": " ",
        "packageSize": "29g",
        "packagePrice": "$0.34 per 10G"
      }
    }
  },
  {
    "id": "gravox-mushroom-garlic-liquid-sauce",
    "brand": "Gravox",
    "name": "Mushroom Garlic Liquid Sauce",
    "imageUrl": "https://shop.coles.com.au/wcsstore/Coles-CAS/images/5/6/0/5600344-th.jpg",
    "categories": ["winter"],
    "tags": ["winter-warmers", "gravy-sauce-mix"],
    "locations": {
      "vic": {
        "price": 2,
        "promoText": "Was $2.55 on May 2017 ",
        "packageSize": "165g",
        "packagePrice": "$1.21 per 100G"
      }
    }
  },
  {
    "id": "gravox-carvery-super-chicken-gravy-mix",
    "brand": "Gravox",
    "name": "Supreme Chicken Gravy Mix",
    "imageUrl": "https://shop.coles.com.au/wcsstore/Coles-CAS/images/5/3/8/5387327-th.jpg",
    "categories": ["winter"],
    "tags": ["winter-warmers", "gravy-sauce-mix"],
    "locations": {
      "vic": {
        "price": 1,
        "promoText": " ",
        "packageSize": "29g",
        "packagePrice": "$3.45 per 100G"
      }
    }
  },
  {
    "id": "gravox-roast-pork-liquid-gravy",
    "brand": "Gravox",
    "name": "Roast Pork Gravy",
    "imageUrl": "https://shop.coles.com.au/wcsstore/Coles-CAS/images/3/4/3/3433503-th.jpg",
    "categories": ["winter"],
    "tags": ["winter-warmers", "gravy-sauce-mix"],
    "locations": {
      "vic": {
        "price": 3,
        "promoText": " ",
        "packageSize": "250g",
        "packagePrice": "$1.20 per 100G"
      }
    }
  },
  {
    "id": "gravox-best-beef-gravy",
    "brand": "Gravox",
    "name": "Beef Gravy",
    "imageUrl": "https://shop.coles.com.au/wcsstore/Coles-CAS/images/3/4/3/3433365-th.jpg",
    "categories": ["winter"],
    "tags": ["winter-warmers", "gravy-sauce-mix"],
    "locations": {
      "vic": {
        "price": 5.8,
        "promoText": " ",
        "packageSize": "200g",
        "packagePrice": "$2.90 per 100G"
      }
    }
  },
  {
    "id": "masterfoods-finishing-sauce-mushroom-white-wine",
    "brand": "MasterFoods",
    "name": "Mushroom & White Wine Finishing Sauce",
    "imageUrl": "https://shop.coles.com.au/wcsstore/Coles-CAS/images/9/7/4/9745134-th.jpg",
    "categories": ["winter"],
    "tags": ["winter-warmers", "gravy-sauce-mix"],
    "locations": {
      "vic": {
        "price": 2,
        "promoText": "Was $2.65 on May 2019 ",
        "packageSize": "165g",
        "packagePrice": "$0.12 per 10G"
      }
    }
  },
  {
    "id": "continental-cup-a-soup-laksa",
    "brand": "Continental",
    "name": "Cup A Soup Asian Laksa 2 pack",
    "imageUrl": "https://shop.coles.com.au/wcsstore/Coles-CAS/images/8/8/8/8887042-th.jpg",
    "categories": ["winter"],
    "tags": ["soups-and-stock", "2-serve-soup"],
    "locations": {
      "vic": {
        "price": 2,
        "promoText": " ",
        "packageSize": "65g",
        "packagePrice": "$3.08 per 100G"
      }
    }
  },
  {
    "id": "continental-cup-a-soup-hearty-italian-minestrone",
    "brand": "Continental",
    "name": "Cup A Soup Italian Minestrone 2 pack",
    "imageUrl": "https://shop.coles.com.au/wcsstore/Coles-CAS/images/5/3/4/5342920-th.jpg",
    "categories": ["winter"],
    "tags": ["soups-and-stock", "2-serve-soup"],
    "locations": {
      "vic": {
        "price": 2,
        "promoText": " ",
        "packageSize": "75g",
        "packagePrice": "$2.67 per 100G"
      }
    }
  },
  {
    "id": "continental-cup-a-soup-chicken-corn-with-croutons",
    "brand": "Continental",
    "name": "Cup A Soup Creamy Chicken & Corn with Croutons 2 pack",
    "imageUrl": "https://shop.coles.com.au/wcsstore/Coles-CAS/images/9/1/5/9151559-th.jpg",
    "categories": ["winter"],
    "tags": ["soups-and-stock", "2-serve-soup"],
    "locations": {
      "vic": {
        "price": 2,
        "promoText": " ",
        "packageSize": "60g",
        "packagePrice": "$3.33 per 100G"
      }
    }
  },
  {
    "id": "continental-cup-a-soup-lots-a-noodles-chicken-corn",
    "brand": "Continental",
    "name": "Cup A Soup Chinese Chicken & Corn with Lots of Noodles 2 pack",
    "imageUrl": "https://shop.coles.com.au/wcsstore/Coles-CAS/images/7/9/7/7978200-th.jpg",
    "categories": ["winter"],
    "tags": ["soups-and-stock", "2-serve-soup"],
    "locations": {
      "vic": {
        "price": 2,
        "promoText": " ",
        "packageSize": "66g",
        "packagePrice": "$3.03 per 100G"
      }
    }
  },
  {
    "id": "continental-cup-a-soup-lots-a-noodles-cream-of-chicken",
    "brand": "Continental",
    "name": "Cup A Soup Creamy Chicken with Lots of Noodles 2 pack",
    "imageUrl": "https://shop.coles.com.au/wcsstore/Coles-CAS/images/2/5/5/255646-th.jpg",
    "categories": ["winter"],
    "tags": ["soups-and-stock", "2-serve-soup"],
    "locations": {
      "vic": {
        "price": 2,
        "promoText": " ",
        "packageSize": "60g",
        "packagePrice": "$3.33 per 100G"
      }
    }
  },
  {
    "id": "continental-cup-a-soup-lots-a-noodles-chicken",
    "brand": "Continental",
    "name": "Cup A Soup Chicken with Lots of Noodles 2 pack",
    "imageUrl": "https://shop.coles.com.au/wcsstore/Coles-CAS/images/3/5/6/356472-th.jpg",
    "categories": ["winter"],
    "tags": ["soups-and-stock", "2-serve-soup"],
    "locations": {
      "vic": {
        "price": 2,
        "promoText": " ",
        "packageSize": "60g",
        "packagePrice": "$3.33 per 100G"
      }
    }
  },
  {
    "id": "continental-cup-a-soup-hearty-roast-chicken",
    "brand": "Continental",
    "name": "Cup A Soup Roast Chicken 2 pack",
    "imageUrl": "https://shop.coles.com.au/wcsstore/Coles-CAS/images/2/9/0/290465-th.jpg",
    "categories": ["winter"],
    "tags": ["soups-and-stock", "2-serve-soup"],
    "locations": {
      "vic": {
        "price": 2,
        "promoText": " ",
        "packageSize": "75g",
        "packagePrice": "$2.67 per 100G"
      }
    }
  },
  {
    "id": "continental-cup-a-soup-creamy-chicken-with-croutons",
    "brand": "Continental",
    "name": "Cup A Soup Creamy Chicken with Croutons 2 pack",
    "imageUrl": "https://shop.coles.com.au/wcsstore/Coles-CAS/images/9/1/5/9151344-th.jpg",
    "categories": ["winter"],
    "tags": ["soups-and-stock", "2-serve-soup"],
    "locations": {
      "vic": {
        "price": 2,
        "promoText": " ",
        "packageSize": "60g",
        "packagePrice": "$3.33 per 100G"
      }
    }
  },
  {
    "id": "continental-cup-a-soup-creamy-pumpkin-with-croutons",
    "brand": "Continental",
    "name": "Cup A Soup Creamy Pumpkin with Croutons 2 pack",
    "imageUrl": "https://shop.coles.com.au/wcsstore/Coles-CAS/images/9/1/5/9151537-th.jpg",
    "categories": ["winter"],
    "tags": ["soups-and-stock", "2-serve-soup"],
    "locations": {
      "vic": {
        "price": 2,
        "promoText": " ",
        "packageSize": "55g",
        "packagePrice": "$3.64 per 100G"
      }
    }
  },
  {
    "id": "continental-homestyle-pumpkin-cup-a-soup-2-pack",
    "brand": "Continental",
    "name": "Cup A Soup Homestyle Pumpkin 2 Pack",
    "imageUrl": "https://shop.coles.com.au/wcsstore/Coles-CAS/images/2/6/6/2667655-th.jpg",
    "categories": ["winter"],
    "tags": ["soups-and-stock", "2-serve-soup"],
    "locations": {
      "vic": {
        "price": 2,
        "promoText": " ",
        "packageSize": "61g",
        "packagePrice": "$3.28 per 100G"
      }
    }
  },
  {
    "id": "continental-homestyle-chicken-noodle-cup-a-soup-2-pack",
    "brand": "Continental",
    "name": "Cup A Soup Homestyle Chicken Noodle 2 pack",
    "imageUrl": "https://shop.coles.com.au/wcsstore/Coles-CAS/images/2/6/6/2667633-th.jpg",
    "categories": ["winter"],
    "tags": ["soups-and-stock", "2-serve-soup"],
    "locations": {
      "vic": {
        "price": 2,
        "promoText": " ",
        "packageSize": "40g",
        "packagePrice": "$5.00 per 100G"
      }
    }
  },
  {
    "id": "continental-pepper-steak-mushroom-cup-a-soup-2-pack",
    "brand": "Continental",
    "name": "Cup A Soup Pepper Steak & Mushroom with Croutons 2 pack",
    "imageUrl": "https://shop.coles.com.au/wcsstore/Coles-CAS/images/2/2/8/2286516-th.jpg",
    "categories": ["winter"],
    "tags": ["soups-and-stock", "2-serve-soup"],
    "locations": {
      "vic": {
        "price": 2,
        "promoText": " ",
        "packageSize": "52g",
        "packagePrice": "$3.85 per 100G"
      }
    }
  },
  {
    "id": "continental-cup-a-soup-asian-red-thai-curry",
    "brand": "Continental",
    "name": "Cup A Soup Thai Red Curry 2 pack",
    "imageUrl": "https://shop.coles.com.au/wcsstore/Coles-CAS/images/9/1/9/9194846-th.jpg",
    "categories": ["winter"],
    "tags": ["soups-and-stock", "2-serve-soup"],
    "locations": {
      "vic": {
        "price": 2,
        "promoText": " ",
        "packageSize": "60g",
        "packagePrice": "$3.33 per 100G"
      }
    }
  },
  {
    "id": "continental-cup-a-soup-creamy-potato-bacon-with-croutons",
    "brand": "Continental",
    "name": "Cup A Soup Creamy Potato & Bacon With Croutons 2 Pack",
    "imageUrl": "https://shop.coles.com.au/wcsstore/Coles-CAS/images/9/1/5/9151606-th.jpg",
    "categories": ["winter"],
    "tags": ["soups-and-stock", "2-serve-soup"],
    "locations": {
      "vic": {
        "price": 2,
        "promoText": " ",
        "packageSize": "50g",
        "packagePrice": "$4.00 per 100G"
      }
    }
  },
  {
    "id": "continental-sensations-2s-soup-vne-tom-ricotta",
    "brand": "Continental Sensation",
    "name": "Vine Ripened Tomato & Ricotta Soup",
    "imageUrl": "https://shop.coles.com.au/wcsstore/Coles-CAS/images/3/7/1/3716188-th.jpg",
    "categories": ["winter"],
    "tags": ["soups-and-stock", "2-serve-soup"],
    "locations": {
      "vic": {
        "price": 2,
        "promoText": "$0.50 ",
        "packageSize": "54g",
        "packagePrice": "$3.70 per 100G"
      }
    }
  },
  {
    "id": "continental-homestyle-chicken-cup-a-soup-2-pack",
    "brand": "Continental",
    "name": "Cup A Soup Homestyle Chicken 2 pack",
    "imageUrl": "https://shop.coles.com.au/wcsstore/Coles-CAS/images/2/6/6/2667622-th.jpg",
    "categories": ["winter"],
    "tags": ["soups-and-stock", "2-serve-soup"],
    "locations": {
      "vic": {
        "price": 2,
        "promoText": " ",
        "packageSize": "46g",
        "packagePrice": "$4.35 per 100G"
      }
    }
  },
  {
    "id": "continental-cup-a-soup-soup-hearty-dutch-curry",
    "brand": "Continental",
    "name": "Cup A Soup Dutch Curry with Rice 2 pack",
    "imageUrl": "https://shop.coles.com.au/wcsstore/Coles-CAS/images/5/7/0/5706050-th.jpg",
    "categories": ["winter"],
    "tags": ["soups-and-stock", "2-serve-soup"],
    "locations": {
      "vic": {
        "price": 2,
        "promoText": " ",
        "packageSize": "55g",
        "packagePrice": "$3.64 per 100G"
      }
    }
  },
  {
    "id": "continental-sensations-2s-soup-chesy-broc-potato",
    "brand": "Continental Sensation",
    "name": "Cheesy Broccoli & Potato Soup",
    "imageUrl": "https://shop.coles.com.au/wcsstore/Coles-CAS/images/3/7/1/3716224-th.jpg",
    "categories": ["winter"],
    "tags": ["soups-and-stock", "2-serve-soup"],
    "locations": {
      "vic": {
        "price": 2,
        "promoText": "$0.50 ",
        "packageSize": "56g",
        "packagePrice": "$3.57 per 100G"
      }
    }
  },
  {
    "id": "continental-sensations-2s-soup-crmy-roast-chkn-oni",
    "brand": "Continental Sensation",
    "name": "Creamy Roast Chicken Spring Onion Soup",
    "imageUrl": "https://shop.coles.com.au/wcsstore/Coles-CAS/images/3/7/1/3716202-th.jpg",
    "categories": ["winter"],
    "tags": ["soups-and-stock", "2-serve-soup"],
    "locations": {
      "vic": {
        "price": 2,
        "promoText": "$0.50 ",
        "packageSize": "61g",
        "packagePrice": "$3.28 per 100G"
      }
    }
  },
  {
    "id": "continental-sensations-2s-soup-gdn-cauli-4-chese",
    "brand": "Continental Sensation",
    "name": "Garden Cauliflower & 4 Cheese Soup",
    "imageUrl": "https://shop.coles.com.au/wcsstore/Coles-CAS/images/3/7/1/3716199-th.jpg",
    "categories": ["winter"],
    "tags": ["soups-and-stock", "2-serve-soup"],
    "locations": {
      "vic": {
        "price": 2,
        "promoText": "$0.50 ",
        "packageSize": "62g",
        "packagePrice": "$3.23 per 100G"
      }
    }
  },
  {
    "id": "continental-sensations-2s-soup-har-pumpkin-sour-cfm",
    "brand": "Continental Sensation",
    "name": "Harvest Pumpkin & Sour Cream Soup",
    "imageUrl": "https://shop.coles.com.au/wcsstore/Coles-CAS/images/3/7/1/3716213-th.jpg",
    "categories": ["winter"],
    "tags": ["soups-and-stock", "2-serve-soup"],
    "locations": {
      "vic": {
        "price": 2,
        "promoText": "$0.50 ",
        "packageSize": "70g",
        "packagePrice": "$2.86 per 100G"
      }
    }
  },
  {
    "id": "coles-2-serve-soup-tom-yum-with-nodles",
    "brand": "Coles",
    "name": "Tom Yum With Noodles Soup",
    "imageUrl": "https://shop.coles.com.au/wcsstore/Coles-CAS/images/3/7/1/3715094-th.jpg",
    "categories": ["winter"],
    "tags": ["soups-and-stock", "2-serve-soup"],
    "locations": {
      "vic": {
        "price": 1,
        "promoText": " ",
        "packageSize": "60g",
        "packagePrice": "$1.67 per 100G"
      }
    }
  },
  {
    "id": "coles-2-serve-soup-miso-w-nodles",
    "brand": "Coles",
    "name": "Miso With Noodles Soup",
    "imageUrl": "https://shop.coles.com.au/wcsstore/Coles-CAS/images/3/7/1/3715061-th.jpg",
    "categories": ["winter"],
    "tags": ["soups-and-stock", "2-serve-soup"],
    "locations": {
      "vic": {
        "price": 1,
        "promoText": " ",
        "packageSize": "60g",
        "packagePrice": "$1.67 per 100G"
      }
    }
  },
  {
    "id": "coles-2-serve-soup-chicken-pho-w-nodles",
    "brand": "Coles",
    "name": "Chicken Pho W Noodles",
    "imageUrl": "https://shop.coles.com.au/wcsstore/Coles-CAS/images/3/7/1/3715083-th.jpg",
    "categories": ["winter"],
    "tags": ["soups-and-stock", "2-serve-soup"],
    "locations": {
      "vic": {
        "price": 1,
        "promoText": " ",
        "packageSize": "60g",
        "packagePrice": "$1.67 per 100G"
      }
    }
  },
  {
    "id": "coles-2-serve-soup-bef-w-nodles",
    "brand": "Coles",
    "name": "Beef With Noodles Soup",
    "imageUrl": "https://shop.coles.com.au/wcsstore/Coles-CAS/images/3/7/1/3714820-th.jpg",
    "categories": ["winter"],
    "tags": ["soups-and-stock", "2-serve-soup"],
    "locations": {
      "vic": {
        "price": 1,
        "promoText": " ",
        "packageSize": "60g",
        "packagePrice": "$1.67 per 100G"
      }
    }
  },
  {
    "id": "coles-2-serve-soup-creamy-chicken-w-croutons",
    "brand": "Coles",
    "name": "Creamy Chicken With Croutons Soup",
    "imageUrl": "https://shop.coles.com.au/wcsstore/Coles-CAS/images/3/7/1/3714648-th.jpg",
    "categories": ["winter"],
    "tags": ["soups-and-stock", "2-serve-soup"],
    "locations": {
      "vic": {
        "price": 1,
        "promoText": " ",
        "packageSize": "60g",
        "packagePrice": "$1.67 per 100G"
      }
    }
  },
  {
    "id": "continental-sensations-2s-soup-thai-pumpkin-coco",
    "brand": "Continental Sensation",
    "name": "Thai Pumpkin Coconut Soup",
    "imageUrl": "https://shop.coles.com.au/wcsstore/Coles-CAS/images/3/7/1/3716166-th.jpg",
    "categories": ["winter"],
    "tags": ["soups-and-stock", "2-serve-soup"],
    "locations": {
      "vic": {
        "price": 2,
        "promoText": "$0.50 ",
        "packageSize": "62g",
        "packagePrice": "$3.23 per 100G"
      }
    }
  },
  {
    "id": "coles-2-serve-soup-crm-mushroom-w-crout",
    "brand": "Coles",
    "name": "Creamy Mushroom With Croutons",
    "imageUrl": "https://shop.coles.com.au/wcsstore/Coles-CAS/images/2/8/9/2894544-th.jpg",
    "categories": ["winter"],
    "tags": ["soups-and-stock", "2-serve-soup"],
    "locations": {
      "vic": {
        "price": 1,
        "promoText": " ",
        "packageSize": "60g",
        "packagePrice": "$16.67 per 1Kg"
      }
    }
  },
  {
    "id": "coles-2-serve-soup-rst-chick-noodle",
    "brand": "Coles",
    "name": "Roast Chicken With Noodles",
    "imageUrl": "https://shop.coles.com.au/wcsstore/Coles-CAS/images/2/8/9/2894566-th.jpg",
    "categories": ["winter"],
    "tags": ["soups-and-stock", "2-serve-soup"],
    "locations": {
      "vic": {
        "price": 1,
        "promoText": " ",
        "packageSize": "75g",
        "packagePrice": "$13.34 per 1Kg"
      }
    }
  },
  {
    "id": "coles-2-serve-soup-cheesy-cauliflower",
    "brand": "Coles",
    "name": "Cheesy Cauliflower With Croutons Soup",
    "imageUrl": "https://shop.coles.com.au/wcsstore/Coles-CAS/images/3/4/6/3465383-th.jpg",
    "categories": ["winter"],
    "tags": ["soups-and-stock", "2-serve-soup"],
    "locations": {
      "vic": {
        "price": 1,
        "promoText": " ",
        "packageSize": "60g",
        "packagePrice": "$1.67 per 100G"
      }
    }
  },
  {
    "id": "coles-2-serve-soup-pea-ham-w-croutons",
    "brand": "Coles",
    "name": "Pea Ham With  Croutons Soup",
    "imageUrl": "https://shop.coles.com.au/wcsstore/Coles-CAS/images/3/7/1/3714998-th.jpg",
    "categories": ["winter"],
    "tags": ["soups-and-stock", "2-serve-soup"],
    "locations": {
      "vic": {
        "price": 1,
        "promoText": " ",
        "packageSize": "60g",
        "packagePrice": "$1.67 per 100G"
      }
    }
  },
  {
    "id": "continental-sensation-2s-soup-potato-pump-onion",
    "brand": "Continental Sensation",
    "name": "Sweet Potato Pumpkin & Caramelised Onion Soup",
    "imageUrl": "https://shop.coles.com.au/wcsstore/Coles-CAS/images/3/7/1/3716235-th.jpg",
    "categories": ["winter"],
    "tags": ["soups-and-stock", "2-serve-soup"],
    "locations": {
      "vic": {
        "price": 2,
        "promoText": "$0.50 ",
        "packageSize": "63g",
        "packagePrice": "$3.17 per 100G"
      }
    }
  },
  {
    "id": "continental-sensations-2s-soup-mushrom-bacon",
    "brand": "Continental Sensation",
    "name": "Mushroom Bacon Soup",
    "imageUrl": "https://shop.coles.com.au/wcsstore/Coles-CAS/images/3/7/1/3716155-th.jpg",
    "categories": ["winter"],
    "tags": ["soups-and-stock", "2-serve-soup"],
    "locations": {
      "vic": {
        "price": 2,
        "promoText": "$0.50 ",
        "packageSize": "48g",
        "packagePrice": "$4.17 per 100G"
      }
    }
  },
  {
    "id": "coles-2-serve-soup-asian-laksa",
    "brand": "Coles",
    "name": "Asian Laksa Soup",
    "imageUrl": "https://shop.coles.com.au/wcsstore/Coles-CAS/images/2/8/9/2894577-th.jpg",
    "categories": ["winter"],
    "tags": ["soups-and-stock", "2-serve-soup"],
    "locations": {
      "vic": {
        "price": 1,
        "promoText": " ",
        "packageSize": "65g",
        "packagePrice": "$15.38 per 1Kg"
      }
    }
  },
  {
    "id": "coles-2-serve-soup-chicken-corn-w-crout",
    "brand": "Coles",
    "name": "Chicken Corn With Croutons Soup",
    "imageUrl": "https://shop.coles.com.au/wcsstore/Coles-CAS/images/2/8/9/2894533-th.jpg",
    "categories": ["winter"],
    "tags": ["soups-and-stock", "2-serve-soup"],
    "locations": {
      "vic": {
        "price": 1,
        "promoText": " ",
        "packageSize": "60g",
        "packagePrice": "$16.67 per 1Kg"
      }
    }
  },
  {
    "id": "coles-2-serve-soup-chicken-mushroom",
    "brand": "Coles",
    "name": "Chicken & Mushroom With Croutons Soup",
    "imageUrl": "https://shop.coles.com.au/wcsstore/Coles-CAS/images/3/4/6/3465372-th.jpg",
    "categories": ["winter"],
    "tags": ["soups-and-stock", "2-serve-soup"],
    "locations": {
      "vic": {
        "price": 1,
        "promoText": " ",
        "packageSize": "60g",
        "packagePrice": "$1.67 per 100G"
      }
    }
  },
  {
    "id": "coles-2-serve-soup-creamy-lentil-w-chickpeas",
    "brand": "Coles",
    "name": "Creamy Lentil With Chickpeas Soup",
    "imageUrl": "https://shop.coles.com.au/wcsstore/Coles-CAS/images/3/7/1/3715072-th.jpg",
    "categories": ["winter"],
    "tags": ["soups-and-stock", "2-serve-soup"],
    "locations": {
      "vic": {
        "price": 1,
        "promoText": " ",
        "packageSize": "60g",
        "packagePrice": "$1.67 per 100G"
      }
    }
  },
  {
    "id": "coles-2-serve-soup-dutch-curry-nodles",
    "brand": "Coles",
    "name": "Dutch Curry Noodles",
    "imageUrl": "https://shop.coles.com.au/wcsstore/Coles-CAS/images/3/7/1/3715028-th.jpg",
    "categories": ["winter"],
    "tags": ["soups-and-stock", "2-serve-soup"],
    "locations": {
      "vic": {
        "price": 1,
        "promoText": " ",
        "packageSize": "60g",
        "packagePrice": "$1.67 per 100G"
      }
    }
  },
  {
    "id": "coles-2-serve-soup-creamy-veg-w-croutons",
    "brand": "Coles",
    "name": "Creamy Veg With Croutons Soup",
    "imageUrl": "https://shop.coles.com.au/wcsstore/Coles-CAS/images/3/7/1/3715006-th.jpg",
    "categories": ["winter"],
    "tags": ["soups-and-stock", "2-serve-soup"],
    "locations": {
      "vic": {
        "price": 1,
        "promoText": " ",
        "packageSize": "60g",
        "packagePrice": "$1.67 per 100G"
      }
    }
  },
  {
    "id": "coles-2-serve-soup-potato-lek-w-croutons",
    "brand": "Coles",
    "name": "Potato & Leek With Croutons Soup",
    "imageUrl": "https://shop.coles.com.au/wcsstore/Coles-CAS/images/3/7/1/3715039-th.jpg",
    "categories": ["winter"],
    "tags": ["soups-and-stock", "2-serve-soup"],
    "locations": {
      "vic": {
        "price": 1,
        "promoText": " ",
        "packageSize": "60g",
        "packagePrice": "$1.67 per 100G"
      }
    }
  },
  {
    "id": "coles-2-serve-soup-swet-pot-w-croutons",
    "brand": "Coles",
    "name": "Sweet Potato With Croutons Soup",
    "imageUrl": "https://shop.coles.com.au/wcsstore/Coles-CAS/images/3/7/1/3715017-th.jpg",
    "categories": ["winter"],
    "tags": ["soups-and-stock", "2-serve-soup"],
    "locations": {
      "vic": {
        "price": 1,
        "promoText": " ",
        "packageSize": "60g",
        "packagePrice": "$1.67 per 100G"
      }
    }
  },
  {
    "id": "heinz-condensed-big-red-tomato-soup",
    "brand": "Heinz",
    "name": "Big Red Tomato Soup Can",
    "imageUrl": "https://shop.coles.com.au/wcsstore/Coles-CAS/images/1/2/8/128503-th.jpg",
    "categories": ["winter"],
    "tags": ["soups-and-stock", "canned-soups"],
    "locations": {
      "vic": {
        "price": 2.2,
        "promoText": "Any 2 $3",
        "packageSize": "420g",
        "packagePrice": "$0.52 per 100G"
      }
    }
  },
  {
    "id": "campbells-condensed-soup-cream-of-mushroom",
    "brand": "Campbell's",
    "name": "Cream of Mushroom Condensed Soup Can",
    "imageUrl": "https://shop.coles.com.au/wcsstore/Coles-CAS/images/1/2/8/128966-th.jpg",
    "categories": ["winter"],
    "tags": ["soups-and-stock", "canned-soups"],
    "locations": {
      "vic": {
        "price": 1,
        "promoText": "$0.80 ",
        "packageSize": "420g",
        "packagePrice": "$0.24 per 100G"
      }
    }
  },
  {
    "id": "campbells-chunky-soup-beef",
    "brand": "Campbell's",
    "name": "Chunky Beef Soup Can",
    "imageUrl": "https://shop.coles.com.au/wcsstore/Coles-CAS/images/4/9/1/4915339-th.jpg",
    "categories": ["winter"],
    "tags": ["soups-and-stock", "canned-soups"],
    "locations": {
      "vic": {
        "price": 1.75,
        "promoText": "$1.75 ",
        "packageSize": "505g",
        "packagePrice": "$0.35 per 100G"
      }
    }
  },
  {
    "id": "campbells-chunky-soup-peppered-steak-potato",
    "brand": "Campbell's",
    "name": "Chunky Peppered Steak & Potato Beef Soup",
    "imageUrl": "https://shop.coles.com.au/wcsstore/Coles-CAS/images/3/4/1/3414270-th.jpg",
    "categories": ["winter"],
    "tags": ["soups-and-stock", "canned-soups"],
    "locations": {
      "vic": {
        "price": 1.75,
        "promoText": "$1.75 ",
        "packageSize": "505g",
        "packagePrice": "$0.35 per 100G"
      }
    }
  },
  {
    "id": "campbells-country-ladle-soup-creamy-chicken",
    "brand": "Campbell's",
    "name": "Country Ladle Creamy Chicken Soup Can",
    "imageUrl": "https://shop.coles.com.au/wcsstore/Coles-CAS/images/9/6/8/9680312-th.jpg",
    "categories": ["winter"],
    "tags": ["soups-and-stock", "canned-soups"],
    "locations": {
      "vic": {
        "price": 1.75,
        "promoText": "$1.75 ",
        "packageSize": "500g",
        "packagePrice": "$0.35 per 100G"
      }
    }
  },
  {
    "id": "heinz-classic-soup-italian-minestrone",
    "brand": "Heinz",
    "name": "Classic Italian Minestrone Soup Can",
    "imageUrl": "https://shop.coles.com.au/wcsstore/Coles-CAS/images/8/4/1/8416239-th.jpg",
    "categories": ["winter"],
    "tags": ["soups-and-stock", "canned-soups"],
    "locations": {
      "vic": {
        "price": 2.5,
        "promoText": "Was $3.49 on Jul 2017 ",
        "packageSize": "535g",
        "packagePrice": "$0.47 per 100G"
      }
    }
  },
  {
    "id": "campbells-country-ladle-soup-butternut-pumpkin",
    "brand": "Campbell's",
    "name": "Country Ladle Butternut Pumpkin Soup Can",
    "imageUrl": "https://shop.coles.com.au/wcsstore/Coles-CAS/images/7/1/6/7165858-th.jpg",
    "categories": ["winter"],
    "tags": ["soups-and-stock", "canned-soups"],
    "locations": {
      "vic": {
        "price": 1.75,
        "promoText": "$1.75 ",
        "packageSize": "505g",
        "packagePrice": "$0.35 per 100G"
      }
    }
  },
  {
    "id": "campbells-country-ladle-soup-farmhouse-vegetable",
    "brand": "Campbell's",
    "name": "Country Ladle Farmhouse Vegetable Soup Can",
    "imageUrl": "https://shop.coles.com.au/wcsstore/Coles-CAS/images/7/1/6/7165971-th.jpg",
    "categories": ["winter"],
    "tags": ["soups-and-stock", "canned-soups"],
    "locations": {
      "vic": {
        "price": 1.75,
        "promoText": "$1.75 ",
        "packageSize": "495g",
        "packagePrice": "$0.35 per 100G"
      }
    }
  },
  {
    "id": "campbells-country-ladle-soup-traditional-minestrone",
    "brand": "Campbell's",
    "name": "Country Ladle Traditional Minestrone Soup Can",
    "imageUrl": "https://shop.coles.com.au/wcsstore/Coles-CAS/images/7/1/6/7166090-th.jpg",
    "categories": ["winter"],
    "tags": ["soups-and-stock", "canned-soups"],
    "locations": {
      "vic": {
        "price": 1.75,
        "promoText": "$1.75 ",
        "packageSize": "495g",
        "packagePrice": "$0.35 per 100G"
      }
    }
  },
  {
    "id": "campbells-country-ladle-soup-chicken-sweet-corn",
    "brand": "Campbell's",
    "name": "Country Ladle Chicken Sweet Corn Soup Can",
    "imageUrl": "https://shop.coles.com.au/wcsstore/Coles-CAS/images/4/8/8/4887131-th.jpg",
    "categories": ["winter"],
    "tags": ["soups-and-stock", "canned-soups"],
    "locations": {
      "vic": {
        "price": 1.75,
        "promoText": "$1.75 ",
        "packageSize": "505g",
        "packagePrice": "$0.35 per 100G"
      }
    }
  },
  {
    "id": "campbells-condensed-soup-tomato",
    "brand": "Campbell's",
    "name": "Tomato Soup Can",
    "imageUrl": "https://shop.coles.com.au/wcsstore/Coles-CAS/images/1/2/8/128911-th.jpg",
    "categories": ["winter"],
    "tags": ["soups-and-stock", "canned-soups"],
    "locations": {
      "vic": {
        "price": 1,
        "promoText": "$0.80 ",
        "packageSize": "420g",
        "packagePrice": "$0.24 per 100G"
      }
    }
  },
  {
    "id": "campbells-country-ladle-garden-vegetable-soup",
    "brand": "Campbell's",
    "name": "Country Ladle Garden Vegetable Soup Can",
    "imageUrl": "https://shop.coles.com.au/wcsstore/Coles-CAS/images/6/8/1/6815812-th.jpg",
    "categories": ["winter"],
    "tags": ["soups-and-stock", "canned-soups"],
    "locations": {
      "vic": {
        "price": 1.75,
        "promoText": "$1.75 ",
        "packageSize": "500g",
        "packagePrice": "$0.35 per 100G"
      }
    }
  },
  {
    "id": "heinz-classic-creamy-tomato-soup-can",
    "brand": "Heinz",
    "name": "Classic Creamy Tomato Soup Can",
    "imageUrl": "https://shop.coles.com.au/wcsstore/Coles-CAS/images/2/2/8/2288920-th.jpg",
    "categories": ["winter"],
    "tags": ["soups-and-stock", "canned-soups"],
    "locations": {
      "vic": {
        "price": 2.5,
        "promoText": "Was $3.49 on Jul 2017 ",
        "packageSize": "535g",
        "packagePrice": "$0.47 per 100G"
      }
    }
  },
  {
    "id": "campbells-country-ladle-soup-pumpkin-rich-creamy",
    "brand": "Campbell's",
    "name": "Country Ladle Rich & Creamy Pumpkin Soup Can",
    "imageUrl": "https://shop.coles.com.au/wcsstore/Coles-CAS/images/8/0/2/8027055-th.jpg",
    "categories": ["winter"],
    "tags": ["soups-and-stock", "canned-soups"],
    "locations": {
      "vic": {
        "price": 1.75,
        "promoText": "$1.75 ",
        "packageSize": "500g",
        "packagePrice": "$0.35 per 100G"
      }
    }
  },
  {
    "id": "rosella-condensed-soup-tomato",
    "brand": "Rosella",
    "name": "Tomato Condensed Soup Can",
    "imageUrl": "https://shop.coles.com.au/wcsstore/Coles-CAS/images/6/8/1/6811039-th.jpg",
    "categories": ["winter"],
    "tags": ["soups-and-stock", "canned-soups"],
    "locations": {
      "vic": {
        "price": 2.25,
        "promoText": " ",
        "packageSize": "500g",
        "packagePrice": "$0.45 per 100G"
      }
    }
  },
  {
    "id": "campbells-chunky-soup-potato-bacon",
    "brand": "Campbell's",
    "name": "Chunky Soup Potato Bacon",
    "imageUrl": "https://shop.coles.com.au/wcsstore/Coles-CAS/images/4/9/1/4915361-th.jpg",
    "categories": ["winter"],
    "tags": ["soups-and-stock", "canned-soups"],
    "locations": {
      "vic": {
        "price": 1.75,
        "promoText": "$1.75 ",
        "packageSize": "505g",
        "packagePrice": "$0.35 per 100G"
      }
    }
  },
  {
    "id": "campbells-condensed-soup-cream-of-chicken",
    "brand": "Campbell's",
    "name": "Cream of Chicken Condensed Soup Can",
    "imageUrl": "https://shop.coles.com.au/wcsstore/Coles-CAS/images/1/2/8/128999-th.jpg",
    "categories": ["winter"],
    "tags": ["soups-and-stock", "canned-soups"],
    "locations": {
      "vic": {
        "price": 1,
        "promoText": "$0.80 ",
        "packageSize": "420g",
        "packagePrice": "$0.24 per 100G"
      }
    }
  },
  {
    "id": "campbells-chunky-soup-beef-stroganoff",
    "brand": "Campbell's",
    "name": "Chunky Beef Stroganoff Soup",
    "imageUrl": "https://shop.coles.com.au/wcsstore/Coles-CAS/images/3/4/1/3414305-th.jpg",
    "categories": ["winter"],
    "tags": ["soups-and-stock", "canned-soups"],
    "locations": {
      "vic": {
        "price": 1.75,
        "promoText": "$1.75 ",
        "packageSize": "505g",
        "packagePrice": "$0.35 per 100G"
      }
    }
  },
  {
    "id": "heinz-classic-soup-creamy-pumpkin",
    "brand": "Heinz",
    "name": "Classic Creamy Pumpkin Soup Can",
    "imageUrl": "https://shop.coles.com.au/wcsstore/Coles-CAS/images/7/9/7/7977128-th.jpg",
    "categories": ["winter"],
    "tags": ["soups-and-stock", "canned-soups"],
    "locations": {
      "vic": {
        "price": 2.5,
        "promoText": "Was $3.49 on Jul 2017 ",
        "packageSize": "535g",
        "packagePrice": "$0.47 per 100G"
      }
    }
  },
  {
    "id": "campbells-chunky-soup-chicken-roast-vegetable",
    "brand": "Campbell's",
    "name": "Chunky Chicken Roast Vegetable Soup Can",
    "imageUrl": "https://shop.coles.com.au/wcsstore/Coles-CAS/images/4/9/1/4915350-th.jpg",
    "categories": ["winter"],
    "tags": ["soups-and-stock", "canned-soups"],
    "locations": {
      "vic": {
        "price": 1.75,
        "promoText": "$1.75 ",
        "packageSize": "505g",
        "packagePrice": "$0.35 per 100G"
      }
    }
  },
  {
    "id": "campbells-chunky-soup-hearty-irish-stew",
    "brand": "Campbell's",
    "name": "Chunky Soup Irish Stew Style",
    "imageUrl": "https://shop.coles.com.au/wcsstore/Coles-CAS/images/4/9/0/4905947-th.jpg",
    "categories": ["winter"],
    "tags": ["soups-and-stock", "canned-soups"],
    "locations": {
      "vic": {
        "price": 1.75,
        "promoText": "$1.75 ",
        "packageSize": "505g",
        "packagePrice": "$0.35 per 100G"
      }
    }
  },
  {
    "id": "campbells-chunky-soup-pea-ham",
    "brand": "Campbell's",
    "name": "Chunky Pea & Ham Soup Can",
    "imageUrl": "https://shop.coles.com.au/wcsstore/Coles-CAS/images/4/9/0/4905448-th.jpg",
    "categories": ["winter"],
    "tags": ["soups-and-stock", "canned-soups"],
    "locations": {
      "vic": {
        "price": 1.75,
        "promoText": "$1.75 ",
        "packageSize": "505g",
        "packagePrice": "$0.35 per 100G"
      }
    }
  },
  {
    "id": "campbells-condensed-soup-cream-of-asparagus",
    "brand": "Campbell's",
    "name": "Cream of Asparagus Condensed Soup Can",
    "imageUrl": "https://shop.coles.com.au/wcsstore/Coles-CAS/images/1/2/9/129062-th.jpg",
    "categories": ["winter"],
    "tags": ["soups-and-stock", "canned-soups"],
    "locations": {
      "vic": {
        "price": 1,
        "promoText": "$0.80 ",
        "packageSize": "420g",
        "packagePrice": "$0.24 per 100G"
      }
    }
  },
  {
    "id": "well-yes-hearty-lentil-vegetable-soup",
    "brand": "Well Yes",
    "name": "Hearty Lentil With Vegetable Soup",
    "imageUrl": "https://shop.coles.com.au/wcsstore/Coles-CAS/images/3/4/1/3414167-th.jpg",
    "categories": ["winter"],
    "tags": ["soups-and-stock", "canned-soups"],
    "locations": {
      "vic": {
        "price": 1.75,
        "promoText": "$1.75 ",
        "packageSize": "463g",
        "packagePrice": "$0.38 per 100G"
      }
    }
  },
  {
    "id": "campbells-country-ladle-soup-chicken-noodle",
    "brand": "Campbell's",
    "name": "Country Ladle Chicken Noodle Soup Can",
    "imageUrl": "https://shop.coles.com.au/wcsstore/Coles-CAS/images/8/0/2/8027044-th.jpg",
    "categories": ["winter"],
    "tags": ["soups-and-stock", "canned-soups"],
    "locations": {
      "vic": {
        "price": 1.75,
        "promoText": "$1.75 ",
        "packageSize": "500g",
        "packagePrice": "$0.35 per 100G"
      }
    }
  },
  {
    "id": "campbells-chunky-soup-stockpot",
    "brand": "Campbell's",
    "name": "Chunky Soup Stockpot",
    "imageUrl": "https://shop.coles.com.au/wcsstore/Coles-CAS/images/4/9/1/4915372-th.jpg",
    "categories": ["winter"],
    "tags": ["soups-and-stock", "canned-soups"],
    "locations": {
      "vic": {
        "price": 1.75,
        "promoText": "$1.75 ",
        "packageSize": "505g",
        "packagePrice": "$0.35 per 100G"
      }
    }
  },
  {
    "id": "well-yes-roasted-chicken-with-wild-rice-soup",
    "brand": "Well Yes",
    "name": "Roasted Chicken With Wild Rice Soup",
    "imageUrl": "https://shop.coles.com.au/wcsstore/Coles-CAS/images/3/4/1/3414156-th.jpg",
    "categories": ["winter"],
    "tags": ["soups-and-stock", "canned-soups"],
    "locations": {
      "vic": {
        "price": 1.75,
        "promoText": "$1.75 ",
        "packageSize": "463g",
        "packagePrice": "$0.38 per 100G"
      }
    }
  },
  {
    "id": "amys-kitchen-organic-tomato-soup-canned",
    "brand": "Amy's Kitchen",
    "name": "Organic Tomato Soup Canned",
    "imageUrl": "https://shop.coles.com.au/wcsstore/Coles-CAS/images/2/3/0/2303411-th.jpg",
    "categories": ["winter"],
    "tags": ["soups-and-stock", "canned-soups"],
    "locations": {
      "vic": {
        "price": 3.9,
        "promoText": " ",
        "packageSize": "411g",
        "packagePrice": "$0.95 per 100G"
      }
    }
  },
  {
    "id": "amys-kitchen-organic-lentil-vegetable-soup-canned",
    "brand": "Amy's Kitchen",
    "name": "Organic Lentil & Vegetable Soup Canned",
    "imageUrl": "https://shop.coles.com.au/wcsstore/Coles-CAS/images/2/3/0/2303400-th.jpg",
    "categories": ["winter"],
    "tags": ["soups-and-stock", "canned-soups"],
    "locations": {
      "vic": {
        "price": 3.9,
        "promoText": " ",
        "packageSize": "411g",
        "packagePrice": "$0.95 per 100G"
      }
    }
  },
  {
    "id": "campbells-condensed-soup-chicken-noodle",
    "brand": "Campbell's",
    "name": "Chicken Noodle Condensed Soup Can",
    "imageUrl": "https://shop.coles.com.au/wcsstore/Coles-CAS/images/5/8/7/5874929-th.jpg",
    "categories": ["winter"],
    "tags": ["soups-and-stock", "canned-soups"],
    "locations": {
      "vic": {
        "price": 1,
        "promoText": "$0.80 ",
        "packageSize": "400g",
        "packagePrice": "$0.25 per 100G"
      }
    }
  },
  {
    "id": "campbells-chunky-soup-chicken-korma",
    "brand": "Campbell's",
    "name": "Chunky Soup Chicken Korma",
    "imageUrl": "https://shop.coles.com.au/wcsstore/Coles-CAS/images/3/7/1/3714670-th.jpg",
    "categories": ["winter"],
    "tags": ["soups-and-stock", "canned-soups"],
    "locations": {
      "vic": {
        "price": 1.75,
        "promoText": "$1.75 ",
        "packageSize": "505g",
        "packagePrice": "$0.35 per 100G"
      }
    }
  },
  {
    "id": "heinz-condensed-soup-tomato",
    "brand": "Heinz",
    "name": "Big Red Tomato Soup Can",
    "imageUrl": "https://shop.coles.com.au/wcsstore/Coles-CAS/images/8/4/1/8416240-th.jpg",
    "categories": ["winter"],
    "tags": ["soups-and-stock", "canned-soups"],
    "locations": {
      "vic": {
        "price": 3.65,
        "promoText": " ",
        "packageSize": "820g",
        "packagePrice": "$0.45 per 100G"
      }
    }
  },
  {
    "id": "heinz-condensed-soup-big-red-tomato-salt-reduced",
    "brand": "Heinz",
    "name": "Big Red Tomato Soup Can Salt Reduced",
    "imageUrl": "https://shop.coles.com.au/wcsstore/Coles-CAS/images/4/6/0/460441-th.jpg",
    "categories": ["winter"],
    "tags": ["soups-and-stock", "canned-soups"],
    "locations": {
      "vic": {
        "price": 2.2,
        "promoText": "Any 2 $3",
        "packageSize": "420g",
        "packagePrice": "$0.52 per 100G"
      }
    }
  },
  {
    "id": "well-yes-chicken-noodle-soup",
    "brand": "Well Yes",
    "name": "Chicken Noodle Soup",
    "imageUrl": "https://shop.coles.com.au/wcsstore/Coles-CAS/images/3/4/1/3414123-th.jpg",
    "categories": ["winter"],
    "tags": ["soups-and-stock", "canned-soups"],
    "locations": {
      "vic": {
        "price": 1.75,
        "promoText": "$1.75 ",
        "packageSize": "458g",
        "packagePrice": "$0.38 per 100G"
      }
    }
  },
  {
    "id": "campbells-condensed-soup-cream-of-chicken-corn",
    "brand": "Campbell's",
    "name": "Cream of Chicken & Corn Condensed Soup Can",
    "imageUrl": "https://shop.coles.com.au/wcsstore/Coles-CAS/images/2/9/8/298263-th.jpg",
    "categories": ["winter"],
    "tags": ["soups-and-stock", "canned-soups"],
    "locations": {
      "vic": {
        "price": 1,
        "promoText": "$0.80 ",
        "packageSize": "420g",
        "packagePrice": "$0.24 per 100G"
      }
    }
  },
  {
    "id": "well-yes-minestrone-with-kale-soup",
    "brand": "Campbell's",
    "name": "Well Yes Minestrone With Kale Soup",
    "imageUrl": "https://shop.coles.com.au/wcsstore/Coles-CAS/images/3/4/1/3414190-th.jpg",
    "categories": ["winter"],
    "tags": ["soups-and-stock", "canned-soups"],
    "locations": {
      "vic": {
        "price": 1.75,
        "promoText": "$1.75 ",
        "packageSize": "458g",
        "packagePrice": "$0.38 per 100G"
      }
    }
  },
  {
    "id": "coles-brand-soup-condensed-tomato",
    "brand": "Coles",
    "name": "Condensed Tomato Soup Can",
    "imageUrl": "https://shop.coles.com.au/wcsstore/Coles-CAS/images/7/3/9/7390413-th.jpg",
    "categories": ["winter"],
    "tags": ["soups-and-stock", "canned-soups"],
    "locations": {
      "vic": {
        "price": 0.8,
        "promoText": " ",
        "packageSize": "420g",
        "packagePrice": "$0.19 per 100G"
      }
    }
  },
  {
    "id": "campbells-chunky-soup-ravioli-bef-tom",
    "brand": "Campbell's",
    "name": "Chunky Soup Ravioli Beef Tom",
    "imageUrl": "https://shop.coles.com.au/wcsstore/Coles-CAS/images/3/7/1/3714692-th.jpg",
    "categories": ["winter"],
    "tags": ["soups-and-stock", "canned-soups"],
    "locations": {
      "vic": {
        "price": 1.75,
        "promoText": "$1.75 ",
        "packageSize": "505g",
        "packagePrice": "$0.35 per 100G"
      }
    }
  },
  {
    "id": "campbells-chunky-soup-chilli-bef",
    "brand": "Campbell's",
    "name": "Chunky Soup Chilli Beef",
    "imageUrl": "https://shop.coles.com.au/wcsstore/Coles-CAS/images/3/7/1/3714681-th.jpg",
    "categories": ["winter"],
    "tags": ["soups-and-stock", "canned-soups"],
    "locations": {
      "vic": {
        "price": 1.75,
        "promoText": "$1.75 ",
        "packageSize": "505g",
        "packagePrice": "$0.35 per 100G"
      }
    }
  },
  {
    "id": "mckenzies-barley-pearl",
    "brand": "McKenzie's",
    "name": "Barley Pearl",
    "imageUrl": "https://shop.coles.com.au/wcsstore/Coles-CAS/images/1/3/0/130039-th.jpg",
    "categories": ["winter"],
    "tags": ["soups-and-stock", "soup-mix"],
    "locations": {
      "vic": {
        "price": 1.7,
        "promoText": " ",
        "packageSize": "500g",
        "packagePrice": "$0.34 per 100G"
      }
    }
  },
  {
    "id": "mckenzies-lentils-red-split",
    "brand": "McKenzie's",
    "name": "Split Red Lentils",
    "imageUrl": "https://shop.coles.com.au/wcsstore/Coles-CAS/images/9/1/9/9190991-th.jpg",
    "categories": ["winter"],
    "tags": ["soups-and-stock", "soup-mix"],
    "locations": {
      "vic": {
        "price": 4.4,
        "promoText": " ",
        "packageSize": "1kg",
        "packagePrice": "$0.44 per 100G"
      }
    }
  },
  {
    "id": "mckenzies-lentils-green-whole",
    "brand": "McKenzie's",
    "name": "Whole Green Lentils",
    "imageUrl": "https://shop.coles.com.au/wcsstore/Coles-CAS/images/1/3/0/130050-th.jpg",
    "categories": ["winter"],
    "tags": ["soups-and-stock", "soup-mix"],
    "locations": {
      "vic": {
        "price": 2.3,
        "promoText": " ",
        "packageSize": "375g",
        "packagePrice": "$0.61 per 100G"
      }
    }
  },
  {
    "id": "mckenzies-lentils-red",
    "brand": "McKenzie's",
    "name": "Split Red Lentils",
    "imageUrl": "https://shop.coles.com.au/wcsstore/Coles-CAS/images/1/3/0/130061-th.jpg",
    "categories": ["winter"],
    "tags": ["soups-and-stock", "soup-mix"],
    "locations": {
      "vic": {
        "price": 1.8,
        "promoText": "$0.50 ",
        "packageSize": "375g",
        "packagePrice": "$0.48 per 100G"
      }
    }
  },
  {
    "id": "mckenzies-split-peas-green",
    "brand": "McKenzie's",
    "name": "Split Green Peas",
    "imageUrl": "https://shop.coles.com.au/wcsstore/Coles-CAS/images/3/5/3/353521-th.jpg",
    "categories": ["winter"],
    "tags": ["soups-and-stock", "soup-mix"],
    "locations": {
      "vic": {
        "price": 1.7,
        "promoText": " ",
        "packageSize": "500g",
        "packagePrice": "$0.34 per 100G"
      }
    }
  },
  {
    "id": "mckenzies-chick-peas",
    "brand": "McKenzie's",
    "name": "Chickpeas",
    "imageUrl": "https://shop.coles.com.au/wcsstore/Coles-CAS/images/4/0/5/405986-th.jpg",
    "categories": ["winter"],
    "tags": ["soups-and-stock", "soup-mix"],
    "locations": {
      "vic": {
        "price": 1.45,
        "promoText": "$0.35 ",
        "packageSize": "375g",
        "packagePrice": "$0.39 per 100G"
      }
    }
  },
  {
    "id": "mckenzies-lentils-french-style-green",
    "brand": "McKenzie's",
    "name": "French Style Black Lentils",
    "imageUrl": "https://shop.coles.com.au/wcsstore/Coles-CAS/images/6/2/8/6288116-th.jpg",
    "categories": ["winter"],
    "tags": ["soups-and-stock", "soup-mix"],
    "locations": {
      "vic": {
        "price": 2.6,
        "promoText": "$0.70 ",
        "packageSize": "375g",
        "packagePrice": "$0.69 per 100G"
      }
    }
  },
  {
    "id": "mckenzies-split-peas-yellow",
    "brand": "McKenzie's",
    "name": "Split Yellow Peas",
    "imageUrl": "https://shop.coles.com.au/wcsstore/Coles-CAS/images/1/3/0/130017-th.jpg",
    "categories": ["winter"],
    "tags": ["soups-and-stock", "soup-mix"],
    "locations": {
      "vic": {
        "price": 1.7,
        "promoText": " ",
        "packageSize": "500g",
        "packagePrice": "$0.34 per 100G"
      }
    }
  },
  {
    "id": "mckenzies-soup-mix-130028p",
    "brand": "McKenzie's",
    "name": "Soup Mix",
    "imageUrl": "https://shop.coles.com.au/wcsstore/Coles-CAS/images/1/3/0/130028-th.jpg",
    "categories": ["winter"],
    "tags": ["soups-and-stock", "soup-mix"],
    "locations": {
      "vic": {
        "price": 1.7,
        "promoText": " ",
        "packageSize": "500g",
        "packagePrice": "$0.34 per 100G"
      }
    }
  },
  {
    "id": "mckenzies-soup-mix-italian-style",
    "brand": "McKenzie's",
    "name": "Italian Style Soup Mix",
    "imageUrl": "https://shop.coles.com.au/wcsstore/Coles-CAS/images/1/3/0/130072-th.jpg",
    "categories": ["winter"],
    "tags": ["soups-and-stock", "soup-mix"],
    "locations": {
      "vic": {
        "price": 1.8,
        "promoText": "$0.50 ",
        "packageSize": "375g",
        "packagePrice": "$0.48 per 100G"
      }
    }
  },
  {
    "id": "mckenzies-yellow-lentils",
    "brand": "McKenzie's",
    "name": "Yellow Lentils",
    "imageUrl": "https://shop.coles.com.au/wcsstore/Coles-CAS/images/2/2/9/2292279-th.jpg",
    "categories": ["winter"],
    "tags": ["soups-and-stock", "soup-mix"],
    "locations": {
      "vic": {
        "price": 1.7,
        "promoText": "$0.45 ",
        "packageSize": "375g",
        "packagePrice": "$0.45 per 100G"
      }
    }
  },
  {
    "id": "mckenzies-dried-black-beans",
    "brand": "McKenzie's",
    "name": "Dried Black Beans",
    "imageUrl": "https://shop.coles.com.au/wcsstore/Coles-CAS/images/2/2/9/2292315-th.jpg",
    "categories": ["winter"],
    "tags": ["soups-and-stock", "soup-mix"],
    "locations": {
      "vic": {
        "price": 2,
        "promoText": "$0.25 ",
        "packageSize": "375g",
        "packagePrice": "$0.53 per 100G"
      }
    }
  },
  {
    "id": "mckenzies--super-blend-soup-mix",
    "brand": "McKenzie's",
    "name": "Super Blend Soup Mix",
    "imageUrl": "https://shop.coles.com.au/wcsstore/Coles-CAS/images/2/6/6/2668319-th.jpg",
    "categories": ["winter"],
    "tags": ["soups-and-stock", "soup-mix"],
    "locations": {
      "vic": {
        "price": 3.95,
        "promoText": " ",
        "packageSize": "350g",
        "packagePrice": "$1.13 per 100G"
      }
    }
  },
  {
    "id": "mckenzies-green-lentil",
    "brand": "Mckenzie's",
    "name": "Whole Green Lentils",
    "imageUrl": "https://shop.coles.com.au/wcsstore/Coles-CAS/images/3/4/6/3465667-th.jpg",
    "categories": ["winter"],
    "tags": ["soups-and-stock", "soup-mix"],
    "locations": {
      "vic": {
        "price": 4.4,
        "promoText": " ",
        "packageSize": "1kg",
        "packagePrice": "$4.40 per 1Kg"
      }
    }
  },
  {
    "id": "mckenzies-12-blend-soup-mix",
    "brand": "McKenzie's",
    "name": "12 Blend Soup Mix",
    "imageUrl": "https://shop.coles.com.au/wcsstore/Coles-CAS/images/3/1/8/3188658-th.jpg",
    "categories": ["winter"],
    "tags": ["soups-and-stock", "soup-mix"],
    "locations": {
      "vic": {
        "price": 1.8,
        "promoText": "$0.50 ",
        "packageSize": "375g",
        "packagePrice": "$0.48 per 100G"
      }
    }
  },
  {
    "id": "mckenzies-super-blend-fibre",
    "brand": "McKenzie's",
    "name": "SuperBlend Fibre Freekeh Lentils & Beans",
    "imageUrl": "https://shop.coles.com.au/wcsstore/Coles-CAS/images/2/6/6/2668320-th.jpg",
    "categories": ["winter"],
    "tags": ["soups-and-stock", "soup-mix"],
    "locations": {
      "vic": {
        "price": 3.95,
        "promoText": " ",
        "packageSize": "350g",
        "packagePrice": "$1.13 per 100G"
      }
    }
  },
  {
    "id": "mckenzies-white-beans",
    "brand": "Mckenzie's",
    "name": "White Beans",
    "imageUrl": "https://shop.coles.com.au/wcsstore/Coles-CAS/images/1/7/1/1717703-th.jpg",
    "categories": ["winter"],
    "tags": ["soups-and-stock", "soup-mix"],
    "locations": {
      "vic": {
        "price": 2.4,
        "promoText": "$0.60 ",
        "packageSize": "375g",
        "packagePrice": "$0.64 per 100G"
      }
    }
  },
  {
    "id": "hart-soul-coconut-pumpkin-pouch-400g",
    "brand": "Hart & Soul",
    "name": "Coconut Pumpkin Soup Pouch",
    "imageUrl": "https://shop.coles.com.au/wcsstore/Coles-CAS/images/3/2/7/3270679-th.jpg",
    "categories": ["winter"],
    "tags": ["soups-and-stock", "soup-pouches"],
    "locations": {
      "vic": {
        "price": 4,
        "promoText": " ",
        "packageSize": "400g",
        "packagePrice": "$1.00 per 100G"
      }
    }
  },
  {
    "id": "hart-soul-soup-pouch-sweet-potato",
    "brand": "Hart & Soul",
    "name": "Gluten Free Sweet Potato Ginger Soup With Turmeric Pouch",
    "imageUrl": "https://shop.coles.com.au/wcsstore/Coles-CAS/images/3/3/9/3399438-th.jpg",
    "categories": ["winter"],
    "tags": ["soups-and-stock", "soup-pouches"],
    "locations": {
      "vic": {
        "price": 4,
        "promoText": " ",
        "packageSize": "400g",
        "packagePrice": "$1.00 per 100G"
      }
    }
  },
  {
    "id": "hart-soul-soup-pouch-spiced-lentil",
    "brand": "Hart & Soul",
    "name": "Gluten Free Spiced Lentil Soup Pouch",
    "imageUrl": "https://shop.coles.com.au/wcsstore/Coles-CAS/images/3/3/9/3399416-th.jpg",
    "categories": ["winter"],
    "tags": ["soups-and-stock", "soup-pouches"],
    "locations": {
      "vic": {
        "price": 4,
        "promoText": " ",
        "packageSize": "400g",
        "packagePrice": "$1.00 per 100G"
      }
    }
  },
  {
    "id": "la-zuppa-soup-pouches-roasted-pumpkin",
    "brand": "La Zuppa",
    "name": "Roasted Pumpkin Soup Pouch",
    "imageUrl": "https://shop.coles.com.au/wcsstore/Coles-CAS/images/1/1/6/1163328-th.jpg",
    "categories": ["winter"],
    "tags": ["soups-and-stock", "soup-pouches"],
    "locations": {
      "vic": {
        "price": 3.5,
        "promoText": "$0.90 ",
        "packageSize": "540g",
        "packagePrice": "$0.65 per 100G"
      }
    }
  },
  {
    "id": "hart-soul-pho-pouch-400-gram",
    "brand": "Hart & Soul",
    "name": "All Natural Pho Soup With Konjac Pouch",
    "imageUrl": "https://shop.coles.com.au/wcsstore/Coles-CAS/images/3/2/7/3270704-th.jpg",
    "categories": ["winter"],
    "tags": ["soups-and-stock", "soup-pouches"],
    "locations": {
      "vic": {
        "price": 4,
        "promoText": " ",
        "packageSize": "400g",
        "packagePrice": "$1.00 per 100G"
      }
    }
  },
  {
    "id": "coles-pouch-soup-cauli-brocolli",
    "brand": "Coles",
    "name": "Cauliflower & Broccoli Soup With Cashew Nuts",
    "imageUrl": "https://shop.coles.com.au/wcsstore/Coles-CAS/images/3/2/7/3272018-th.jpg",
    "categories": ["winter"],
    "tags": ["soups-and-stock", "soup-pouches"],
    "locations": {
      "vic": {
        "price": 2.7,
        "promoText": " ",
        "packageSize": "430g",
        "packagePrice": "$0.63 per 100G"
      }
    }
  },
  {
    "id": "coles-japanese-style-miso-nodle-soup",
    "brand": "Coles",
    "name": "Japanese Style Miso & Noodle Soup Pouch",
    "imageUrl": "https://shop.coles.com.au/wcsstore/Coles-CAS/images/3/7/0/3705104-th.jpg",
    "categories": ["winter"],
    "tags": ["soups-and-stock", "soup-pouches"],
    "locations": {
      "vic": {
        "price": 2.7,
        "promoText": " ",
        "packageSize": "430g",
        "packagePrice": "$0.63 per 100G"
      }
    }
  },
  {
    "id": "hart-soul-soup-pouch-coconut-thai",
    "brand": "Hart & Soul",
    "name": "Gluten Free Thai Coconut Tom Kha Soup Pouch",
    "imageUrl": "https://shop.coles.com.au/wcsstore/Coles-CAS/images/3/4/0/3402576-th.jpg",
    "categories": ["winter"],
    "tags": ["soups-and-stock", "soup-pouches"],
    "locations": {
      "vic": {
        "price": 4,
        "promoText": " ",
        "packageSize": "400g",
        "packagePrice": "$1.00 per 100G"
      }
    }
  },
  {
    "id": "coles-chicken-corn-soup-pouch",
    "brand": "Coles",
    "name": "Chicken & Corn Soup Pouch",
    "imageUrl": "https://shop.coles.com.au/wcsstore/Coles-CAS/images/2/2/5/2258419-th.jpg",
    "categories": ["winter"],
    "tags": ["soups-and-stock", "soup-pouches"],
    "locations": {
      "vic": {
        "price": 2.7,
        "promoText": " ",
        "packageSize": "430g",
        "packagePrice": "$0.63 per 100mL"
      }
    }
  },
  {
    "id": "coles-pouch-soup-coconut-lentil",
    "brand": "Coles",
    "name": "Pouch Soup Coconut Lentil",
    "imageUrl": "https://shop.coles.com.au/wcsstore/Coles-CAS/images/3/2/7/3272030-th.jpg",
    "categories": ["winter"],
    "tags": ["soups-and-stock", "soup-pouches"],
    "locations": {
      "vic": {
        "price": 2.7,
        "promoText": " ",
        "packageSize": "430g",
        "packagePrice": "$0.63 per 100G"
      }
    }
  },
  {
    "id": "heinz-soup-of-the-day-soup-old-fashioned-chicken",
    "brand": "Heinz",
    "name": "Soup of The Day Old Fashioned Chicken Pouch",
    "imageUrl": "https://shop.coles.com.au/wcsstore/Coles-CAS/images/1/1/6/1163725-th.jpg",
    "categories": ["winter"],
    "tags": ["soups-and-stock", "soup-pouches"],
    "locations": {
      "vic": {
        "price": 3,
        "promoText": "Was $3.89 on Jul 2017 ",
        "packageSize": "430g",
        "packagePrice": "$0.70 per 100G"
      }
    }
  },
  {
    "id": "coles-beef-vegetable-soup-pouch",
    "brand": "Coles",
    "name": "Beef & Vegetable Soup Pouch",
    "imageUrl": "https://shop.coles.com.au/wcsstore/Coles-CAS/images/2/2/5/2258420-th.jpg",
    "categories": ["winter"],
    "tags": ["soups-and-stock", "soup-pouches"],
    "locations": {
      "vic": {
        "price": 2.7,
        "promoText": " ",
        "packageSize": "430g",
        "packagePrice": "$0.63 per 100mL"
      }
    }
  },
  {
    "id": "coles-pouch-soup",
    "brand": "Coles",
    "name": "Minestrone Soup with Quinoa",
    "imageUrl": "https://shop.coles.com.au/wcsstore/Coles-CAS/images/3/2/7/3272164-th.jpg",
    "categories": ["winter"],
    "tags": ["soups-and-stock", "soup-pouches"],
    "locations": {
      "vic": {
        "price": 2.7,
        "promoText": " ",
        "packageSize": "430g",
        "packagePrice": "$0.63 per 100G"
      }
    }
  },
  {
    "id": "coles-pouch-soup-laksa-with-noodles",
    "brand": "Coles",
    "name": "Laksa Soup with Konjac Noodles",
    "imageUrl": "https://shop.coles.com.au/wcsstore/Coles-CAS/images/3/2/7/3272040-th.jpg",
    "categories": ["winter"],
    "tags": ["soups-and-stock", "soup-pouches"],
    "locations": {
      "vic": {
        "price": 2.7,
        "promoText": " ",
        "packageSize": "430g",
        "packagePrice": "$0.63 per 100G"
      }
    }
  },
  {
    "id": "la-zuppa-soup-pouches-chicken-tuscan-veg-rice",
    "brand": "La Zuppa",
    "name": "Tuscan Chicken & Vegetables With Rice Soup Pouch",
    "imageUrl": "https://shop.coles.com.au/wcsstore/Coles-CAS/images/1/1/6/1163317-th.jpg",
    "categories": ["winter"],
    "tags": ["soups-and-stock", "soup-pouches"],
    "locations": {
      "vic": {
        "price": 3.5,
        "promoText": "$0.90 ",
        "packageSize": "540g",
        "packagePrice": "$0.65 per 100G"
      }
    }
  },
  {
    "id": "la-zuppa-creamy-chicken-vegetable-soup-pouch",
    "brand": "La Zuppa",
    "name": "Creamy Chicken & Vegetable Soup Pouch",
    "imageUrl": "https://shop.coles.com.au/wcsstore/Coles-CAS/images/1/7/2/1727570-th.jpg",
    "categories": ["winter"],
    "tags": ["soups-and-stock", "soup-pouches"],
    "locations": {
      "vic": {
        "price": 3.5,
        "promoText": "$0.90 ",
        "packageSize": "540g",
        "packagePrice": "$0.65 per 100G"
      }
    }
  },
  {
    "id": "coles-creamy-pumpkin-soup-pouch",
    "brand": "Coles",
    "name": "Creamy Pumpkin Soup Pouch",
    "imageUrl": "https://shop.coles.com.au/wcsstore/Coles-CAS/images/2/2/5/2258340-th.jpg",
    "categories": ["winter"],
    "tags": ["soups-and-stock", "soup-pouches"],
    "locations": {
      "vic": {
        "price": 2.7,
        "promoText": " ",
        "packageSize": "430g",
        "packagePrice": "$0.63 per 100mL"
      }
    }
  },
  {
    "id": "coles-chinese-chicken-corn-soup",
    "brand": "Coles",
    "name": "Chinese Chicken & Corn Soup Pouch",
    "imageUrl": "https://shop.coles.com.au/wcsstore/Coles-CAS/images/3/7/0/3705159-th.jpg",
    "categories": ["winter"],
    "tags": ["soups-and-stock", "soup-pouches"],
    "locations": {
      "vic": {
        "price": 2.7,
        "promoText": " ",
        "packageSize": "430g",
        "packagePrice": "$0.63 per 100G"
      }
    }
  },
  {
    "id": "coles-pulled-lamb-pearl-barley-lentil-soup",
    "brand": "Coles",
    "name": "Pulled Lamb Pearl Barley & Lentil Soup Pouch",
    "imageUrl": "https://shop.coles.com.au/wcsstore/Coles-CAS/images/3/7/0/3704972-th.jpg",
    "categories": ["winter"],
    "tags": ["soups-and-stock", "soup-pouches"],
    "locations": {
      "vic": {
        "price": 2.7,
        "promoText": " ",
        "packageSize": "430g",
        "packagePrice": "$0.63 per 100G"
      }
    }
  },
  {
    "id": "coles-bombay-style-cauliflower-soup",
    "brand": "Coles",
    "name": "Bombay Style Cauliflower Soup Pouch",
    "imageUrl": "https://shop.coles.com.au/wcsstore/Coles-CAS/images/3/7/0/3704859-th.jpg",
    "categories": ["winter"],
    "tags": ["soups-and-stock", "soup-pouches"],
    "locations": {
      "vic": {
        "price": 2.7,
        "promoText": " ",
        "packageSize": "430g",
        "packagePrice": "$0.63 per 100G"
      }
    }
  },
  {
    "id": "heinz-soup-of-the-day-7-veg-with-garden-herbs-soup-pouch",
    "brand": "Heinz",
    "name": "Soup Of The Day 7 Veg With Garden Herbs Soup Pouch",
    "imageUrl": "https://shop.coles.com.au/wcsstore/Coles-CAS/images/2/2/8/2289015-th.jpg",
    "categories": ["winter"],
    "tags": ["soups-and-stock", "soup-pouches"],
    "locations": {
      "vic": {
        "price": 3,
        "promoText": "Was $3.89 on Jul 2017 ",
        "packageSize": "430g",
        "packagePrice": "$0.70 per 100G"
      }
    }
  },
  {
    "id": "la-zuppa-pouches-soup-italian-tomato-veg",
    "brand": "La Zuppa",
    "name": "Gluten Free Italian Style Tomato & Vegetable Soup",
    "imageUrl": "https://shop.coles.com.au/wcsstore/Coles-CAS/images/3/4/0/3402565-th.jpg",
    "categories": ["winter"],
    "tags": ["soups-and-stock", "soup-pouches"],
    "locations": {
      "vic": {
        "price": 3.5,
        "promoText": "$0.90 ",
        "packageSize": "540g",
        "packagePrice": "$0.65 per 100G"
      }
    }
  },
  {
    "id": "coles-chick-vegetable-buckwheat-soup-pouch",
    "brand": "Coles",
    "name": "Chicken Vegetable & Buckwheat Soup Pouch",
    "imageUrl": "https://shop.coles.com.au/wcsstore/Coles-CAS/images/2/6/6/2666970-th.jpg",
    "categories": ["winter"],
    "tags": ["soups-and-stock", "soup-pouches"],
    "locations": {
      "vic": {
        "price": 2.7,
        "promoText": " ",
        "packageSize": "430g",
        "packagePrice": "$0.63 per 100G"
      }
    }
  },
  {
    "id": "heinz-soup-of-the-day-soup-pumpkin-mixed-vegetables",
    "brand": "Heinz",
    "name": "Soup Of The Day Buttercup Pumpkin & Veg",
    "imageUrl": "https://shop.coles.com.au/wcsstore/Coles-CAS/images/1/1/6/1163689-th.jpg",
    "categories": ["winter"],
    "tags": ["soups-and-stock", "soup-pouches"],
    "locations": {
      "vic": {
        "price": 3,
        "promoText": "Was $3.89 on Jul 2017 ",
        "packageSize": "430g",
        "packagePrice": "$0.70 per 100G"
      }
    }
  },
  {
    "id": "massel-ultra-stock-cubes-chicken-style",
    "brand": "Massel",
    "name": "Chicken Style Stock Cubes",
    "imageUrl": "https://shop.coles.com.au/wcsstore/Coles-CAS/images/9/3/7/93737-th.jpg",
    "categories": ["winter"],
    "tags": ["soups-and-stock", "stock-cubes"],
    "locations": {
      "vic": {
        "price": 2.4,
        "promoText": "$0.60 ",
        "packageSize": "105g",
        "packagePrice": "$0.23 per 10G"
      }
    }
  },
  {
    "id": "massel-ultracube-stock-cubes-chicken-salt-reduced",
    "brand": "Massel",
    "name": "Salt Reduced Chicken Stock Cubes",
    "imageUrl": "https://shop.coles.com.au/wcsstore/Coles-CAS/images/9/4/9/9490725-th.jpg",
    "categories": ["winter"],
    "tags": ["soups-and-stock", "stock-cubes"],
    "locations": {
      "vic": {
        "price": 2.4,
        "promoText": "$0.60 ",
        "packageSize": "105g",
        "packagePrice": "$0.23 per 10G"
      }
    }
  },
  {
    "id": "massel-ultracube--stock-cubes-vegetable-salt-reduced",
    "brand": "Massel",
    "name": "Salt Reduced Vegetable Stock Cubes",
    "imageUrl": "https://shop.coles.com.au/wcsstore/Coles-CAS/images/9/4/9/9490554-th.jpg",
    "categories": ["winter"],
    "tags": ["soups-and-stock", "stock-cubes"],
    "locations": {
      "vic": {
        "price": 2.4,
        "promoText": "$0.60 ",
        "packageSize": "105g",
        "packagePrice": "$0.23 per 10G"
      }
    }
  },
  {
    "id": "massel-ultra-stock-cubes-beef-style",
    "brand": "Massel",
    "name": "Beef Style Stock Cubes",
    "imageUrl": "https://shop.coles.com.au/wcsstore/Coles-CAS/images/9/3/7/93726-th.jpg",
    "categories": ["winter"],
    "tags": ["soups-and-stock", "stock-cubes"],
    "locations": {
      "vic": {
        "price": 2.4,
        "promoText": "$0.60 ",
        "packageSize": "105g",
        "packagePrice": "$0.23 per 10G"
      }
    }
  },
  {
    "id": "massel-bullion-chicken-stock-cubes-7-pack",
    "brand": "Massel",
    "name": "7 Bouillon Cubes Chicken Style",
    "imageUrl": "https://shop.coles.com.au/wcsstore/Coles-CAS/images/1/8/1/1814153-th.jpg",
    "categories": ["winter"],
    "tags": ["soups-and-stock", "stock-cubes"],
    "locations": {
      "vic": {
        "price": 1,
        "promoText": " ",
        "packageSize": "35g",
        "packagePrice": "$0.29 per 10G"
      }
    }
  },
  {
    "id": "massel-ultra-stock-cubes-vegetable",
    "brand": "Massel",
    "name": "Vegetable Stock Cubes",
    "imageUrl": "https://shop.coles.com.au/wcsstore/Coles-CAS/images/9/8/5/98548-th.jpg",
    "categories": ["winter"],
    "tags": ["soups-and-stock", "stock-cubes"],
    "locations": {
      "vic": {
        "price": 2.4,
        "promoText": "$0.60 ",
        "packageSize": "105g",
        "packagePrice": "$0.23 per 10G"
      }
    }
  },
  {
    "id": "massel-bullion-beef-stock-cubes-7-pack",
    "brand": "Massel",
    "name": "7 Bouillon Cubes Beef Style",
    "imageUrl": "https://shop.coles.com.au/wcsstore/Coles-CAS/images/1/8/1/1814142-th.jpg",
    "categories": ["winter"],
    "tags": ["soups-and-stock", "stock-cubes"],
    "locations": {
      "vic": {
        "price": 1,
        "promoText": " ",
        "packageSize": "35g",
        "packagePrice": "$0.29 per 10G"
      }
    }
  },
  {
    "id": "oxo-stock-cubes-beef",
    "brand": "Oxo",
    "name": "Beef Stock Cubes",
    "imageUrl": "https://shop.coles.com.au/wcsstore/Coles-CAS/images/1/5/7/157079-th.jpg",
    "categories": ["winter"],
    "tags": ["soups-and-stock", "stock-cubes"],
    "locations": {
      "vic": {
        "price": 2.5,
        "promoText": " ",
        "packageSize": "71g",
        "packagePrice": "$0.35 per 10G"
      }
    }
  },
  {
    "id": "coles-stock-cubes-21pk-vegetable",
    "brand": "Coles",
    "name": "Vegetable Stock Cubes 21 pack",
    "imageUrl": "https://shop.coles.com.au/wcsstore/Coles-CAS/images/3/4/5/3455696-th.jpg",
    "categories": ["winter"],
    "tags": ["soups-and-stock", "stock-cubes"],
    "locations": {
      "vic": {
        "price": 2,
        "promoText": " ",
        "packageSize": "105g",
        "packagePrice": "$1.90 per 100G"
      }
    }
  },
  {
    "id": "oxo-stock-cubes-chicken",
    "brand": "Oxo",
    "name": "Chicken Stock Cubes",
    "imageUrl": "https://shop.coles.com.au/wcsstore/Coles-CAS/images/2/4/6/246102-th.jpg",
    "categories": ["winter"],
    "tags": ["soups-and-stock", "stock-cubes"],
    "locations": {
      "vic": {
        "price": 2.5,
        "promoText": " ",
        "packageSize": "71g",
        "packagePrice": "$0.35 per 10G"
      }
    }
  },
  {
    "id": "coles-stock-cubes-21pk-chicken",
    "brand": "Coles",
    "name": "Chicken Stock Cubes 21 pack",
    "imageUrl": "https://shop.coles.com.au/wcsstore/Coles-CAS/images/3/4/5/3455685-th.jpg",
    "categories": ["winter"],
    "tags": ["soups-and-stock", "stock-cubes"],
    "locations": {
      "vic": {
        "price": 2,
        "promoText": " ",
        "packageSize": "105g",
        "packagePrice": "$0.19 per 10G"
      }
    }
  },
  {
    "id": "coles-stock-cubes-21pk-beef",
    "brand": "Coles",
    "name": "Beef Style Stock Cubes 21 pack",
    "imageUrl": "https://shop.coles.com.au/wcsstore/Coles-CAS/images/3/4/5/3455674-th.jpg",
    "categories": ["winter"],
    "tags": ["soups-and-stock", "stock-cubes"],
    "locations": {
      "vic": {
        "price": 2,
        "promoText": " ",
        "packageSize": "105g",
        "packagePrice": "$0.19 per 10G"
      }
    }
  },
  {
    "id": "continental-instant-soup-chicken-noodle",
    "brand": "Continental",
    "name": "Chicken Noodle Simmer Soup 4 Serves",
    "imageUrl": "https://shop.coles.com.au/wcsstore/Coles-CAS/images/1/2/9/129335-th.jpg",
    "categories": ["winter"],
    "tags": ["soups-and-stock", "soup-packets"],
    "locations": {
      "vic": {
        "price": 1,
        "promoText": " ",
        "packageSize": "45g",
        "packagePrice": "$2.22 per 100G"
      }
    }
  },
  {
    "id": "continental-instant-soup-french-onion",
    "brand": "Continental",
    "name": "Simmer Soup French Onion 4 Serves",
    "imageUrl": "https://shop.coles.com.au/wcsstore/Coles-CAS/images/1/2/9/129426-th.jpg",
    "categories": ["winter"],
    "tags": ["soups-and-stock", "soup-packets"],
    "locations": {
      "vic": {
        "price": 1,
        "promoText": " ",
        "packageSize": "40g",
        "packagePrice": "$2.50 per 100G"
      }
    }
  },
  {
    "id": "continental-cup-a-soup-tomato",
    "brand": "Continental",
    "name": "Cup A Soup Tomato 4 Pack",
    "imageUrl": "https://shop.coles.com.au/wcsstore/Coles-CAS/images/1/2/9/129765-th.jpg",
    "categories": ["winter"],
    "tags": ["soups-and-stock", "soup-packets"],
    "locations": {
      "vic": {
        "price": 2,
        "promoText": " ",
        "packageSize": "80g",
        "packagePrice": "$2.50 per 100G"
      }
    }
  },
  {
    "id": "coles-soup-packet-chicken-noodle",
    "brand": "Coles",
    "name": "Chicken Noodle Soup Mix",
    "imageUrl": "https://shop.coles.com.au/wcsstore/Coles-CAS/images/8/8/8/8880269-th.jpg",
    "categories": ["winter"],
    "tags": ["soups-and-stock", "soup-packets"],
    "locations": {
      "vic": {
        "price": 0.45,
        "promoText": " ",
        "packageSize": "50g",
        "packagePrice": "$0.90 per 100G"
      }
    }
  },
  {
    "id": "coles-brand-soup-packet-french-onion",
    "brand": "Coles",
    "name": "French Onion Soup Mix",
    "imageUrl": "https://shop.coles.com.au/wcsstore/Coles-CAS/images/1/2/9/129619-th.jpg",
    "categories": ["winter"],
    "tags": ["soups-and-stock", "soup-packets"],
    "locations": {
      "vic": {
        "price": 0.45,
        "promoText": " ",
        "packageSize": "40g",
        "packagePrice": "$11.25 per 1Kg"
      }
    }
  },
  {
    "id": "continental-cup-a-soup-chicken-noodle",
    "brand": "Continental",
    "name": "Cup A Soup Chicken Noodle 4 pack",
    "imageUrl": "https://shop.coles.com.au/wcsstore/Coles-CAS/images/1/2/9/129696-th.jpg",
    "categories": ["winter"],
    "tags": ["soups-and-stock", "soup-packets"],
    "locations": {
      "vic": {
        "price": 2,
        "promoText": " ",
        "packageSize": "40g",
        "packagePrice": "$5.00 per 100G"
      }
    }
  },
  {
    "id": "continental-instant-soup-french-onion-salt-reduced",
    "brand": "Continental",
    "name": "Simmer Soup French Onion Salt Reduced 4 Serves",
    "imageUrl": "https://shop.coles.com.au/wcsstore/Coles-CAS/images/1/0/5/105280-th.jpg",
    "categories": ["winter"],
    "tags": ["soups-and-stock", "soup-packets"],
    "locations": {
      "vic": {
        "price": 1,
        "promoText": " ",
        "packageSize": "35g",
        "packagePrice": "$2.86 per 100G"
      }
    }
  },
  {
    "id": "continental-cup-a-soup-cream-of-chicken",
    "brand": "Continental",
    "name": "Cup A Soup Cream of Chicken 4 pack",
    "imageUrl": "https://shop.coles.com.au/wcsstore/Coles-CAS/images/1/2/9/129674-th.jpg",
    "categories": ["winter"],
    "tags": ["soups-and-stock", "soup-packets"],
    "locations": {
      "vic": {
        "price": 2,
        "promoText": " ",
        "packageSize": "75g",
        "packagePrice": "$2.67 per 100G"
      }
    }
  },
  {
    "id": "continental-cup-a-soup-hearty-beef",
    "brand": "Continental",
    "name": "Cup A Soup Hearty Beef 4 pack",
    "imageUrl": "https://shop.coles.com.au/wcsstore/Coles-CAS/images/1/2/9/129685-th.jpg",
    "categories": ["winter"],
    "tags": ["soups-and-stock", "soup-packets"],
    "locations": {
      "vic": {
        "price": 2,
        "promoText": " ",
        "packageSize": "55g",
        "packagePrice": "$3.64 per 100G"
      }
    }
  },
  {
    "id": "continental-instant-soup-spring-vegetable",
    "brand": "Continental",
    "name": "Simmer Soup Spring Vegetable 4 Serves",
    "imageUrl": "https://shop.coles.com.au/wcsstore/Coles-CAS/images/1/2/9/129437-th.jpg",
    "categories": ["winter"],
    "tags": ["soups-and-stock", "soup-packets"],
    "locations": {
      "vic": {
        "price": 1.4,
        "promoText": " ",
        "packageSize": "30g",
        "packagePrice": "$4.67 per 100G"
      }
    }
  },
  {
    "id": "continental-stock-powder-chicken",
    "brand": "Continental",
    "name": "Superb Chicken Stock Powder",
    "imageUrl": "https://shop.coles.com.au/wcsstore/Coles-CAS/images/5/0/8/5086105-th.jpg",
    "categories": ["winter"],
    "tags": ["soups-and-stock", "stock-powder"],
    "locations": {
      "vic": {
        "price": 2.4,
        "promoText": "$0.45 ",
        "packageSize": "130g",
        "packagePrice": "$0.18 per 10G"
      }
    }
  },
  {
    "id": "continental-stock-powder-instant-beef-salt-reduced",
    "brand": "Continental",
    "name": "Superb Salt Reduced Beef Stock Powder",
    "imageUrl": "https://shop.coles.com.au/wcsstore/Coles-CAS/images/5/3/8/5382006-th.jpg",
    "categories": ["winter"],
    "tags": ["soups-and-stock", "stock-powder"],
    "locations": {
      "vic": {
        "price": 2.4,
        "promoText": "$0.45 ",
        "packageSize": "120g",
        "packagePrice": "$0.20 per 10G"
      }
    }
  },
  {
    "id": "continental-instant-stock-powder-chicken-salt-reduced",
    "brand": "Continental",
    "name": "Superb Salt Reduced Chicken Stock Powder",
    "imageUrl": "https://shop.coles.com.au/wcsstore/Coles-CAS/images/5/3/8/5387247-th.jpg",
    "categories": ["winter"],
    "tags": ["soups-and-stock", "stock-powder"],
    "locations": {
      "vic": {
        "price": 2.4,
        "promoText": " ",
        "packageSize": "120g",
        "packagePrice": "$0.20 per 10G"
      }
    }
  },
  {
    "id": "massel-stock-powder-chicken",
    "brand": "Massel",
    "name": "Chicken Stock Powder",
    "imageUrl": "https://shop.coles.com.au/wcsstore/Coles-CAS/images/4/2/9/4298593-th.jpg",
    "categories": ["winter"],
    "tags": ["soups-and-stock", "stock-powder"],
    "locations": {
      "vic": {
        "price": 2.4,
        "promoText": "$0.60 ",
        "packageSize": "168g",
        "packagePrice": "$0.14 per 10G"
      }
    }
  },
  {
    "id": "massel-stock-powder-vegetable",
    "brand": "Massel",
    "name": "Vegetable Stock Powder",
    "imageUrl": "https://shop.coles.com.au/wcsstore/Coles-CAS/images/4/2/9/4298607-th.jpg",
    "categories": ["winter"],
    "tags": ["soups-and-stock", "stock-powder"],
    "locations": {
      "vic": {
        "price": 2.4,
        "promoText": "$0.60 ",
        "packageSize": "168g",
        "packagePrice": "$0.14 per 10G"
      }
    }
  },
  {
    "id": "massel-salt-reduced-stock-powder-chicken-style",
    "brand": "Massel",
    "name": "Salt Reduced Chicken Style Stock Powder",
    "imageUrl": "https://shop.coles.com.au/wcsstore/Coles-CAS/images/9/0/2/9026499-th.jpg",
    "categories": ["winter"],
    "tags": ["soups-and-stock", "stock-powder"],
    "locations": {
      "vic": {
        "price": 2.4,
        "promoText": "$0.60 ",
        "packageSize": "140g",
        "packagePrice": "$0.17 per 10G"
      }
    }
  },
  {
    "id": "massel-stock-powder-beef",
    "brand": "Massel",
    "name": "Beef Stock Powder",
    "imageUrl": "https://shop.coles.com.au/wcsstore/Coles-CAS/images/4/2/9/4298582-th.jpg",
    "categories": ["winter"],
    "tags": ["soups-and-stock", "stock-powder"],
    "locations": {
      "vic": {
        "price": 2.4,
        "promoText": "$0.60 ",
        "packageSize": "168g",
        "packagePrice": "$0.14 per 10G"
      }
    }
  },
  {
    "id": "podravka-vegeta-stock-powder-gourmet",
    "brand": "Vegeta",
    "name": "Gluten Free Real Gourmet Stock Powder Canned",
    "imageUrl": "https://shop.coles.com.au/wcsstore/Coles-CAS/images/1/3/4/134110-th.jpg",
    "categories": ["winter"],
    "tags": ["soups-and-stock", "stock-powder"],
    "locations": {
      "vic": {
        "price": 3.7,
        "promoText": " ",
        "packageSize": "250g",
        "packagePrice": "$1.48 per 100G"
      }
    }
  },
  {
    "id": "podravka-vegeta-stock-gourmet-5728508p",
    "brand": "Vegeta",
    "name": "Real Gourmet Stock",
    "imageUrl": "https://shop.coles.com.au/wcsstore/Coles-CAS/images/5/7/2/5728508-th.jpg",
    "categories": ["winter"],
    "tags": ["soups-and-stock", "stock-powder"],
    "locations": {
      "vic": {
        "price": 5.7,
        "promoText": "Was $6.40 on Jun 2019 ",
        "packageSize": "500g",
        "packagePrice": "$1.14 per 100G"
      }
    }
  },
  {
    "id": "podravka-vegeta-chicken-stock",
    "brand": "Vegeta",
    "name": "Gluten Free Real Chicken Stock Powder Canned",
    "imageUrl": "https://shop.coles.com.au/wcsstore/Coles-CAS/images/8/4/9/8496985-th.jpg",
    "categories": ["winter"],
    "tags": ["soups-and-stock", "stock-powder"],
    "locations": {
      "vic": {
        "price": 3.7,
        "promoText": " ",
        "packageSize": "200g",
        "packagePrice": "$1.85 per 100G"
      }
    }
  },
  {
    "id": "podravka-vegeta-beef-stock",
    "brand": "Vegeta",
    "name": "Gluten Free Real Beef Stock Powder Canned",
    "imageUrl": "https://shop.coles.com.au/wcsstore/Coles-CAS/images/2/3/7/2379264-th.jpg",
    "categories": ["winter"],
    "tags": ["soups-and-stock", "stock-powder"],
    "locations": {
      "vic": {
        "price": 3.7,
        "promoText": " ",
        "packageSize": "180g",
        "packagePrice": "$2.06 per 100G"
      }
    }
  },
  {
    "id": "continental-stock-pot-chicken",
    "brand": "Continental",
    "name": "Chicken Stock Pot",
    "imageUrl": "https://shop.coles.com.au/wcsstore/Coles-CAS/images/8/3/9/8392935-th.jpg",
    "categories": ["winter"],
    "tags": ["soups-and-stock", "liquid-stocks"],
    "locations": {
      "vic": {
        "price": 3.5,
        "promoText": " ",
        "packageSize": "112g",
        "packagePrice": "$3.13 per 100G"
      }
    }
  },
  {
    "id": "continental-stock-pot-beef",
    "brand": "Continental",
    "name": "Beef Stock Pot",
    "imageUrl": "https://shop.coles.com.au/wcsstore/Coles-CAS/images/8/3/9/8392913-th.jpg",
    "categories": ["winter"],
    "tags": ["soups-and-stock", "liquid-stocks"],
    "locations": {
      "vic": {
        "price": 3.5,
        "promoText": " ",
        "packageSize": "112g",
        "packagePrice": "$3.13 per 100G"
      }
    }
  },
  {
    "id": "coles-rr-9x7-beef-lean-mince-3449773p",
    "brand": "Coles",
    "name": "Lean Beef Mince",
    "imageUrl": "https://shop.coles.com.au/wcsstore/Coles-CAS/images/3/4/4/3449773-th.jpg",
    "categories": ["winter", "meat-seafood-deli"],
    "tags": ["soups-and-stock", "liquid-stocks"],
    "locations": {
      "vic": {
        "price": 11,
        "promoText": " ",
        "packageSize": "800g",
        "packagePrice": "$1.38 per 100G"
      }
    }
  },
  {
    "id": "continental-stock-pot-vegetable",
    "brand": "Continental",
    "name": "Vegetable Stock Pot",
    "imageUrl": "https://shop.coles.com.au/wcsstore/Coles-CAS/images/8/3/9/8392946-th.jpg",
    "categories": ["winter"],
    "tags": ["soups-and-stock", "liquid-stocks"],
    "locations": {
      "vic": {
        "price": 3.5,
        "promoText": " ",
        "packageSize": "112g",
        "packagePrice": "$3.13 per 100G"
      }
    }
  },
  {
    "id": "campbells-real-stock-chicken",
    "brand": "Campbell's",
    "name": "Real Chicken Stock",
    "imageUrl": "https://shop.coles.com.au/wcsstore/Coles-CAS/images/8/1/5/8157935-th.jpg",
    "categories": ["winter"],
    "tags": ["soups-and-stock", "liquid-stocks"],
    "locations": {
      "vic": {
        "price": 2,
        "promoText": "$2.00 ",
        "packageSize": "1L",
        "packagePrice": "$0.20 per 100mL"
      }
    }
  },
  {
    "id": "campbells-stock-real-chicken-salt-reduced-8837306p",
    "brand": "Campbell's",
    "name": "Real Salt Reduced Chicken Stock",
    "imageUrl": "https://shop.coles.com.au/wcsstore/Coles-CAS/images/8/8/3/8837306-th.jpg",
    "categories": ["winter"],
    "tags": ["soups-and-stock", "liquid-stocks"],
    "locations": {
      "vic": {
        "price": 2,
        "promoText": "$2.00 ",
        "packageSize": "1L",
        "packagePrice": "$2.00 per 1L"
      }
    }
  },
  {
    "id": "campbells-real-stock-vegetable",
    "brand": "Campbell's",
    "name": "Real Vegetable Stock",
    "imageUrl": "https://shop.coles.com.au/wcsstore/Coles-CAS/images/8/0/5/8053838-th.jpg",
    "categories": ["winter"],
    "tags": ["soups-and-stock", "liquid-stocks"],
    "locations": {
      "vic": {
        "price": 2,
        "promoText": "$2.00 ",
        "packageSize": "1L",
        "packagePrice": "$0.20 per 100mL"
      }
    }
  },
  {
    "id": "campbells-real-stock-beef",
    "brand": "Campbell's",
    "name": "Real Beef Stock",
    "imageUrl": "https://shop.coles.com.au/wcsstore/Coles-CAS/images/8/0/5/8055800-th.jpg",
    "categories": ["winter"],
    "tags": ["soups-and-stock", "liquid-stocks"],
    "locations": {
      "vic": {
        "price": 2,
        "promoText": "$2.00 ",
        "packageSize": "1L",
        "packagePrice": "$0.20 per 100mL"
      }
    }
  },
  {
    "id": "campbells-stock-real-vegetable-salt-reduced",
    "brand": "Campbell's",
    "name": "Real Salt Reduced Vegetable Stock",
    "imageUrl": "https://shop.coles.com.au/wcsstore/Coles-CAS/images/9/2/0/9209229-th.jpg",
    "categories": ["winter"],
    "tags": ["soups-and-stock", "liquid-stocks"],
    "locations": {
      "vic": {
        "price": 2,
        "promoText": "$2.00 ",
        "packageSize": "1L",
        "packagePrice": "$0.20 per 100mL"
      }
    }
  },
  {
    "id": "campbells-stock-real-beef-salt-reduced",
    "brand": "Campbell's",
    "name": "Real Salt Reduced Beef  Stock",
    "imageUrl": "https://shop.coles.com.au/wcsstore/Coles-CAS/images/9/2/0/9209230-th.jpg",
    "categories": ["winter"],
    "tags": ["soups-and-stock", "liquid-stocks"],
    "locations": {
      "vic": {
        "price": 2,
        "promoText": "$2.00 ",
        "packageSize": "1L",
        "packagePrice": "$0.20 per 100mL"
      }
    }
  },
  {
    "id": "campbells-real-stock-vegetable-7198416p",
    "brand": "Campbell's",
    "name": "Real Vegetable Stock",
    "imageUrl": "https://shop.coles.com.au/wcsstore/Coles-CAS/images/7/1/9/7198416-th.jpg",
    "categories": ["winter"],
    "tags": ["soups-and-stock", "liquid-stocks"],
    "locations": {
      "vic": {
        "price": 2.3,
        "promoText": " ",
        "packageSize": "500mL",
        "packagePrice": "$0.46 per 100mL"
      }
    }
  },
  {
    "id": "campbells-stock-real-chicken-salt-reduced",
    "brand": "Campbell's",
    "name": "Real Salt Reduced  Chicken  Stock",
    "imageUrl": "https://shop.coles.com.au/wcsstore/Coles-CAS/images/8/8/5/8851078-th.jpg",
    "categories": ["winter"],
    "tags": ["soups-and-stock", "liquid-stocks"],
    "locations": {
      "vic": {
        "price": 2.3,
        "promoText": " ",
        "packageSize": "500mL",
        "packagePrice": "$0.46 per 100mL"
      }
    }
  },
  {
    "id": "massel-liquid-stock-chicken-gourmet-plus",
    "brand": "Massel",
    "name": "Chicken Style Stock",
    "imageUrl": "https://shop.coles.com.au/wcsstore/Coles-CAS/images/4/4/5/4455465-th.jpg",
    "categories": ["winter"],
    "tags": ["soups-and-stock", "liquid-stocks"],
    "locations": {
      "vic": {
        "price": 3,
        "promoText": "Was $3.80 on Dec 2017 ",
        "packageSize": "1L",
        "packagePrice": "$0.30 per 100mL"
      }
    }
  },
  {
    "id": "coles-stock-liquid-real-chicken",
    "brand": "Coles",
    "name": "Real Chicken Stock",
    "imageUrl": "https://shop.coles.com.au/wcsstore/Coles-CAS/images/7/1/5/7152073-th.jpg",
    "categories": ["winter"],
    "tags": ["soups-and-stock", "liquid-stocks"],
    "locations": {
      "vic": {
        "price": 1.9,
        "promoText": " ",
        "packageSize": "1L",
        "packagePrice": "$0.19 per 100mL"
      }
    }
  },
  {
    "id": "massel-salt-reduced-liquid-stock-chicken-style",
    "brand": "Massel",
    "name": "Salt Reduced Chicken Style Stock",
    "imageUrl": "https://shop.coles.com.au/wcsstore/Coles-CAS/images/5/0/0/5000303-th.jpg",
    "categories": ["winter"],
    "tags": ["soups-and-stock", "liquid-stocks"],
    "locations": {
      "vic": {
        "price": 3,
        "promoText": "Was $3.80 on Dec 2017 ",
        "packageSize": "1L",
        "packagePrice": "$0.30 per 100mL"
      }
    }
  },
  {
    "id": "campbells-real-stock-chicken-6149845p",
    "brand": "Campbell's",
    "name": "Real Chicken Stock",
    "imageUrl": "https://shop.coles.com.au/wcsstore/Coles-CAS/images/6/1/4/6149845-th.jpg",
    "categories": ["winter"],
    "tags": ["soups-and-stock", "liquid-stocks"],
    "locations": {
      "vic": {
        "price": 2.3,
        "promoText": " ",
        "packageSize": "500mL",
        "packagePrice": "$0.46 per 100mL"
      }
    }
  },
  {
    "id": "cambells-bone-broth-free-range-chicken",
    "brand": "Campbell's",
    "name": "Bone Broth From Free Range Chicken",
    "imageUrl": "https://shop.coles.com.au/wcsstore/Coles-CAS/images/3/2/2/3224751-th.jpg",
    "categories": ["winter"],
    "tags": ["soups-and-stock", "liquid-stocks"],
    "locations": {
      "vic": {
        "price": 7,
        "promoText": " ",
        "packageSize": "500mL",
        "packagePrice": "$1.40 per 100mL"
      }
    }
  },
  {
    "id": "massel--liquid-stock-vegetable-gourmet-plus",
    "brand": "Massel",
    "name": "Vegetable Stock",
    "imageUrl": "https://shop.coles.com.au/wcsstore/Coles-CAS/images/4/4/5/4455476-th.jpg",
    "categories": ["winter"],
    "tags": ["soups-and-stock", "liquid-stocks"],
    "locations": {
      "vic": {
        "price": 3,
        "promoText": "Was $3.80 on Dec 2017 ",
        "packageSize": "1L",
        "packagePrice": "$0.30 per 100mL"
      }
    }
  },
  {
    "id": "campbells-stock-real-chicken",
    "brand": "Campbell's",
    "name": "Real Chicken Stock",
    "imageUrl": "https://shop.coles.com.au/wcsstore/Coles-CAS/images/1/1/9/1190150-th.jpg",
    "categories": ["winter"],
    "tags": ["soups-and-stock", "liquid-stocks"],
    "locations": {
      "vic": {
        "price": 1.65,
        "promoText": " ",
        "packageSize": "250mL",
        "packagePrice": "$0.66 per 100mL"
      }
    }
  },
  {
    "id": "campbells-stock-real-beef-6149743p",
    "brand": "Campbell's",
    "name": "Real Beef Stock",
    "imageUrl": "https://shop.coles.com.au/wcsstore/Coles-CAS/images/6/1/4/6149743-th.jpg",
    "categories": ["winter"],
    "tags": ["soups-and-stock", "liquid-stocks"],
    "locations": {
      "vic": {
        "price": 2.3,
        "promoText": " ",
        "packageSize": "500mL",
        "packagePrice": "$0.46 per 100mL"
      }
    }
  },
  {
    "id": "coles-liquid-stock-chicken-pho",
    "brand": "Coles",
    "name": "Vietnamese Inspired Chicken Pho Liquid Stock",
    "imageUrl": "https://shop.coles.com.au/wcsstore/Coles-CAS/images/3/4/5/3455594-th.jpg",
    "categories": ["winter"],
    "tags": ["soups-and-stock", "liquid-stocks"],
    "locations": {
      "vic": {
        "price": 3,
        "promoText": " ",
        "packageSize": "1L",
        "packagePrice": "$0.30 per 100mL"
      }
    }
  },
  {
    "id": "bovril-vegetable-extract",
    "brand": "Bovril",
    "name": "Vegetable Extract",
    "imageUrl": "https://shop.coles.com.au/wcsstore/Coles-CAS/images/9/5/0/9506042-th.jpg",
    "categories": ["winter"],
    "tags": ["soups-and-stock", "liquid-stocks"],
    "locations": {
      "vic": {
        "price": 6,
        "promoText": " ",
        "packageSize": "125g",
        "packagePrice": "$4.80 per 100G"
      }
    }
  },
  {
    "id": "campbells-stock-real-beef",
    "brand": "Campbell's",
    "name": "Real Beef Stock",
    "imageUrl": "https://shop.coles.com.au/wcsstore/Coles-CAS/images/1/1/9/1190149-th.jpg",
    "categories": ["winter"],
    "tags": ["soups-and-stock", "liquid-stocks"],
    "locations": {
      "vic": {
        "price": 1.65,
        "promoText": " ",
        "packageSize": "250mL",
        "packagePrice": "$0.66 per 100mL"
      }
    }
  },
  {
    "id": "campbells-real-stock-thai",
    "brand": "Campbell's",
    "name": "Real Stock Thai Base Soup",
    "imageUrl": "https://shop.coles.com.au/wcsstore/Coles-CAS/images/3/4/3/3434255-th.jpg",
    "categories": ["winter"],
    "tags": ["soups-and-stock", "liquid-stocks"],
    "locations": {
      "vic": {
        "price": 2,
        "promoText": "$2.00 ",
        "packageSize": "1L",
        "packagePrice": "$2.00 per 1L"
      }
    }
  },
  {
    "id": "campbells-bone-broth-grass-fed-beef",
    "brand": "Campbell's",
    "name": "Bone Broth From Grass Fed Beef",
    "imageUrl": "https://shop.coles.com.au/wcsstore/Coles-CAS/images/3/2/2/3224740-th.jpg",
    "categories": ["winter"],
    "tags": ["soups-and-stock", "liquid-stocks"],
    "locations": {
      "vic": {
        "price": 7,
        "promoText": " ",
        "packageSize": "500mL",
        "packagePrice": "$1.40 per 100mL"
      }
    }
  },
  {
    "id": "coles-brand-stock-liquid-real-vegetable",
    "brand": "Coles",
    "name": "Real Vegetable Stock",
    "imageUrl": "https://shop.coles.com.au/wcsstore/Coles-CAS/images/7/1/5/7152084-th.jpg",
    "categories": ["winter"],
    "tags": ["soups-and-stock", "liquid-stocks"],
    "locations": {
      "vic": {
        "price": 1.9,
        "promoText": " ",
        "packageSize": "1L",
        "packagePrice": "$0.19 per 100mL"
      }
    }
  },
  {
    "id": "coles-vegan-style-chicken-stock",
    "brand": "Coles",
    "name": "Vegan Chicken Style Stock",
    "imageUrl": "https://shop.coles.com.au/wcsstore/Coles-CAS/images/3/4/5/3455481-th.jpg",
    "categories": ["winter"],
    "tags": ["soups-and-stock", "liquid-stocks"],
    "locations": {
      "vic": {
        "price": 1.9,
        "promoText": " ",
        "packageSize": "1L",
        "packagePrice": "$0.19 per 100mL"
      }
    }
  },
  {
    "id": "coles-liquid-stock-chicken-ramen",
    "brand": "Coles",
    "name": "Japanese Inspired Chicken Ramen Liquid Stock",
    "imageUrl": "https://shop.coles.com.au/wcsstore/Coles-CAS/images/3/4/5/3455572-th.jpg",
    "categories": ["winter"],
    "tags": ["soups-and-stock", "liquid-stocks"],
    "locations": {
      "vic": {
        "price": 3,
        "promoText": " ",
        "packageSize": "1L",
        "packagePrice": "$0.30 per 100mL"
      }
    }
  },
  {
    "id": "massel-stock-beef-gourmet-liquid",
    "brand": "Massel",
    "name": "Beef Style Liquid Stock",
    "imageUrl": "https://shop.coles.com.au/wcsstore/Coles-CAS/images/6/2/7/6275952-th.jpg",
    "categories": ["winter"],
    "tags": ["soups-and-stock", "liquid-stocks"],
    "locations": {
      "vic": {
        "price": 3,
        "promoText": "Was $3.80 on Dec 2017 ",
        "packageSize": "1L",
        "packagePrice": "$3.00 per 1L"
      }
    }
  },
  {
    "id": "momos-meals-free-range-chicken-stock",
    "brand": "Momos Meals",
    "name": "Free Range Chicken Stock",
    "imageUrl": "https://shop.coles.com.au/wcsstore/Coles-CAS/images/1/8/1/1814200-th.jpg",
    "categories": ["winter"],
    "tags": ["soups-and-stock", "liquid-stocks"],
    "locations": {
      "vic": {
        "price": 6.25,
        "promoText": " ",
        "packageSize": "500mL",
        "packagePrice": "$1.25 per 100mL"
      }
    }
  },
  {
    "id": "momos-meals-free-range-beef-stock",
    "brand": "Momo's Meals",
    "name": "Free Range Beef Stock",
    "imageUrl": "https://shop.coles.com.au/wcsstore/Coles-CAS/images/1/8/1/1814197-th.jpg",
    "categories": ["winter"],
    "tags": ["soups-and-stock", "liquid-stocks"],
    "locations": {
      "vic": {
        "price": 6.25,
        "promoText": " ",
        "packageSize": "500mL",
        "packagePrice": "$1.25 per 100mL"
      }
    }
  },
  {
    "id": "campbells-stock-real-fish",
    "brand": "Campbell's",
    "name": "Real Fish Stock",
    "imageUrl": "https://shop.coles.com.au/wcsstore/Coles-CAS/images/1/1/9/1190182-th.jpg",
    "categories": ["winter"],
    "tags": ["soups-and-stock", "liquid-stocks"],
    "locations": {
      "vic": {
        "price": 2.3,
        "promoText": " ",
        "packageSize": "500mL",
        "packagePrice": "$0.46 per 100mL"
      }
    }
  },
  {
    "id": "coles-brand-stock-liquid-real-beef",
    "brand": "Coles",
    "name": "Real Beef Stock",
    "imageUrl": "https://shop.coles.com.au/wcsstore/Coles-CAS/images/7/1/5/7152062-th.jpg",
    "categories": ["winter"],
    "tags": ["soups-and-stock", "liquid-stocks"],
    "locations": {
      "vic": {
        "price": 1.9,
        "promoText": " ",
        "packageSize": "1L",
        "packagePrice": "$1.90 per 1L"
      }
    }
  },
  {
    "id": "coles-real-chicken-salt-reduced-liquid-stock",
    "brand": "Coles",
    "name": "Real Chicken Salt Reduced Liquid Stock",
    "imageUrl": "https://shop.coles.com.au/wcsstore/Coles-CAS/images/8/5/8/8588336-th.jpg",
    "categories": ["winter"],
    "tags": ["soups-and-stock", "liquid-stocks"],
    "locations": {
      "vic": {
        "price": 1.9,
        "promoText": " ",
        "packageSize": "1L",
        "packagePrice": "$0.19 per 100mL"
      }
    }
  },
  {
    "id": "coles-liquid-stock-mushroom-and-miso",
    "brand": "Coles",
    "name": "Japanese Inspired Mushroom & Miso Liquid Stock",
    "imageUrl": "https://shop.coles.com.au/wcsstore/Coles-CAS/images/3/4/5/3455583-th.jpg",
    "categories": ["winter"],
    "tags": ["soups-and-stock", "liquid-stocks"],
    "locations": {
      "vic": {
        "price": 3,
        "promoText": " ",
        "packageSize": "1L",
        "packagePrice": "$0.30 per 100mL"
      }
    }
  },
  {
    "id": "kraft-bonox",
    "brand": "Bonox",
    "name": "Concentrated Beef Stock",
    "imageUrl": "https://shop.coles.com.au/wcsstore/Coles-CAS/images/1/1/5/115909-th.jpg",
    "categories": ["winter"],
    "tags": ["soups-and-stock", "liquid-stocks"],
    "locations": {
      "vic": {
        "price": 5.2,
        "promoText": " ",
        "packageSize": "230g",
        "packagePrice": "$2.26 per 100G"
      }
    }
  },
  {
    "id": "campbells-chinese-dumpling-stock",
    "brand": "Campbells",
    "name": "Chinese Dumpling Stock",
    "imageUrl": "https://shop.coles.com.au/wcsstore/Coles-CAS/images/3/7/2/3729500-th.jpg",
    "categories": ["winter"],
    "tags": ["soups-and-stock", "liquid-stocks"],
    "locations": {
      "vic": {
        "price": 2,
        "promoText": "$2.00 ",
        "packageSize": "1L",
        "packagePrice": "$2.00 per 1L"
      }
    }
  },
  {
    "id": "simple-moisturiser-light",
    "brand": "Simple",
    "name": "Light Moisturiser",
    "imageUrl": "https://shop.coles.com.au/wcsstore/Coles-CAS/images/4/9/2/4920882-th.jpg",
    "categories": ["winter"],
    "tags": ["personal-care", "moisturisers"],
    "locations": {
      "vic": {
        "price": 10.5,
        "promoText": " ",
        "packageSize": "125mL",
        "packagePrice": "$8.40 per 100mL"
      }
    }
  },
  {
    "id": "olay-regenerist-micro-sculpting-night-cream",
    "brand": "Olay",
    "name": "Regenerist Micro-Sculpting Night Face Cream Moisturiser",
    "imageUrl": "https://shop.coles.com.au/wcsstore/Coles-CAS/images/1/6/5/1651354-th.jpg",
    "categories": ["winter"],
    "tags": ["personal-care", "moisturisers"],
    "locations": {
      "vic": {
        "price": 49,
        "promoText": " ",
        "packageSize": "50g",
        "packagePrice": "$98.00 per 100G"
      }
    }
  },
  {
    "id": "olay-total-effects-normal-spf-15",
    "brand": "Olay",
    "name": "Total Effects 7 In One Normal Day Face Cream SPF 15",
    "imageUrl": "https://shop.coles.com.au/wcsstore/Coles-CAS/images/5/9/9/5998138-th.jpg",
    "categories": ["winter"],
    "tags": ["personal-care", "moisturisers"],
    "locations": {
      "vic": {
        "price": 33.5,
        "promoText": " ",
        "packageSize": "50g",
        "packagePrice": "$67.00 per 100G"
      }
    }
  },
  {
    "id": "olay-complete-moisturising-lotion-uv-protection-spf15-sensitive",
    "brand": "Olay",
    "name": "Complete UV Protection Sensitive Moisturiser Lotion SPF 15+",
    "imageUrl": "https://shop.coles.com.au/wcsstore/Coles-CAS/images/5/2/9/5293529-th.jpg",
    "categories": ["winter"],
    "tags": ["personal-care", "moisturisers"],
    "locations": {
      "vic": {
        "price": 15.4,
        "promoText": " ",
        "packageSize": "150mL",
        "packagePrice": "$10.27 per 100mL"
      }
    }
  },
  {
    "id": "nivea-soft-intensive-moisturising-creme",
    "brand": "Nivea",
    "name": "Soft Cream Lotion Moisturiser  + Jojoba Oil & Vitamin E",
    "imageUrl": "https://shop.coles.com.au/wcsstore/Coles-CAS/images/6/0/8/6086596-th.jpg",
    "categories": ["winter"],
    "tags": ["personal-care", "moisturisers"],
    "locations": {
      "vic": {
        "price": 5,
        "promoText": "$5.00 ",
        "packageSize": "200mL",
        "packagePrice": "$2.50 per 100mL"
      }
    }
  },
  {
    "id": "nivea-visage-fluid-moisturiser-spf15",
    "brand": "Nivea",
    "name": "Moisturising Day Face Cream Fluid Spf15",
    "imageUrl": "https://shop.coles.com.au/wcsstore/Coles-CAS/images/5/1/4/5143435-th.jpg",
    "categories": ["winter"],
    "tags": ["personal-care", "moisturisers"],
    "locations": {
      "vic": {
        "price": 5.35,
        "promoText": "$2.30 ",
        "packageSize": "50mL",
        "packagePrice": "$10.70 per 100mL"
      }
    }
  },
  {
    "id": "sukin-facial-moisturiser-pump",
    "brand": "Sukin",
    "name": "Facial Moisturiser Pump",
    "imageUrl": "https://shop.coles.com.au/wcsstore/Coles-CAS/images/2/9/9/2994458-th.jpg",
    "categories": ["winter"],
    "tags": ["personal-care", "moisturisers"],
    "locations": {
      "vic": {
        "price": 13,
        "promoText": " ",
        "packageSize": "125mL",
        "packagePrice": "$10.40 per 100mL"
      }
    }
  },
  {
    "id": "garnier-bb-cream-sheer",
    "brand": "Garnier",
    "name": "BB Cream Nude Effect Universal Shade",
    "imageUrl": "https://shop.coles.com.au/wcsstore/Coles-CAS/images/2/8/5/2859510-th.jpg",
    "categories": ["winter"],
    "tags": ["personal-care", "moisturisers"],
    "locations": {
      "vic": {
        "price": 7.45,
        "promoText": "$7.45 ",
        "packageSize": "50mL",
        "packagePrice": "$14.90 per 100mL"
      }
    }
  },
  {
    "id": "olay-face-cream-base-normal",
    "brand": "Olay",
    "name": "Moisturising Cream",
    "imageUrl": "https://shop.coles.com.au/wcsstore/Coles-CAS/images/6/9/6/69696-th.jpg",
    "categories": ["winter"],
    "tags": ["personal-care", "moisturisers"],
    "locations": {
      "vic": {
        "price": 13,
        "promoText": " ",
        "packageSize": "100g",
        "packagePrice": "$13.00 per 100G"
      }
    }
  },
  {
    "id": "olay-face-lotion-moisturising-hydrating-normal",
    "brand": "Olay",
    "name": "Moisturising Lotion",
    "imageUrl": "https://shop.coles.com.au/wcsstore/Coles-CAS/images/1/4/8/148850-th.jpg",
    "categories": ["winter"],
    "tags": ["personal-care", "moisturisers"],
    "locations": {
      "vic": {
        "price": 13,
        "promoText": " ",
        "packageSize": "150mL",
        "packagePrice": "$8.67 per 100mL"
      }
    }
  },
  {
    "id": "rosehip-by-essano-rejuvenating-facial-moisturiser",
    "brand": "Essano",
    "name": "Rosehip Facial Moisturiser",
    "imageUrl": "https://shop.coles.com.au/wcsstore/Coles-CAS/images/1/9/5/1955359-th.jpg",
    "categories": ["winter"],
    "tags": ["personal-care", "moisturisers"],
    "locations": {
      "vic": {
        "price": 14,
        "promoText": "$6.00 ",
        "packageSize": "140mL",
        "packagePrice": "$10.00 per 100mL"
      }
    }
  },
  {
    "id": "garnier-miracle-skin-perfector-cream-medium",
    "brand": "Garnier",
    "name": "BB Cream Medium For Normal Skin",
    "imageUrl": "https://shop.coles.com.au/wcsstore/Coles-CAS/images/8/5/7/8573066-th.jpg",
    "categories": ["winter"],
    "tags": ["personal-care", "moisturisers"],
    "locations": {
      "vic": {
        "price": 7.85,
        "promoText": "$7.85 ",
        "packageSize": "50mL",
        "packagePrice": "$15.70 per 100mL"
      }
    }
  },
  {
    "id": "nivea-visage-daily-night-cream-dry-sensitive-skin",
    "brand": "Nivea",
    "name": "Daily Essentials Rich Regenerating Night Cream Face Moisturiser + Shea Butter for Dry Skin",
    "imageUrl": "https://shop.coles.com.au/wcsstore/Coles-CAS/images/8/5/8/8581982-th.jpg",
    "categories": ["winter"],
    "tags": ["personal-care", "moisturisers"],
    "locations": {
      "vic": {
        "price": 9.35,
        "promoText": "$4.05 ",
        "packageSize": "50mL",
        "packagePrice": "$18.70 per 100mL"
      }
    }
  },
  {
    "id": "nivea-soft-intensive-moisturising-creme-114451p",
    "brand": "Nivea",
    "name": "Soft Cream Lotion Moisturiser + Jojoba Oil & Vitamin E",
    "imageUrl": "https://shop.coles.com.au/wcsstore/Coles-CAS/images/1/1/4/114451-th.jpg",
    "categories": ["winter"],
    "tags": ["personal-care", "moisturisers"],
    "locations": {
      "vic": {
        "price": 3.75,
        "promoText": "$1.65 ",
        "packageSize": "75mL",
        "packagePrice": "$5.00 per 100mL"
      }
    }
  },
  {
    "id": "olay-complete-face-lotion-uv-dry-skin",
    "brand": "Olay",
    "name": "Complete UV Protection Normal To Dry Skin Moisturiser Lotion SPF 15+",
    "imageUrl": "https://shop.coles.com.au/wcsstore/Coles-CAS/images/5/2/9/5293540-th.jpg",
    "categories": ["winter"],
    "tags": ["personal-care", "moisturisers"],
    "locations": {
      "vic": {
        "price": 15.4,
        "promoText": " ",
        "packageSize": "150mL",
        "packagePrice": "$10.27 per 100mL"
      }
    }
  },
  {
    "id": "sukin-hydration-hyd-night-cream-60ml",
    "brand": "Sukin",
    "name": "Hydration Hydrafusion Night Cream 60ml",
    "imageUrl": "https://shop.coles.com.au/wcsstore/Coles-CAS/images/3/7/2/3728766-th.jpg",
    "categories": ["winter"],
    "tags": ["personal-care", "moisturisers"],
    "locations": {
      "vic": {
        "price": 23,
        "promoText": " ",
        "packageSize": "",
        "packagePrice": "$38.33 per 100mL"
      }
    }
  },
  {
    "id": "cca-face-dw-bb-medium-cream",
    "brand": "Cancer Council",
    "name": "Face day Wear BB Cream Matte Cream",
    "imageUrl": "https://shop.coles.com.au/wcsstore/Coles-CAS/images/3/2/4/3248385-th.jpg",
    "categories": ["winter"],
    "tags": ["personal-care", "moisturisers"],
    "locations": {
      "vic": {
        "price": 15,
        "promoText": " ",
        "packageSize": "50mL",
        "packagePrice": "$30.00 per 100mL"
      }
    }
  },
  {
    "id": "garnier-miracle-skin-perfector-cream-light",
    "brand": "Garnier",
    "name": "BB Cream Original Light",
    "imageUrl": "https://shop.coles.com.au/wcsstore/Coles-CAS/images/8/5/7/8573088-th.jpg",
    "categories": ["winter"],
    "tags": ["personal-care", "moisturisers"],
    "locations": {
      "vic": {
        "price": 7.87,
        "promoText": "$7.88 ",
        "packageSize": "50mL",
        "packagePrice": "$15.74 per 100mL"
      }
    }
  },
  {
    "id": "loreal-age-perfect-cream-intense-nutr-day",
    "brand": "L'Oreal",
    "name": "Paris Intense Nutrition Day Cream",
    "imageUrl": "https://shop.coles.com.au/wcsstore/Coles-CAS/images/8/5/7/8571887-th.jpg",
    "categories": ["winter"],
    "tags": ["personal-care", "moisturisers"],
    "locations": {
      "vic": {
        "price": 24.5,
        "promoText": "$10.50 ",
        "packageSize": "50mL",
        "packagePrice": "$49.00 per 100mL"
      }
    }
  },
  {
    "id": "loreal-revitalift-cream-anti-wrinkle-night",
    "brand": "L'Oreal",
    "name": "Paris Revitalift Night Cream",
    "imageUrl": "https://shop.coles.com.au/wcsstore/Coles-CAS/images/7/2/3/7231985-th.jpg",
    "categories": ["winter"],
    "tags": ["personal-care", "moisturisers"],
    "locations": {
      "vic": {
        "price": 23,
        "promoText": "$9.90 ",
        "packageSize": "50mL",
        "packagePrice": "$46.00 per 100mL"
      }
    }
  },
  {
    "id": "loreal-revitalift-day-cream",
    "brand": "L'Oreal",
    "name": "Revitalift Day Cream",
    "imageUrl": "https://shop.coles.com.au/wcsstore/Coles-CAS/images/6/0/8/6089030-th.jpg",
    "categories": ["winter"],
    "tags": ["personal-care", "moisturisers"],
    "locations": {
      "vic": {
        "price": 23,
        "promoText": "$9.90 ",
        "packageSize": "50mL",
        "packagePrice": "$46.00 per 100mL"
      }
    }
  },
  {
    "id": "loreal-revitalift-laser-renew-moisturiser-1161435p",
    "brand": "L'Oreal",
    "name": "Revitalift Laser Antiaging Day Moisturiser",
    "imageUrl": "https://shop.coles.com.au/wcsstore/Coles-CAS/images/1/1/6/1161435-th.jpg",
    "categories": ["winter"],
    "tags": ["personal-care", "moisturisers"],
    "locations": {
      "vic": {
        "price": 31.5,
        "promoText": "$13.50 ",
        "packageSize": "50mL",
        "packagePrice": "$63.00 per 100mL"
      }
    }
  },
  {
    "id": "loreal-revitalift-moisturiser-spf-15-1982260p",
    "brand": "L'Oreal",
    "name": "Revitalift Moisturiser SPF 15+",
    "imageUrl": "https://shop.coles.com.au/wcsstore/Coles-CAS/images/1/9/8/1982260-th.jpg",
    "categories": ["winter"],
    "tags": ["personal-care", "moisturisers"],
    "locations": {
      "vic": {
        "price": 23,
        "promoText": "$9.90 ",
        "packageSize": "50mL",
        "packagePrice": "$46.00 per 100mL"
      }
    }
  },
  {
    "id": "loreal-revitalist-filler-day-cream",
    "brand": "L'Oreal",
    "name": "Revitalift Filler Day Cream",
    "imageUrl": "https://shop.coles.com.au/wcsstore/Coles-CAS/images/2/4/2/2428541-th.jpg",
    "categories": ["winter"],
    "tags": ["personal-care", "moisturisers"],
    "locations": {
      "vic": {
        "price": 31.5,
        "promoText": "$13.50 ",
        "packageSize": "50mL",
        "packagePrice": "$63.00 per 100mL"
      }
    }
  },
  {
    "id": "loreal--revitalift-laser-x3-night-cream",
    "brand": "L'Oreal",
    "name": "Revitalift Laser X3 Night Cream",
    "imageUrl": "https://shop.coles.com.au/wcsstore/Coles-CAS/images/1/6/8/1685640-th.jpg",
    "categories": ["winter"],
    "tags": ["personal-care", "moisturisers"],
    "locations": {
      "vic": {
        "price": 31.5,
        "promoText": "$13.50 ",
        "packageSize": "50mL",
        "packagePrice": "$63.00 per 100mL"
      }
    }
  },
  {
    "id": "loreal-paris-revitalift-moisturiser-night-filler",
    "brand": "L'Oreal",
    "name": "Paris Revitalift Moisturiser Night Filler",
    "imageUrl": "https://shop.coles.com.au/wcsstore/Coles-CAS/images/3/2/3/3239486-th.jpg",
    "categories": ["winter"],
    "tags": ["personal-care", "moisturisers"],
    "locations": {
      "vic": {
        "price": 31.5,
        "promoText": "$13.50 ",
        "packageSize": "50mL",
        "packagePrice": "$63.00 per 100mL"
      }
    }
  },
  {
    "id": "loreal-revitalift-ginsng-glow-enrgsng-d-crm",
    "brand": "L'Oreal",
    "name": "Revitalift Ginseng Glow Energising Red Day Cream",
    "imageUrl": "https://shop.coles.com.au/wcsstore/Coles-CAS/images/3/5/5/3557889-th.jpg",
    "categories": ["winter"],
    "tags": ["personal-care", "moisturisers"],
    "locations": {
      "vic": {
        "price": 27.3,
        "promoText": "$11.70 ",
        "packageSize": "50mL",
        "packagePrice": "$54.60 per 100mL"
      }
    }
  },
  {
    "id": "neutrogena-hydroboost-night-concentrator",
    "brand": "Neutrogena",
    "name": "Hydro Boost Night Concentrator",
    "imageUrl": "https://shop.coles.com.au/wcsstore/Coles-CAS/images/2/2/0/2207360-th.jpg",
    "categories": ["winter"],
    "tags": ["personal-care", "moisturisers"],
    "locations": {
      "vic": {
        "price": 27,
        "promoText": " ",
        "packageSize": "50g",
        "packagePrice": "$54.00 per 100G"
      }
    }
  },
  {
    "id": "neutrogena-hydroboost-water-gel",
    "brand": "Neutrogena",
    "name": "Hydro Boost Water Gel",
    "imageUrl": "https://shop.coles.com.au/wcsstore/Coles-CAS/images/2/2/0/2207350-th.jpg",
    "categories": ["winter"],
    "tags": ["personal-care", "moisturisers"],
    "locations": {
      "vic": {
        "price": 27,
        "promoText": " ",
        "packageSize": "50g",
        "packagePrice": "$54.00 per 100G"
      }
    }
  },
  {
    "id": "nivea-visage-daily-night-cream-normal-combination-skin",
    "brand": "Nivea",
    "name": "Daily Essentials Night Cream Face Moisturiser + Vitamin E",
    "imageUrl": "https://shop.coles.com.au/wcsstore/Coles-CAS/images/8/5/8/8581938-th.jpg",
    "categories": ["winter"],
    "tags": ["personal-care", "moisturisers"],
    "locations": {
      "vic": {
        "price": 9.35,
        "promoText": "$4.05 ",
        "packageSize": "50mL",
        "packagePrice": "$18.70 per 100mL"
      }
    }
  },
  {
    "id": "nivea-daily-essentials-moisturiser-cream-dry-sensitive",
    "brand": "Nivea",
    "name": "Rich Day Cream Face Moisturiser + Shea Butter & SPF30",
    "imageUrl": "https://shop.coles.com.au/wcsstore/Coles-CAS/images/9/8/7/9875763-th.jpg",
    "categories": ["winter"],
    "tags": ["personal-care", "moisturisers"],
    "locations": {
      "vic": {
        "price": 9.45,
        "promoText": "$4.05 ",
        "packageSize": "50mL",
        "packagePrice": "$18.90 per 100mL"
      }
    }
  },
  {
    "id": "nivea-daily-essentials-moisturiser-cream-normal-combination",
    "brand": "Nivea",
    "name": "Daily Essentials Light Day Cream Face Moisturiser + Vitamin E & SPF30",
    "imageUrl": "https://shop.coles.com.au/wcsstore/Coles-CAS/images/9/8/7/9875774-th.jpg",
    "categories": ["winter"],
    "tags": ["personal-care", "moisturisers"],
    "locations": {
      "vic": {
        "price": 9.45,
        "promoText": "$4.05 ",
        "packageSize": "50mL",
        "packagePrice": "$18.90 per 100mL"
      }
    }
  },
  {
    "id": "nivea-creme-tin-moisturiser",
    "brand": "Nivea",
    "name": "All Purpose Cream Moisturiser for Body Face & Hands",
    "imageUrl": "https://shop.coles.com.au/wcsstore/Coles-CAS/images/2/8/5/2857934-th.jpg",
    "categories": ["winter"],
    "tags": ["personal-care", "moisturisers"],
    "locations": {
      "vic": {
        "price": 4,
        "promoText": "$4.00 ",
        "packageSize": "150mL",
        "packagePrice": "$2.67 per 100mL"
      }
    }
  },
  {
    "id": "nivea-q10-power-day-cream-mature-sfp15",
    "brand": "Nivea",
    "name": "Q10 Mature Anti-Wrinkle Day Cream Face Moisturiser + Argan Oil & SPF15",
    "imageUrl": "https://shop.coles.com.au/wcsstore/Coles-CAS/images/3/7/2/3727184-th.jpg",
    "categories": ["winter"],
    "tags": ["personal-care", "moisturisers"],
    "locations": {
      "vic": {
        "price": 15.4,
        "promoText": "$6.60 ",
        "packageSize": "50mL",
        "packagePrice": "$30.80 per 100mL"
      }
    }
  },
  {
    "id": "nivea-q10-power-night-cream-mature",
    "brand": "Nivea",
    "name": "Q10 Mature Anti-Wrinkle Night Cream Face Moisturiser + Argan Oil",
    "imageUrl": "https://shop.coles.com.au/wcsstore/Coles-CAS/images/3/7/2/3727195-th.jpg",
    "categories": ["winter"],
    "tags": ["personal-care", "moisturisers"],
    "locations": {
      "vic": {
        "price": 15.4,
        "promoText": "$6.60 ",
        "packageSize": "50mL",
        "packagePrice": "$30.80 per 100mL"
      }
    }
  },
  {
    "id": "olay-provital-revitalizing-night-cream",
    "brand": "Olay",
    "name": "Provital Revitalizing Night Cream",
    "imageUrl": "https://shop.coles.com.au/wcsstore/Coles-CAS/images/7/7/8/7782628-th.jpg",
    "categories": ["winter"],
    "tags": ["personal-care", "moisturisers"],
    "locations": {
      "vic": {
        "price": 17.5,
        "promoText": " ",
        "packageSize": "50g",
        "packagePrice": "$35.00 per 100G"
      }
    }
  },
  {
    "id": "olay-total-effects-a-touch-of-foundation-spf-15",
    "brand": "Olay",
    "name": "Total Effects 7 in One Touch of Foundation BB Crème Face Cream SPF 15",
    "imageUrl": "https://shop.coles.com.au/wcsstore/Coles-CAS/images/6/8/8/6889761-th.jpg",
    "categories": ["winter"],
    "tags": ["personal-care", "moisturisers"],
    "locations": {
      "vic": {
        "price": 33.5,
        "promoText": " ",
        "packageSize": "50g",
        "packagePrice": "$67.00 per 100G"
      }
    }
  },
  {
    "id": "olay-face-cream-for-sensitive-skin",
    "brand": "Olay",
    "name": "Sensitive Skin Moisturiser Cream",
    "imageUrl": "https://shop.coles.com.au/wcsstore/Coles-CAS/images/5/0/3/5037201-th.jpg",
    "categories": ["winter"],
    "tags": ["personal-care", "moisturisers"],
    "locations": {
      "vic": {
        "price": 13,
        "promoText": " ",
        "packageSize": "100g",
        "packagePrice": "$13.00 per 100G"
      }
    }
  },
  {
    "id": "olay-total-effects-moisturiser-normal-8944259p",
    "brand": "Olay",
    "name": "Total Effects 7 in One Normal Day Face Cream",
    "imageUrl": "https://shop.coles.com.au/wcsstore/Coles-CAS/images/8/9/4/8944259-th.jpg",
    "categories": ["winter"],
    "tags": ["personal-care", "moisturisers"],
    "locations": {
      "vic": {
        "price": 33.5,
        "promoText": " ",
        "packageSize": "50g",
        "packagePrice": "$67.00 per 100G"
      }
    }
  },
  {
    "id": "olay-total-effects-moisturiser-cream-uv-protection-9245969p",
    "brand": "Olay",
    "name": "Total Effects 7 in One UV Protection Gentle Day Face Cream SPF 15",
    "imageUrl": "https://shop.coles.com.au/wcsstore/Coles-CAS/images/9/2/4/9245969-th.jpg",
    "categories": ["winter"],
    "tags": ["personal-care", "moisturisers"],
    "locations": {
      "vic": {
        "price": 33.5,
        "promoText": " ",
        "packageSize": "50g",
        "packagePrice": "$67.00 per 100G"
      }
    }
  },
  {
    "id": "olay-whips-face-cream-regenerist",
    "brand": "Olay",
    "name": "Regenerist Whip Active Moisturiser",
    "imageUrl": "https://shop.coles.com.au/wcsstore/Coles-CAS/images/3/4/4/3445590-th.jpg",
    "categories": ["winter"],
    "tags": ["personal-care", "moisturisers"],
    "locations": {
      "vic": {
        "price": 49,
        "promoText": " ",
        "packageSize": "50g",
        "packagePrice": "$9.80 per 10G"
      }
    }
  },
  {
    "id": "olay-face-cream-rg-uv-whip-spf30",
    "brand": "Olay",
    "name": "Regenerist UV Whip Active Moisturiser SPF 30",
    "imageUrl": "https://shop.coles.com.au/wcsstore/Coles-CAS/images/3/5/3/3537462-th.jpg",
    "categories": ["winter"],
    "tags": ["personal-care", "moisturisers"],
    "locations": {
      "vic": {
        "price": 49,
        "promoText": " ",
        "packageSize": "50g",
        "packagePrice": "$98.00 per 100G"
      }
    }
  },
  {
    "id": "thursday-plantation-tea-tree-face-cream",
    "brand": "Thursday Plantation",
    "name": "Tea Tree Face Cream",
    "imageUrl": "https://shop.coles.com.au/wcsstore/Coles-CAS/images/2/8/5/2859816-th.jpg",
    "categories": ["winter"],
    "tags": ["personal-care", "moisturisers"],
    "locations": {
      "vic": {
        "price": 12,
        "promoText": " ",
        "packageSize": "65g",
        "packagePrice": "$18.46 per 100G"
      }
    }
  },
  {
    "id": "head-shoulders-anti-dandruff-clean-balanced-shampoo",
    "brand": "Head & Shoulders",
    "name": "Clean & Balanced Anti-Dandruff Shampoo",
    "imageUrl": "https://shop.coles.com.au/wcsstore/Coles-CAS/images/9/0/1/9015390-th.jpg",
    "categories": ["winter"],
    "tags": ["personal-care", "anti-dandruff-shampo"],
    "locations": {
      "vic": {
        "price": 11,
        "promoText": " ",
        "packageSize": "400mL",
        "packagePrice": "$2.75 per 100mL"
      }
    }
  },
  {
    "id": "head-shoulders-anti-dandruff-dry-scalp-care-shampoo-9269898p",
    "brand": "Head & Shoulders",
    "name": "Anti-Dandruff Dry Scalp Care Shampoo",
    "imageUrl": "https://shop.coles.com.au/wcsstore/Coles-CAS/images/9/2/6/9269898-th.jpg",
    "categories": ["winter"],
    "tags": ["personal-care", "anti-dandruff-shampo"],
    "locations": {
      "vic": {
        "price": 11,
        "promoText": " ",
        "packageSize": "400mL",
        "packagePrice": "$2.75 per 100mL"
      }
    }
  },
  {
    "id": "head-shoulders-shampoo-conditioner-2in1-dry-scalp",
    "brand": "Head & Shoulders",
    "name": "2 in 1 Dry Scalp Shampoo & Conditioner",
    "imageUrl": "https://shop.coles.com.au/wcsstore/Coles-CAS/images/1/5/9/1593098-th.jpg",
    "categories": ["winter"],
    "tags": ["personal-care", "anti-dandruff-shampo"],
    "locations": {
      "vic": {
        "price": 11,
        "promoText": " ",
        "packageSize": "350mL",
        "packagePrice": "$3.14 per 100mL"
      }
    }
  },
  {
    "id": "head-shoulders-clean-balanced-shampoo",
    "brand": "Head & Shoulders",
    "name": "Clean & Balanced Shampoo",
    "imageUrl": "https://shop.coles.com.au/wcsstore/Coles-CAS/images/2/3/5/2350273-th.jpg",
    "categories": ["winter"],
    "tags": ["personal-care", "anti-dandruff-shampo"],
    "locations": {
      "vic": {
        "price": 12,
        "promoText": "Was $16.00 on Feb 2018 ",
        "packageSize": "620mL",
        "packagePrice": "$1.94 per 100mL"
      }
    }
  },
  {
    "id": "head-shoulders-supreme-shampoo-moisture-3164070p",
    "brand": "Head & Shoulders",
    "name": "Supreme Moisture Anti-Dandruff Shampoo",
    "imageUrl": "https://shop.coles.com.au/wcsstore/Coles-CAS/images/3/1/6/3164070-th.jpg",
    "categories": ["winter"],
    "tags": ["personal-care", "anti-dandruff-shampo"],
    "locations": {
      "vic": {
        "price": 15,
        "promoText": " ",
        "packageSize": "400mL",
        "packagePrice": "$3.75 per 100mL"
      }
    }
  },
  {
    "id": "head-shoulders-supreme-conditioner-moisture-3164081p",
    "brand": "Head & Shoulders",
    "name": "Supreme Moisture Conditioner",
    "imageUrl": "https://shop.coles.com.au/wcsstore/Coles-CAS/images/3/1/6/3164081-th.jpg",
    "categories": ["winter"],
    "tags": ["personal-care", "anti-dandruff-shampo"],
    "locations": {
      "vic": {
        "price": 15,
        "promoText": " ",
        "packageSize": "400mL",
        "packagePrice": "$3.75 per 100mL"
      }
    }
  },
  {
    "id": "head-shoulders-shampoo-itchy-scalp-7833886p",
    "brand": "Head & Shoulders",
    "name": "Itchy Scalp Shampoo",
    "imageUrl": "https://shop.coles.com.au/wcsstore/Coles-CAS/images/7/8/3/7833886-th.jpg",
    "categories": ["winter"],
    "tags": ["personal-care", "anti-dandruff-shampo"],
    "locations": {
      "vic": {
        "price": 11,
        "promoText": " ",
        "packageSize": "400mL",
        "packagePrice": "$2.75 per 100mL"
      }
    }
  },
  {
    "id": "head-shoulders-ultramen-shampoo-old-spice-2in1-3416195p",
    "brand": "Head & Shoulders",
    "name": "Ultra Men 2 In 1 Old Spice Shampoo",
    "imageUrl": "https://shop.coles.com.au/wcsstore/Coles-CAS/images/3/4/1/3416195-th.jpg",
    "categories": ["winter"],
    "tags": ["personal-care", "anti-dandruff-shampo"],
    "locations": {
      "vic": {
        "price": 15,
        "promoText": " ",
        "packageSize": "400mL",
        "packagePrice": "$3.75 per 100mL"
      }
    }
  },
  {
    "id": "head-shoulders-shampoo-deep-clean-2in1",
    "brand": "Head & Shoulders",
    "name": "Ultra Men 2 in 1 Deep Clean Shampoo + Conditioner",
    "imageUrl": "https://shop.coles.com.au/wcsstore/Coles-CAS/images/3/4/1/3416130-th.jpg",
    "categories": ["winter"],
    "tags": ["personal-care", "anti-dandruff-shampo"],
    "locations": {
      "vic": {
        "price": 19,
        "promoText": " ",
        "packageSize": "550mL",
        "packagePrice": "$3.45 per 100mL"
      }
    }
  },
  {
    "id": "selsun-medicated-scalp-treatment-shampoo",
    "brand": "Selsun",
    "name": "Gold Dandruff Treatment Shampoo",
    "imageUrl": "https://shop.coles.com.au/wcsstore/Coles-CAS/images/9/6/9/9695590-th.jpg",
    "categories": ["winter"],
    "tags": ["personal-care", "anti-dandruff-shampo"],
    "locations": {
      "vic": {
        "price": 8.8,
        "promoText": "$2.20 ",
        "packageSize": "200mL",
        "packagePrice": "$4.40 per 100mL"
      }
    }
  },
  {
    "id": "head-shoulders-conditioner-anti-dandruff-clean-balanced",
    "brand": "Head & Shoulders",
    "name": "Clean & Balanced Anti-Dandruff Conditioner",
    "imageUrl": "https://shop.coles.com.au/wcsstore/Coles-CAS/images/6/0/9/6094889-th.jpg",
    "categories": ["winter"],
    "tags": ["personal-care", "anti-dandruff-shampo"],
    "locations": {
      "vic": {
        "price": 11,
        "promoText": " ",
        "packageSize": "400mL",
        "packagePrice": "$2.75 per 100mL"
      }
    }
  },
  {
    "id": "head-shoulders-conditioner-anti-dandruff-smooth-silky",
    "brand": "Head & Shoulders",
    "name": "Smooth & Silky Anti-Dandruff Conditioner",
    "imageUrl": "https://shop.coles.com.au/wcsstore/Coles-CAS/images/4/7/1/4714202-th.jpg",
    "categories": ["winter"],
    "tags": ["personal-care", "anti-dandruff-shampo"],
    "locations": {
      "vic": {
        "price": 11,
        "promoText": " ",
        "packageSize": "400mL",
        "packagePrice": "$2.75 per 100mL"
      }
    }
  },
  {
    "id": "head-shoulders-conditioner-anti-dandruff-dry-scalp-care",
    "brand": "Head & Shoulders",
    "name": "Dry Scalp Care Anti-Dandruff Conditioner",
    "imageUrl": "https://shop.coles.com.au/wcsstore/Coles-CAS/images/4/7/1/4714188-th.jpg",
    "categories": ["winter"],
    "tags": ["personal-care", "anti-dandruff-shampo"],
    "locations": {
      "vic": {
        "price": 11,
        "promoText": " ",
        "packageSize": "400mL",
        "packagePrice": "$2.75 per 100mL"
      }
    }
  },
  {
    "id": "head-shoulders-anti-dandruff-smooth-silky-shampoo-9015380p",
    "brand": "Head & Shoulders",
    "name": "Smooth & Silky Anti-Dandruff Shampoo",
    "imageUrl": "https://shop.coles.com.au/wcsstore/Coles-CAS/images/9/0/1/9015380-th.jpg",
    "categories": ["winter"],
    "tags": ["personal-care", "anti-dandruff-shampo"],
    "locations": {
      "vic": {
        "price": 11,
        "promoText": " ",
        "packageSize": "400mL",
        "packagePrice": "$2.75 per 100mL"
      }
    }
  },
  {
    "id": "head-and-shoulders-apple-fresh-shampoo-9932801p",
    "brand": "Head & Shoulders",
    "name": "Apple Fresh Shampoo",
    "imageUrl": "https://shop.coles.com.au/wcsstore/Coles-CAS/images/9/9/3/9932801-th.jpg",
    "categories": ["winter"],
    "tags": ["personal-care", "anti-dandruff-shampo"],
    "locations": {
      "vic": {
        "price": 11,
        "promoText": " ",
        "packageSize": "400mL",
        "packagePrice": "$2.75 per 100mL"
      }
    }
  },
  {
    "id": "head-shoulders-anti-dandruff-clean-balanced-shampoo-9015404p",
    "brand": "Head & Shoulders",
    "name": "Clean & Balanced Anti-Dandruff Shampoo",
    "imageUrl": "https://shop.coles.com.au/wcsstore/Coles-CAS/images/9/0/1/9015404-th.jpg",
    "categories": ["winter"],
    "tags": ["personal-care", "anti-dandruff-shampo"],
    "locations": {
      "vic": {
        "price": 4.45,
        "promoText": "$1.95 ",
        "packageSize": "200mL",
        "packagePrice": "$2.23 per 100mL"
      }
    }
  },
  {
    "id": "head-shoulders-shampoo-conditioner-2in1-itchy-scalp",
    "brand": "Head & Shoulders",
    "name": "Itchy Scalp 2 In 1 Shampoo & Conditioner",
    "imageUrl": "https://shop.coles.com.au/wcsstore/Coles-CAS/images/1/5/9/1593087-th.jpg",
    "categories": ["winter"],
    "tags": ["personal-care", "anti-dandruff-shampo"],
    "locations": {
      "vic": {
        "price": 11,
        "promoText": " ",
        "packageSize": "350mL",
        "packagePrice": "$3.14 per 100mL"
      }
    }
  },
  {
    "id": "head-shoulders-itchy-scalp-shampoo",
    "brand": "Head & Shoulders",
    "name": "Itchy Scalp Care Shampoo",
    "imageUrl": "https://shop.coles.com.au/wcsstore/Coles-CAS/images/2/3/5/2350310-th.jpg",
    "categories": ["winter"],
    "tags": ["personal-care", "anti-dandruff-shampo"],
    "locations": {
      "vic": {
        "price": 12,
        "promoText": "Was $16.00 on Feb 2018 ",
        "packageSize": "620mL",
        "packagePrice": "$1.94 per 100mL"
      }
    }
  },
  {
    "id": "head-shoulders-ultramen-shampoo-hair-retain-2in1",
    "brand": "Head & Shoulders",
    "name": "Ultra Men 2 In 1 Hair Retain Shampoo",
    "imageUrl": "https://shop.coles.com.au/wcsstore/Coles-CAS/images/3/4/1/3416162-th.jpg",
    "categories": ["winter"],
    "tags": ["personal-care", "anti-dandruff-shampo"],
    "locations": {
      "vic": {
        "price": 15,
        "promoText": " ",
        "packageSize": "400mL",
        "packagePrice": "$3.75 per 100mL"
      }
    }
  },
  {
    "id": "head-shoulders-ultramen-shampoo-deep-clean-2in1-3416173p",
    "brand": "Head & Shoulders",
    "name": "Ultra Men 2 In1 Deep Clean Anti-Dandruff Shampoo + Conditioner",
    "imageUrl": "https://shop.coles.com.au/wcsstore/Coles-CAS/images/3/4/1/3416173-th.jpg",
    "categories": ["winter"],
    "tags": ["personal-care", "anti-dandruff-shampo"],
    "locations": {
      "vic": {
        "price": 15,
        "promoText": " ",
        "packageSize": "400mL",
        "packagePrice": "$3.75 per 100mL"
      }
    }
  },
  {
    "id": "head-shoulders-supreme-moisture-shampoo",
    "brand": "Head & Shoulders",
    "name": "Supreme Moisture Shampoo",
    "imageUrl": "https://shop.coles.com.au/wcsstore/Coles-CAS/images/3/4/1/3418736-th.jpg",
    "categories": ["winter"],
    "tags": ["personal-care", "anti-dandruff-shampo"],
    "locations": {
      "vic": {
        "price": 19,
        "promoText": " ",
        "packageSize": "550mL",
        "packagePrice": "$3.45 per 100mL"
      }
    }
  },
  {
    "id": "selsun-blue-5-shampoo",
    "brand": "Selsun",
    "name": "Blue Replenishing Anti-Dandruff Shampoo",
    "imageUrl": "https://shop.coles.com.au/wcsstore/Coles-CAS/images/2/5/6/256591-th.jpg",
    "categories": ["winter"],
    "tags": ["personal-care", "anti-dandruff-shampo"],
    "locations": {
      "vic": {
        "price": 4.4,
        "promoText": "$1.10 ",
        "packageSize": "200mL",
        "packagePrice": "$2.20 per 100mL"
      }
    }
  },
  {
    "id": "head-shoulders-conditioner-anti-dandruff-balanced",
    "brand": "Head & Shoulders",
    "name": "Clean & Balanced Hair Anti-Dandruff Conditioner",
    "imageUrl": "https://shop.coles.com.au/wcsstore/Coles-CAS/images/4/7/1/4712998-th.jpg",
    "categories": ["winter"],
    "tags": ["personal-care", "anti-dandruff-shampo"],
    "locations": {
      "vic": {
        "price": 4.45,
        "promoText": "$1.95 ",
        "packageSize": "200mL",
        "packagePrice": "$2.23 per 100mL"
      }
    }
  },
  {
    "id": "head-shoulders-2-in-1-dry-scalp-shampoo",
    "brand": "Head & Shoulders",
    "name": "2 in 1 Dry Scalp Shampoo & Conditioner",
    "imageUrl": "https://shop.coles.com.au/wcsstore/Coles-CAS/images/2/1/2/2123760-th.jpg",
    "categories": ["winter"],
    "tags": ["personal-care", "anti-dandruff-shampo"],
    "locations": {
      "vic": {
        "price": 4.45,
        "promoText": "$1.95 ",
        "packageSize": "180mL",
        "packagePrice": "$2.47 per 100mL"
      }
    }
  },
  {
    "id": "head-shoulders-smooth-silky-conditioner",
    "brand": "Head & Shoulders",
    "name": "Smooth & Silky Conditioner",
    "imageUrl": "https://shop.coles.com.au/wcsstore/Coles-CAS/images/2/3/5/2350284-th.jpg",
    "categories": ["winter"],
    "tags": ["personal-care", "anti-dandruff-shampo"],
    "locations": {
      "vic": {
        "price": 12,
        "promoText": "Was $16.00 on Feb 2018 ",
        "packageSize": "620mL",
        "packagePrice": "$1.94 per 100mL"
      }
    }
  },
  {
    "id": "head-shoulders-apple-fresh-shampoo",
    "brand": "Head & Shoulders",
    "name": "Apple Fresh Shampoo",
    "imageUrl": "https://shop.coles.com.au/wcsstore/Coles-CAS/images/2/3/5/2350240-th.jpg",
    "categories": ["winter"],
    "tags": ["personal-care", "anti-dandruff-shampo"],
    "locations": {
      "vic": {
        "price": 12,
        "promoText": "Was $16.00 on Feb 2018 ",
        "packageSize": "620mL",
        "packagePrice": "$1.94 per 100mL"
      }
    }
  },
  {
    "id": "head-shoulders-dry-scalp-shampoo",
    "brand": "Head & Shoulders",
    "name": "Dry Scalp Shampoo",
    "imageUrl": "https://shop.coles.com.au/wcsstore/Coles-CAS/images/2/3/5/2350295-th.jpg",
    "categories": ["winter"],
    "tags": ["personal-care", "anti-dandruff-shampo"],
    "locations": {
      "vic": {
        "price": 12,
        "promoText": "Was $16.00 on Feb 2018 ",
        "packageSize": "620mL",
        "packagePrice": "$1.94 per 100mL"
      }
    }
  },
  {
    "id": "head-shoulders-smooth-silky-shampoo",
    "brand": "Head & Shoulders",
    "name": "Smooth & Silky Shampoo",
    "imageUrl": "https://shop.coles.com.au/wcsstore/Coles-CAS/images/2/3/5/2350320-th.jpg",
    "categories": ["winter"],
    "tags": ["personal-care", "anti-dandruff-shampo"],
    "locations": {
      "vic": {
        "price": 12,
        "promoText": "Was $16.00 on Feb 2018 ",
        "packageSize": "620mL",
        "packagePrice": "$1.94 per 100mL"
      }
    }
  },
  {
    "id": "head-shoulders-supreme-conditioner-smooth-3164139p",
    "brand": "Head & Shoulders",
    "name": "Supreme Smooth Conditioner",
    "imageUrl": "https://shop.coles.com.au/wcsstore/Coles-CAS/images/3/1/6/3164139-th.jpg",
    "categories": ["winter"],
    "tags": ["personal-care", "anti-dandruff-shampo"],
    "locations": {
      "vic": {
        "price": 15,
        "promoText": " ",
        "packageSize": "400mL",
        "packagePrice": "$3.75 per 100mL"
      }
    }
  },
  {
    "id": "head-shoulders-supreme-shampoo-smooth-3164106p",
    "brand": "Head & Shoulders",
    "name": "Supreme Smooth Anti Dandruff Shampoo",
    "imageUrl": "https://shop.coles.com.au/wcsstore/Coles-CAS/images/3/1/6/3164106-th.jpg",
    "categories": ["winter"],
    "tags": ["personal-care", "anti-dandruff-shampo"],
    "locations": {
      "vic": {
        "price": 15,
        "promoText": " ",
        "packageSize": "400mL",
        "packagePrice": "$3.75 per 100mL"
      }
    }
  },
  {
    "id": "head-shoulders-shampoo-old-spice-2in1",
    "brand": "Head & Shoulders",
    "name": "2 in 1 Ultra Men Old Spice Shampoo",
    "imageUrl": "https://shop.coles.com.au/wcsstore/Coles-CAS/images/3/4/1/3416140-th.jpg",
    "categories": ["winter"],
    "tags": ["personal-care", "anti-dandruff-shampo"],
    "locations": {
      "vic": {
        "price": 19,
        "promoText": " ",
        "packageSize": "550mL",
        "packagePrice": "$3.45 per 100mL"
      }
    }
  },
  {
    "id": "head-shoulders-ultramen-shampoo-sports-2in1",
    "brand": "Head & Shoulders",
    "name": "Ultra Men 2 In1 Sports Fresh Anti-Dandruff Shampoo + Conditioner",
    "imageUrl": "https://shop.coles.com.au/wcsstore/Coles-CAS/images/3/4/1/3416151-th.jpg",
    "categories": ["winter"],
    "tags": ["personal-care", "anti-dandruff-shampo"],
    "locations": {
      "vic": {
        "price": 15,
        "promoText": " ",
        "packageSize": "400mL",
        "packagePrice": "$3.75 per 100mL"
      }
    }
  },
  {
    "id": "neutrogena-t-gel-hair-shampoo",
    "brand": "Neutrogena",
    "name": "T Gel Hair Shampoo",
    "imageUrl": "https://shop.coles.com.au/wcsstore/Coles-CAS/images/5/5/5/5552773-th.jpg",
    "categories": ["winter"],
    "tags": ["personal-care", "anti-dandruff-shampo"],
    "locations": {
      "vic": {
        "price": 13,
        "promoText": " ",
        "packageSize": "200mL",
        "packagePrice": "$6.50 per 100mL"
      }
    }
  },
  {
    "id": "neutrogena-t-gel-anti-dandruff-shampoo-2-in-1",
    "brand": "Neutrogena",
    "name": "T Gel Anti Dandruff  2 in 1 Shampoo",
    "imageUrl": "https://shop.coles.com.au/wcsstore/Coles-CAS/images/4/7/1/4716060-th.jpg",
    "categories": ["winter"],
    "tags": ["personal-care", "anti-dandruff-shampo"],
    "locations": {
      "vic": {
        "price": 6.3,
        "promoText": " ",
        "packageSize": "200mL",
        "packagePrice": "$3.15 per 100mL"
      }
    }
  },
  {
    "id": "sukin-hand-wash-lime-coconut",
    "brand": "Sukin",
    "name": "Lime & Coconut Cleansing Hand Wash",
    "imageUrl": "https://shop.coles.com.au/wcsstore/Coles-CAS/images/3/5/5/3552149-th.jpg",
    "categories": ["winter"],
    "tags": ["personal-care", "hand-wash-sanitisers"],
    "locations": {
      "vic": {
        "price": 9.95,
        "promoText": "Was $13.00 on Jan 2020 ",
        "packageSize": "500mL",
        "packagePrice": "$1.99 per 100mL"
      }
    }
  },
  {
    "id": "coles-antibacterial-hand-wash-sensitive",
    "brand": "Coles",
    "name": "Antibacterial Hand Wash Sensitive",
    "imageUrl": "https://shop.coles.com.au/wcsstore/Coles-CAS/images/3/2/3/3234562-th.jpg",
    "categories": ["winter"],
    "tags": ["personal-care", "hand-wash-sanitisers"],
    "locations": {
      "vic": {
        "price": 3,
        "promoText": " ",
        "packageSize": "1L",
        "packagePrice": "$0.30 per 100mL"
      }
    }
  },
  {
    "id": "dettol-2in1-hand-surfaces-antibacterial-wipes-15s",
    "brand": "Dettol",
    "name": "2 in 1 Hands and Surfaces Antibacterial 15 Wipes",
    "imageUrl": "https://shop.coles.com.au/wcsstore/Coles-CAS/images/3/0/1/3013632-th.jpg",
    "categories": ["winter"],
    "tags": ["personal-care", "hand-wash-sanitisers"],
    "locations": {
      "vic": {
        "price": 3,
        "promoText": " ",
        "packageSize": "1 pack",
        "packagePrice": "$3.00 per 1Ea"
      }
    }
  },
  {
    "id": "thankyou-lemon-lime-sanitizer",
    "brand": "Thankyou",
    "name": "Lemon & Lime Sanitizer",
    "imageUrl": "https://shop.coles.com.au/wcsstore/Coles-CAS/images/1/8/7/1878280-th.jpg",
    "categories": ["winter"],
    "tags": ["personal-care", "hand-wash-sanitisers"],
    "locations": {
      "vic": {
        "price": 3.5,
        "promoText": " ",
        "packageSize": "50mL",
        "packagePrice": "$7.00 per 100mL"
      }
    }
  },
  {
    "id": "sukin-signature-cleansing-hand-wash-pump",
    "brand": "Sukin",
    "name": "Signature Cleansing Hand Wash",
    "imageUrl": "https://shop.coles.com.au/wcsstore/Coles-CAS/images/3/5/1/3516724-th.jpg",
    "categories": ["winter"],
    "tags": ["personal-care", "hand-wash-sanitisers"],
    "locations": {
      "vic": {
        "price": 9.95,
        "promoText": "Was $13.00 on Jan 2020 ",
        "packageSize": "500mL",
        "packagePrice": "$1.99 per 100mL"
      }
    }
  },
  {
    "id": "palmoive-raspberry-hand-sanitiser",
    "brand": "Palmolive",
    "name": "Cherry Blossom Hand Sanitiser",
    "imageUrl": "https://shop.coles.com.au/wcsstore/Coles-CAS/images/1/8/8/1888852-th.jpg",
    "categories": ["winter"],
    "tags": ["personal-care", "hand-wash-sanitisers"],
    "locations": {
      "vic": {
        "price": 3,
        "promoText": "Was $3.80 on Oct 2017 ",
        "packageSize": "48mL",
        "packagePrice": "$6.25 per 100mL"
      }
    }
  },
  {
    "id": "dettol-foam-hand-wash-refill-rose-cherry",
    "brand": "Dettol",
    "name": "Rose & Cherry In Bloom Foam Hand Wash Refill",
    "imageUrl": "https://shop.coles.com.au/wcsstore/Coles-CAS/images/2/8/1/2814625-th.jpg",
    "categories": ["winter"],
    "tags": ["personal-care", "hand-wash-sanitisers"],
    "locations": {
      "vic": {
        "price": 7,
        "promoText": "Was $8.50 on Sep 2017 ",
        "packageSize": "900mL",
        "packagePrice": "$0.78 per 100mL"
      }
    }
  },
  {
    "id": "coles-antibacterial-hand-wash-lime-fresh",
    "brand": "Coles",
    "name": "Lime Fresh Antibacterial Hand Wash Refill",
    "imageUrl": "https://shop.coles.com.au/wcsstore/Coles-CAS/images/3/2/3/3234529-th.jpg",
    "categories": ["winter"],
    "tags": ["personal-care", "hand-wash-sanitisers"],
    "locations": {
      "vic": {
        "price": 3,
        "promoText": " ",
        "packageSize": "1L",
        "packagePrice": "$3.00 per 1L"
      }
    }
  },
  {
    "id": "dettol-hand-sanitizer-refresh",
    "brand": "Dettol",
    "name": "Refresh Hand Sanitizer",
    "imageUrl": "https://shop.coles.com.au/wcsstore/Coles-CAS/images/6/4/4/6445098-th.jpg",
    "categories": ["winter"],
    "tags": ["personal-care", "hand-wash-sanitisers"],
    "locations": {
      "vic": {
        "price": 7.5,
        "promoText": " ",
        "packageSize": "200mL",
        "packagePrice": "$3.75 per 100mL"
      }
    }
  },
  {
    "id": "thankyou-lime-coriander-hand-wash-refill",
    "brand": "Thankyou",
    "name": "Botanical Lime & Coriander Hand Wash Refill",
    "imageUrl": "https://shop.coles.com.au/wcsstore/Coles-CAS/images/3/2/2/3227432-th.jpg",
    "categories": ["winter"],
    "tags": ["personal-care", "hand-wash-sanitisers"],
    "locations": {
      "vic": {
        "price": 12.5,
        "promoText": " ",
        "packageSize": "1L",
        "packagePrice": "$1.25 per 100mL"
      }
    }
  },
  {
    "id": "palmolive-foam-hand-wash-cherry-blossom-pump",
    "brand": "Palmolive",
    "name": "Cherry Blossom Foaming Hand Wash",
    "imageUrl": "https://shop.coles.com.au/wcsstore/Coles-CAS/images/2/8/1/2814603-th.jpg",
    "categories": ["winter"],
    "tags": ["personal-care", "hand-wash-sanitisers"],
    "locations": {
      "vic": {
        "price": 3.5,
        "promoText": " ",
        "packageSize": "250mL",
        "packagePrice": "$1.40 per 100mL"
      }
    }
  },
  {
    "id": "palmolive-hand-sanitiser-japanese-cherry-blossom",
    "brand": "Palmolive",
    "name": "Japanese Cherry Blossom Hand Sanitiser",
    "imageUrl": "https://shop.coles.com.au/wcsstore/Coles-CAS/images/3/2/3/3232261-th.jpg",
    "categories": ["winter"],
    "tags": ["personal-care", "hand-wash-sanitisers"],
    "locations": {
      "vic": {
        "price": 7.5,
        "promoText": " ",
        "packageSize": "200mL",
        "packagePrice": "$3.75 per 100mL"
      }
    }
  },
  {
    "id": "koi-hand-wash-orange-ginger",
    "brand": "KOi",
    "name": "Blood Orange & Ginger Hand Wash",
    "imageUrl": "https://shop.coles.com.au/wcsstore/Coles-CAS/images/3/5/1/3519609-th.jpg",
    "categories": ["winter"],
    "tags": ["personal-care", "hand-wash-sanitisers"],
    "locations": {
      "vic": {
        "price": 7,
        "promoText": " ",
        "packageSize": "500mL",
        "packagePrice": "$1.40 per 100mL"
      }
    }
  },
  {
    "id": "only-good-hand-wash-soothe",
    "brand": "Only Good",
    "name": "Natural Hand Wash Soothe",
    "imageUrl": "https://shop.coles.com.au/wcsstore/Coles-CAS/images/3/0/1/3012050-th.jpg",
    "categories": ["winter"],
    "tags": ["personal-care", "hand-wash-sanitisers"],
    "locations": {
      "vic": {
        "price": 6,
        "promoText": " ",
        "packageSize": "300mL",
        "packagePrice": "$2.00 per 100mL"
      }
    }
  },
  {
    "id": "thankyou-hand-wash-aloe-vera-lemon",
    "brand": "Thankyou",
    "name": "Botanical Aloe Vera & Lemon Oil Hand Wash",
    "imageUrl": "https://shop.coles.com.au/wcsstore/Coles-CAS/images/3/5/0/3509740-th.jpg",
    "categories": ["winter"],
    "tags": ["personal-care", "hand-wash-sanitisers"],
    "locations": {
      "vic": {
        "price": 8.5,
        "promoText": " ",
        "packageSize": "500mL",
        "packagePrice": "$1.70 per 100mL"
      }
    }
  },
  {
    "id": "ecostore-hand-wash-vanilla-coconut",
    "brand": "Ecostore",
    "name": "Vanilla & Coconut Hand Wash",
    "imageUrl": "https://shop.coles.com.au/wcsstore/Coles-CAS/images/3/5/1/3516994-th.jpg",
    "categories": ["winter"],
    "tags": ["personal-care", "hand-wash-sanitisers"],
    "locations": {
      "vic": {
        "price": 5.5,
        "promoText": " ",
        "packageSize": "250mL",
        "packagePrice": "$2.20 per 100mL"
      }
    }
  },
  {
    "id": "palmolive-liquid-hand-wash-foam-3014566p",
    "brand": "Palmolive",
    "name": "Lime & Mint Foaming Liquid Hand Wash Refill",
    "imageUrl": "https://shop.coles.com.au/wcsstore/Coles-CAS/images/3/0/1/3014566-th.jpg",
    "categories": ["winter"],
    "tags": ["personal-care", "hand-wash-sanitisers"],
    "locations": {
      "vic": {
        "price": 8.5,
        "promoText": " ",
        "packageSize": "1L",
        "packagePrice": "$0.85 per 100mL"
      }
    }
  },
  {
    "id": "thankyou-milk-hand-wash-lemon-myrtle-goats-milk",
    "brand": "Thankyou",
    "name": "Milk Hand Wash Lemon Myrtle & Goats Milk",
    "imageUrl": "https://shop.coles.com.au/wcsstore/Coles-CAS/images/3/0/1/3012200-th.jpg",
    "categories": ["winter"],
    "tags": ["personal-care", "hand-wash-sanitisers"],
    "locations": {
      "vic": {
        "price": 7.5,
        "promoText": " ",
        "packageSize": "500mL",
        "packagePrice": "$1.50 per 100mL"
      }
    }
  },
  {
    "id": "coles-antibacterial-hand-wash-sweet-orange",
    "brand": "Coles",
    "name": "Antibacterial Hand Wash Sweet Orange",
    "imageUrl": "https://shop.coles.com.au/wcsstore/Coles-CAS/images/3/2/3/3234551-th.jpg",
    "categories": ["winter"],
    "tags": ["personal-care", "hand-wash-sanitisers"],
    "locations": {
      "vic": {
        "price": 3,
        "promoText": " ",
        "packageSize": "1L",
        "packagePrice": "$0.30 per 100mL"
      }
    }
  },
  {
    "id": "koi-hand-sanitiser-no-alcohol",
    "brand": "KOi",
    "name": "Antibacterial Hand Sanitiser Spray",
    "imageUrl": "https://shop.coles.com.au/wcsstore/Coles-CAS/images/3/5/1/3519733-th.jpg",
    "categories": ["winter"],
    "tags": ["personal-care", "hand-wash-sanitisers"],
    "locations": {
      "vic": {
        "price": 5,
        "promoText": " ",
        "packageSize": "50mL",
        "packagePrice": "$10.00 per 100mL"
      }
    }
  },
  {
    "id": "only-good-hand-wash-nourish",
    "brand": "Only Good",
    "name": "Hand Wash Nourish",
    "imageUrl": "https://shop.coles.com.au/wcsstore/Coles-CAS/images/3/0/1/3011943-th.jpg",
    "categories": ["winter"],
    "tags": ["personal-care", "hand-wash-sanitisers"],
    "locations": {
      "vic": {
        "price": 6,
        "promoText": " ",
        "packageSize": "300mL",
        "packagePrice": "$2.00 per 100mL"
      }
    }
  },
  {
    "id": "organic-lemongrass-ginger-antibact-hand-wash",
    "brand": "Organic Care",
    "name": "Lemongrass & Ginger Anti-Bacterial Hand Wash",
    "imageUrl": "https://shop.coles.com.au/wcsstore/Coles-CAS/images/3/0/1/3012800-th.jpg",
    "categories": ["winter"],
    "tags": ["personal-care", "hand-wash-sanitisers"],
    "locations": {
      "vic": {
        "price": 3.5,
        "promoText": " ",
        "packageSize": "250mL",
        "packagePrice": "$1.40 per 100mL"
      }
    }
  },
  {
    "id": "thankyou-sweet-org-almd-hand-wash-refill",
    "brand": "Thankyou",
    "name": "Botanical Sweet Orange & Almond Hand Wash Refill",
    "imageUrl": "https://shop.coles.com.au/wcsstore/Coles-CAS/images/3/2/2/3227443-th.jpg",
    "categories": ["winter"],
    "tags": ["personal-care", "hand-wash-sanitisers"],
    "locations": {
      "vic": {
        "price": 12.5,
        "promoText": " ",
        "packageSize": "1L",
        "packagePrice": "$1.25 per 100mL"
      }
    }
  },
  {
    "id": "bosistos-desert-lime-eucalyptus-3519438p",
    "brand": "Bosisto's",
    "name": "Desert Lime & Eucalyptus Revitalising Hand Wash",
    "imageUrl": "https://shop.coles.com.au/wcsstore/Coles-CAS/images/3/5/1/3519438-th.jpg",
    "categories": ["winter"],
    "tags": ["personal-care", "hand-wash-sanitisers"],
    "locations": {
      "vic": {
        "price": 6,
        "promoText": " ",
        "packageSize": "300mL",
        "packagePrice": "$2.00 per 100mL"
      }
    }
  },
  {
    "id": "sukin-signature-cleansing-hand-wash-refill",
    "brand": "Sukin",
    "name": "Signature Cleansing Hand Wash",
    "imageUrl": "https://shop.coles.com.au/wcsstore/Coles-CAS/images/3/5/1/3516848-th.jpg",
    "categories": ["winter"],
    "tags": ["personal-care", "hand-wash-sanitisers"],
    "locations": {
      "vic": {
        "price": 17.95,
        "promoText": "Was $21.00 on Jan 2020 ",
        "packageSize": "1L",
        "packagePrice": "$17.95 per 1L"
      }
    }
  },
  {
    "id": "dettol-foam-lime-orange-pump",
    "brand": "Dettol",
    "name": "Lime & Orange Foam Hand wash Pump",
    "imageUrl": "https://shop.coles.com.au/wcsstore/Coles-CAS/images/3/5/2/3525500-th.jpg",
    "categories": ["winter"],
    "tags": ["personal-care", "hand-wash-sanitisers"],
    "locations": {
      "vic": {
        "price": 2.5,
        "promoText": " ",
        "packageSize": "250mL",
        "packagePrice": "$1.00 per 100mL"
      }
    }
  },
  {
    "id": "organic-soft-vanilla-shea-replen-hand-wash",
    "brand": "Organic Care",
    "name": "Soft Vanilla Shea Replen Hand Wash",
    "imageUrl": "https://shop.coles.com.au/wcsstore/Coles-CAS/images/3/0/1/3012844-th.jpg",
    "categories": ["winter"],
    "tags": ["personal-care", "hand-wash-sanitisers"],
    "locations": {
      "vic": {
        "price": 3.5,
        "promoText": " ",
        "packageSize": "250mL",
        "packagePrice": "$1.40 per 100mL"
      }
    }
  },
  {
    "id": "palmolive-foam-hand-wash-refill-cherry-blossom",
    "brand": "Palmolive",
    "name": "Cherry Blossom Foaming Hand Wash Refill",
    "imageUrl": "https://shop.coles.com.au/wcsstore/Coles-CAS/images/2/8/1/2814636-th.jpg",
    "categories": ["winter"],
    "tags": ["personal-care", "hand-wash-sanitisers"],
    "locations": {
      "vic": {
        "price": 5.5,
        "promoText": " ",
        "packageSize": "500mL",
        "packagePrice": "$1.10 per 100mL"
      }
    }
  },
  {
    "id": "bosistos-desert-lime-eucalyptus",
    "brand": "Bosisto's",
    "name": "Desert Lime & Eucalyptus Revitalising Hand Wash Refill",
    "imageUrl": "https://shop.coles.com.au/wcsstore/Coles-CAS/images/3/5/1/3519493-th.jpg",
    "categories": ["winter"],
    "tags": ["personal-care", "hand-wash-sanitisers"],
    "locations": {
      "vic": {
        "price": 12,
        "promoText": " ",
        "packageSize": "1L",
        "packagePrice": "$12.00 per 1L"
      }
    }
  },
  {
    "id": "bosistos-banksia-flower-lavender",
    "brand": "Bosisto's",
    "name": "Banksia Flower & Lavender Moisturising Hand Wash",
    "imageUrl": "https://shop.coles.com.au/wcsstore/Coles-CAS/images/3/5/1/3519449-th.jpg",
    "categories": ["winter"],
    "tags": ["personal-care", "hand-wash-sanitisers"],
    "locations": {
      "vic": {
        "price": 6,
        "promoText": " ",
        "packageSize": "300mL",
        "packagePrice": "$2.00 per 100mL"
      }
    }
  },
  {
    "id": "bosistos-banksia-flower-lavender-3519471p",
    "brand": "Bosisto's",
    "name": "Banksia Flower & Lavender Moisturising Hand Wash Refill",
    "imageUrl": "https://shop.coles.com.au/wcsstore/Coles-CAS/images/3/5/1/3519471-th.jpg",
    "categories": ["winter"],
    "tags": ["personal-care", "hand-wash-sanitisers"],
    "locations": {
      "vic": {
        "price": 12,
        "promoText": " ",
        "packageSize": "1L",
        "packagePrice": "$12.00 per 1L"
      }
    }
  },
  {
    "id": "dettol-healthy-touch-instant-hand-sanitizer-refresh",
    "brand": "Dettol",
    "name": "Healthy Touch Liquid Antibacterial Instant Hand Sanitiser",
    "imageUrl": "https://shop.coles.com.au/wcsstore/Coles-CAS/images/6/4/4/6445236-th.jpg",
    "categories": ["winter"],
    "tags": ["personal-care", "hand-wash-sanitisers"],
    "locations": {
      "vic": {
        "price": 3.5,
        "promoText": " ",
        "packageSize": "50mL",
        "packagePrice": "$0.70 per 10mL"
      }
    }
  },
  {
    "id": "dettol-instant-clip-hand-sanitiser",
    "brand": "Dettol",
    "name": "Instant Hand Sanitiser Clip",
    "imageUrl": "https://shop.coles.com.au/wcsstore/Coles-CAS/images/3/5/1/3517319-th.jpg",
    "categories": ["winter"],
    "tags": ["personal-care", "hand-wash-sanitisers"],
    "locations": {
      "vic": {
        "price": 4,
        "promoText": " ",
        "packageSize": "50mL",
        "packagePrice": "$8.00 per 100mL"
      }
    }
  },
  {
    "id": "ecostore-hand-wash-rose-geranium",
    "brand": "Ecostore",
    "name": "Rose & Geranium Hand Wash",
    "imageUrl": "https://shop.coles.com.au/wcsstore/Coles-CAS/images/3/5/1/3516983-th.jpg",
    "categories": ["winter"],
    "tags": ["personal-care", "hand-wash-sanitisers"],
    "locations": {
      "vic": {
        "price": 5.5,
        "promoText": " ",
        "packageSize": "250mL",
        "packagePrice": "$2.20 per 100mL"
      }
    }
  },
  {
    "id": "koi-hand-wash-jasmine-sandalwood",
    "brand": "KOi",
    "name": "Jasmine & Sandalwood Hand Wash",
    "imageUrl": "https://shop.coles.com.au/wcsstore/Coles-CAS/images/3/5/1/3519610-th.jpg",
    "categories": ["winter"],
    "tags": ["personal-care", "hand-wash-sanitisers"],
    "locations": {
      "vic": {
        "price": 7,
        "promoText": " ",
        "packageSize": "500mL",
        "packagePrice": "$1.40 per 100mL"
      }
    }
  },
  {
    "id": "koi-hand-wash-bergamot-magnolia",
    "brand": "KOi",
    "name": "Bergamot & Magnolia Hand Wash",
    "imageUrl": "https://shop.coles.com.au/wcsstore/Coles-CAS/images/3/5/1/3519584-th.jpg",
    "categories": ["winter"],
    "tags": ["personal-care", "hand-wash-sanitisers"],
    "locations": {
      "vic": {
        "price": 7,
        "promoText": " ",
        "packageSize": "500mL",
        "packagePrice": "$1.40 per 100mL"
      }
    }
  },
  {
    "id": "lifebuoy-hs-total",
    "brand": "Lifebuoy",
    "name": "Hs Total",
    "imageUrl": "https://shop.coles.com.au/wcsstore/ColesResponsiveStorefrontAssetStore/dist/ccfc54aed6e361b650bcf0582f7b576b/img/img_product-placeholder.png",
    "categories": ["winter"],
    "tags": ["personal-care", "hand-wash-sanitisers"],
    "locations": {
      "vic": {
        "price": 3.7,
        "promoText": " ",
        "packageSize": "50mL",
        "packagePrice": "$7.40 per 100mL"
      }
    }
  },
  {
    "id": "oc-anti-bacterial-orange-ginger-handwash",
    "brand": "OC",
    "name": "Anti Bacterial Orange & Ginger Handwash",
    "imageUrl": "https://shop.coles.com.au/wcsstore/Coles-CAS/images/3/7/9/3798502-th.jpg",
    "categories": ["winter"],
    "tags": ["personal-care", "hand-wash-sanitisers"],
    "locations": {
      "vic": {
        "price": 0,
        "promoText": " ",
        "packageSize": "400mL",
        "packagePrice": ""
      }
    }
  },
  {
    "id": "only-good-hand-wash-refresh",
    "brand": "Only Good",
    "name": "Hand Wash Refresh",
    "imageUrl": "https://shop.coles.com.au/wcsstore/Coles-CAS/images/3/0/1/3011987-th.jpg",
    "categories": ["winter"],
    "tags": ["personal-care", "hand-wash-sanitisers"],
    "locations": {
      "vic": {
        "price": 6,
        "promoText": " ",
        "packageSize": "300mL",
        "packagePrice": "$2.00 per 100mL"
      }
    }
  },
  {
    "id": "our-oure-planet-hand-sanitiser",
    "brand": "Our Pure Planet",
    "name": "Hand Sanitiser",
    "imageUrl": "https://shop.coles.com.au/wcsstore/Coles-CAS/images/3/8/0/3803170-th.jpg",
    "categories": ["winter"],
    "tags": ["personal-care", "hand-wash-sanitisers"],
    "locations": {
      "vic": {
        "price": 3.5,
        "promoText": " ",
        "packageSize": "50mL",
        "packagePrice": "$7.00 per 100mL"
      }
    }
  },
  {
    "id": "palmolive-decor-van-swt-almond-foaming-hand-wash",
    "brand": "Palmolive",
    "name": "Vanilla & Sweet Almond Foaming Hand Wash",
    "imageUrl": "https://shop.coles.com.au/wcsstore/Coles-CAS/images/3/2/2/3227115-th.jpg",
    "categories": ["winter"],
    "tags": ["personal-care", "hand-wash-sanitisers"],
    "locations": {
      "vic": {
        "price": 7,
        "promoText": " ",
        "packageSize": "400mL",
        "packagePrice": "$1.75 per 100mL"
      }
    }
  },
  {
    "id": "palmolive-foaming-pump-hand-wash-magnla-argan",
    "brand": "Palmolive",
    "name": "Magnolia + Argan Oil Foaming Hand Wash",
    "imageUrl": "https://shop.coles.com.au/wcsstore/Coles-CAS/images/3/5/1/3510091-th.jpg",
    "categories": ["winter"],
    "tags": ["personal-care", "hand-wash-sanitisers"],
    "locations": {
      "vic": {
        "price": 7,
        "promoText": " ",
        "packageSize": "400mL",
        "packagePrice": "$1.75 per 100mL"
      }
    }
  },
  {
    "id": "palmolive-luminous-oils-invigorating-hand-wash",
    "brand": "Palmolive",
    "name": "Luminous Oils Macadamia Oil With Peony Invigorating Hand Wash",
    "imageUrl": "https://shop.coles.com.au/wcsstore/Coles-CAS/images/3/5/1/3515266-th.jpg",
    "categories": ["winter"],
    "tags": ["personal-care", "hand-wash-sanitisers"],
    "locations": {
      "vic": {
        "price": 7,
        "promoText": " ",
        "packageSize": "500mL",
        "packagePrice": "$1.40 per 100mL"
      }
    }
  },
  {
    "id": "palmolive-elements-micellar-hand-wash",
    "brand": "Palmolive",
    "name": "Elements Micellar Hand Wash",
    "imageUrl": "https://shop.coles.com.au/wcsstore/Coles-CAS/images/3/7/2/3726104-th.jpg",
    "categories": ["winter"],
    "tags": ["personal-care", "hand-wash-sanitisers"],
    "locations": {
      "vic": {
        "price": 7.5,
        "promoText": " ",
        "packageSize": "500mL",
        "packagePrice": "$1.50 per 100mL"
      }
    }
  },
  {
    "id": "palmolive-elements-charcoal-hand-wash",
    "brand": "Palmolive",
    "name": "Elements Charcoal Hand Wash",
    "imageUrl": "https://shop.coles.com.au/wcsstore/Coles-CAS/images/3/7/2/3726068-th.jpg",
    "categories": ["winter"],
    "tags": ["personal-care", "hand-wash-sanitisers"],
    "locations": {
      "vic": {
        "price": 7.5,
        "promoText": " ",
        "packageSize": "500mL",
        "packagePrice": "$1.50 per 100mL"
      }
    }
  },
  {
    "id": "pears-hand-wash-pump",
    "brand": "Pears",
    "name": "Hand Wash Pump",
    "imageUrl": "https://shop.coles.com.au/wcsstore/Coles-CAS/images/3/2/4/3247553-th.jpg",
    "categories": ["winter"],
    "tags": ["personal-care", "hand-wash-sanitisers"],
    "locations": {
      "vic": {
        "price": 3.5,
        "promoText": " ",
        "packageSize": "250mL",
        "packagePrice": "$1.40 per 100mL"
      }
    }
  },
  {
    "id": "mission-corn-chips-white-corn",
    "brand": "Mission",
    "name": "Original White Corn Tortilla Strips",
    "imageUrl": "https://shop.coles.com.au/wcsstore/Coles-CAS/images/7/3/6/7368571-th.jpg",
    "categories": ["entertaining-at-home"],
    "tags": ["snacks-for-entertaining", "chips-for-entertaining"],
    "locations": {
      "vic": {
        "price": 3.1,
        "promoText": "Any 2 $5.50",
        "packageSize": "230g",
        "packagePrice": "$1.35 per 100G"
      }
    }
  },
  {
    "id": "kettle--potato-chips-sea-salt",
    "brand": "Kettle",
    "name": "Sea Salt Potato Chips",
    "imageUrl": "https://shop.coles.com.au/wcsstore/Coles-CAS/images/8/1/5/8156535-th.jpg",
    "categories": ["entertaining-at-home"],
    "tags": ["snacks-for-entertaining", "chips-for-entertaining"],
    "locations": {
      "vic": {
        "price": 4.65,
        "promoText": "Any 2 $7",
        "packageSize": "175g",
        "packagePrice": "$2.66 per 100G"
      }
    }
  },
  {
    "id": "ccs-tasty-cheese-corn-chips",
    "brand": "CC's",
    "name": "Tasty Cheese Corn Chips",
    "imageUrl": "https://shop.coles.com.au/wcsstore/Coles-CAS/images/1/7/9/1795365-th.jpg",
    "categories": ["entertaining-at-home"],
    "tags": ["snacks-for-entertaining", "chips-for-entertaining"],
    "locations": {
      "vic": {
        "price": 3.5,
        "promoText": " ",
        "packageSize": "175g",
        "packagePrice": "$2.00 per 100G"
      }
    }
  },
  {
    "id": "thins-potato-chips-original",
    "brand": "Thins",
    "name": "Original Potato Chips",
    "imageUrl": "https://shop.coles.com.au/wcsstore/Coles-CAS/images/6/8/3/6833891-th.jpg",
    "categories": ["entertaining-at-home"],
    "tags": ["snacks-for-entertaining", "chips-for-entertaining"],
    "locations": {
      "vic": {
        "price": 3.5,
        "promoText": "Any 2 $5",
        "packageSize": "175g",
        "packagePrice": "$2.00 per 100G"
      }
    }
  },
  {
    "id": "ccs-original-corn-chips",
    "brand": "CC's",
    "name": "Original Corn Chips",
    "imageUrl": "https://shop.coles.com.au/wcsstore/Coles-CAS/images/1/7/9/1795354-th.jpg",
    "categories": ["entertaining-at-home"],
    "tags": ["snacks-for-entertaining", "chips-for-entertaining"],
    "locations": {
      "vic": {
        "price": 3.5,
        "promoText": " ",
        "packageSize": "175g",
        "packagePrice": "$2.00 per 100G"
      }
    }
  },
  {
    "id": "natural-chip-company-chips-sea-salt-1260302p",
    "brand": "Natural Chip Co.",
    "name": "Sea Salt Potato Chips",
    "imageUrl": "https://shop.coles.com.au/wcsstore/Coles-CAS/images/1/2/6/1260302-th.jpg",
    "categories": ["entertaining-at-home"],
    "tags": ["snacks-for-entertaining", "chips-for-entertaining"],
    "locations": {
      "vic": {
        "price": 3.5,
        "promoText": "Any 2 $5",
        "packageSize": "175g",
        "packagePrice": "$2.00 per 100G"
      }
    }
  },
  {
    "id": "ccs-nacho-cheese-corn-chips",
    "brand": "CC's",
    "name": "Nacho Cheese Corn Chips",
    "imageUrl": "https://shop.coles.com.au/wcsstore/Coles-CAS/images/1/7/9/1795376-th.jpg",
    "categories": ["entertaining-at-home"],
    "tags": ["snacks-for-entertaining", "chips-for-entertaining"],
    "locations": {
      "vic": {
        "price": 3.5,
        "promoText": " ",
        "packageSize": "175g",
        "packagePrice": "$2.00 per 100G"
      }
    }
  },
  {
    "id": "doritos-cheese-supreme-corn-chips-2358333p",
    "brand": "Doritos",
    "name": "Cheese Supreme Corn Chips",
    "imageUrl": "https://shop.coles.com.au/wcsstore/Coles-CAS/images/2/3/5/2358333-th.jpg",
    "categories": ["entertaining-at-home"],
    "tags": ["snacks-for-entertaining", "chips-for-entertaining"],
    "locations": {
      "vic": {
        "price": 1.75,
        "promoText": "$1.75 ",
        "packageSize": "170g",
        "packagePrice": "$1.03 per 100G"
      }
    }
  },
  {
    "id": "mountain-dew-soft-drink-no-sugar",
    "brand": "Mountain Dew",
    "name": "Soft Drink No Sugar",
    "imageUrl": "https://shop.coles.com.au/wcsstore/Coles-CAS/images/3/7/5/3752556-th.jpg",
    "categories": ["entertaining-at-home"],
    "tags": ["snacks-for-entertaining", "chips-for-entertaining"],
    "locations": {
      "vic": {
        "price": 1.7,
        "promoText": "$0.50 ",
        "packageSize": "1.25L",
        "packagePrice": "$1.36 per 1L"
      }
    }
  },
  {
    "id": "kettle-potato-chips-sea-salt-vinegar",
    "brand": "Kettle",
    "name": "Sea Salt & Vinegar Potato Chips",
    "imageUrl": "https://shop.coles.com.au/wcsstore/Coles-CAS/images/8/1/5/8156557-th.jpg",
    "categories": ["entertaining-at-home"],
    "tags": ["snacks-for-entertaining", "chips-for-entertaining"],
    "locations": {
      "vic": {
        "price": 4.65,
        "promoText": "Any 2 $7",
        "packageSize": "175g",
        "packagePrice": "$2.66 per 100G"
      }
    }
  },
  {
    "id": "doritos-original-corn-chips",
    "brand": "Doritos",
    "name": "Original Corn Chips",
    "imageUrl": "https://shop.coles.com.au/wcsstore/Coles-CAS/images/2/3/5/2358355-th.jpg",
    "categories": ["entertaining-at-home"],
    "tags": ["snacks-for-entertaining", "chips-for-entertaining"],
    "locations": {
      "vic": {
        "price": 1.75,
        "promoText": "$1.75 ",
        "packageSize": "170g",
        "packagePrice": "$1.03 per 100G"
      }
    }
  },
  {
    "id": "thins-potato-chips-salt-vinegar",
    "brand": "Thins",
    "name": "Salt & Vinegar Potato Chips",
    "imageUrl": "https://shop.coles.com.au/wcsstore/Coles-CAS/images/6/8/3/6833949-th.jpg",
    "categories": ["entertaining-at-home"],
    "tags": ["snacks-for-entertaining", "chips-for-entertaining"],
    "locations": {
      "vic": {
        "price": 3.5,
        "promoText": "Any 2 $5",
        "packageSize": "175g",
        "packagePrice": "$2.00 per 100G"
      }
    }
  },
  {
    "id": "red-rock-deli-sea-salt-balsamic-vinegar-potato-chips-1786171p",
    "brand": "Red Rock Deli",
    "name": "Sea Salt & Balsamic Vinegar Potato Chips",
    "imageUrl": "https://shop.coles.com.au/wcsstore/Coles-CAS/images/1/7/8/1786171-th.jpg",
    "categories": ["entertaining-at-home"],
    "tags": ["snacks-for-entertaining", "chips-for-entertaining"],
    "locations": {
      "vic": {
        "price": 4.65,
        "promoText": "Any 2 $7",
        "packageSize": "165g",
        "packagePrice": "$2.82 per 100G"
      }
    }
  },
  {
    "id": "red-rock-deli-sea-salt-potato-chips",
    "brand": "Red Rock Deli",
    "name": "Sea Salt Potato Chips",
    "imageUrl": "https://shop.coles.com.au/wcsstore/Coles-CAS/images/1/7/8/1786150-th.jpg",
    "categories": ["entertaining-at-home"],
    "tags": ["snacks-for-entertaining", "chips-for-entertaining"],
    "locations": {
      "vic": {
        "price": 4.65,
        "promoText": "Any 2 $7",
        "packageSize": "165g",
        "packagePrice": "$2.82 per 100G"
      }
    }
  },
  {
    "id": "tyrrells--lightly-salted-english-crisps",
    "brand": "Tyrrells",
    "name": "Lightly Salted English Crisps",
    "imageUrl": "https://shop.coles.com.au/wcsstore/Coles-CAS/images/2/6/6/2664431-th.jpg",
    "categories": ["entertaining-at-home"],
    "tags": ["snacks-for-entertaining", "chips-for-entertaining"],
    "locations": {
      "vic": {
        "price": 2.25,
        "promoText": "$2.25 ",
        "packageSize": "165g",
        "packagePrice": "$1.36 per 100G"
      }
    }
  },
  {
    "id": "red-rock-deli-lime-pepper-potato-chips",
    "brand": "Red Rock Deli",
    "name": "Lime & Pepper Potato Chips",
    "imageUrl": "https://shop.coles.com.au/wcsstore/Coles-CAS/images/1/7/8/1786193-th.jpg",
    "categories": ["entertaining-at-home"],
    "tags": ["snacks-for-entertaining", "chips-for-entertaining"],
    "locations": {
      "vic": {
        "price": 4.65,
        "promoText": "Any 2 $7",
        "packageSize": "165g",
        "packagePrice": "$2.82 per 100G"
      }
    }
  },
  {
    "id": "red-rock-deli-sweet-chilli-sour-cream-potato-chips",
    "brand": "Red Rock Deli",
    "name": "Sweet Chilli & Sour Cream Potato Chips",
    "imageUrl": "https://shop.coles.com.au/wcsstore/Coles-CAS/images/1/7/8/1786182-th.jpg",
    "categories": ["entertaining-at-home"],
    "tags": ["snacks-for-entertaining", "chips-for-entertaining"],
    "locations": {
      "vic": {
        "price": 4.65,
        "promoText": "Any 2 $7",
        "packageSize": "165g",
        "packagePrice": "$2.82 per 100G"
      }
    }
  },
  {
    "id": "smiths-crinkle-cut-original-potato-chips",
    "brand": "Smith's",
    "name": "Crinkle Cut Original Potato Chips",
    "imageUrl": "https://shop.coles.com.au/wcsstore/Coles-CAS/images/2/3/5/2358275-th.jpg",
    "categories": ["entertaining-at-home"],
    "tags": ["snacks-for-entertaining", "chips-for-entertaining"],
    "locations": {
      "vic": {
        "price": 3.5,
        "promoText": "Any 2 $5",
        "packageSize": "170g",
        "packagePrice": "$2.06 per 100G"
      }
    }
  },
  {
    "id": "kettle-honey-soy-chicken-potato-chips",
    "brand": "Kettle",
    "name": "Honey Soy Chicken Potato Chips",
    "imageUrl": "https://shop.coles.com.au/wcsstore/Coles-CAS/images/1/7/9/1795310-th.jpg",
    "categories": ["entertaining-at-home"],
    "tags": ["snacks-for-entertaining", "chips-for-entertaining"],
    "locations": {
      "vic": {
        "price": 4.65,
        "promoText": "Any 2 $7",
        "packageSize": "175g",
        "packagePrice": "$2.66 per 100G"
      }
    }
  },
  {
    "id": "doritos-nacho-cheese-corn-chips-2358344p",
    "brand": "Doritos",
    "name": "Nacho Cheese Corn Chips",
    "imageUrl": "https://shop.coles.com.au/wcsstore/Coles-CAS/images/2/3/5/2358344-th.jpg",
    "categories": ["entertaining-at-home"],
    "tags": ["snacks-for-entertaining", "chips-for-entertaining"],
    "locations": {
      "vic": {
        "price": 1.75,
        "promoText": "$1.75 ",
        "packageSize": "170g",
        "packagePrice": "$1.03 per 100G"
      }
    }
  },
  {
    "id": "red-rock-deli-honey-soy-chicken-potato-chips",
    "brand": "Red Rock Deli",
    "name": "Honey Soy Chicken Potato Chips",
    "imageUrl": "https://shop.coles.com.au/wcsstore/Coles-CAS/images/1/7/8/1786160-th.jpg",
    "categories": ["entertaining-at-home"],
    "tags": ["snacks-for-entertaining", "chips-for-entertaining"],
    "locations": {
      "vic": {
        "price": 4.65,
        "promoText": "Any 2 $7",
        "packageSize": "165g",
        "packagePrice": "$2.82 per 100G"
      }
    }
  },
  {
    "id": "thins-potato-chips-light-tangy",
    "brand": "Thins",
    "name": "Light & Tangy Potato Chips",
    "imageUrl": "https://shop.coles.com.au/wcsstore/Coles-CAS/images/6/8/3/6833927-th.jpg",
    "categories": ["entertaining-at-home"],
    "tags": ["snacks-for-entertaining", "chips-for-entertaining"],
    "locations": {
      "vic": {
        "price": 3.5,
        "promoText": "Any 2 $5",
        "packageSize": "175g",
        "packagePrice": "$2.00 per 100G"
      }
    }
  },
  {
    "id": "thins-sour-cream-chives-potato-chips",
    "brand": "Thins",
    "name": "Sour Cream & Chives Potato Chips",
    "imageUrl": "https://shop.coles.com.au/wcsstore/Coles-CAS/images/1/7/2/1721846-th.jpg",
    "categories": ["entertaining-at-home"],
    "tags": ["snacks-for-entertaining", "chips-for-entertaining"],
    "locations": {
      "vic": {
        "price": 3.5,
        "promoText": "Any 2 $5",
        "packageSize": "175g",
        "packagePrice": "$2.00 per 100G"
      }
    }
  },
  {
    "id": "kettle-natural-potato-chips-chilli",
    "brand": "Kettle",
    "name": "Chilli Potato Chips",
    "imageUrl": "https://shop.coles.com.au/wcsstore/Coles-CAS/images/9/1/3/9139724-th.jpg",
    "categories": ["entertaining-at-home"],
    "tags": ["snacks-for-entertaining", "chips-for-entertaining"],
    "locations": {
      "vic": {
        "price": 4.65,
        "promoText": "Any 2 $7",
        "packageSize": "175g",
        "packagePrice": "$2.66 per 100G"
      }
    }
  },
  {
    "id": "smiths-crinkle-cut-salt-vinegar-potato-chips",
    "brand": "Smith's",
    "name": "Crinkle Cut Salt & Vinegar Potato Chips",
    "imageUrl": "https://shop.coles.com.au/wcsstore/Coles-CAS/images/2/3/5/2358286-th.jpg",
    "categories": ["entertaining-at-home"],
    "tags": ["snacks-for-entertaining", "chips-for-entertaining"],
    "locations": {
      "vic": {
        "price": 3.5,
        "promoText": "Any 2 $5",
        "packageSize": "170g",
        "packagePrice": "$2.06 per 100G"
      }
    }
  },
  {
    "id": "tyrrells--cider-vinegar-seasalt-english-crisps",
    "brand": "Tyrrells",
    "name": "Sea Salt & Vinegar Hand Cooked Crisps",
    "imageUrl": "https://shop.coles.com.au/wcsstore/Coles-CAS/images/2/6/6/2664475-th.jpg",
    "categories": ["entertaining-at-home"],
    "tags": ["snacks-for-entertaining", "chips-for-entertaining"],
    "locations": {
      "vic": {
        "price": 2.25,
        "promoText": "$2.25 ",
        "packageSize": "165g",
        "packagePrice": "$1.36 per 100G"
      }
    }
  },
  {
    "id": "coles-corn-chips-original",
    "brand": "Coles",
    "name": "Original Corn Chips",
    "imageUrl": "https://shop.coles.com.au/wcsstore/Coles-CAS/images/6/9/9/6993038-th.jpg",
    "categories": ["entertaining-at-home"],
    "tags": ["snacks-for-entertaining", "chips-for-entertaining"],
    "locations": {
      "vic": {
        "price": 1.9,
        "promoText": " ",
        "packageSize": "200g",
        "packagePrice": "$0.95 per 100G"
      }
    }
  },
  {
    "id": "tyrrells--cheddar-cheese-chives-english-chips",
    "brand": "Tyrrells",
    "name": "Cheddar Cheese & Chives English Chips",
    "imageUrl": "https://shop.coles.com.au/wcsstore/Coles-CAS/images/2/6/6/2664442-th.jpg",
    "categories": ["entertaining-at-home"],
    "tags": ["snacks-for-entertaining", "chips-for-entertaining"],
    "locations": {
      "vic": {
        "price": 2.25,
        "promoText": "$2.25 ",
        "packageSize": "165g",
        "packagePrice": "$1.36 per 100G"
      }
    }
  },
  {
    "id": "smiths-potato-chips-thin-sliced-original",
    "brand": "Smith's",
    "name": "Original Thinly Cut Potato Chips",
    "imageUrl": "https://shop.coles.com.au/wcsstore/Coles-CAS/images/5/7/0/5706221-th.jpg",
    "categories": ["entertaining-at-home"],
    "tags": ["snacks-for-entertaining", "chips-for-entertaining"],
    "locations": {
      "vic": {
        "price": 2,
        "promoText": "Was $3.30 on May 2018 ",
        "packageSize": "175g",
        "packagePrice": "$1.14 per 100G"
      }
    }
  },
  {
    "id": "thins-potato-chips-chicken",
    "brand": "Thins",
    "name": "Chicken Potato Chips",
    "imageUrl": "https://shop.coles.com.au/wcsstore/Coles-CAS/images/6/8/3/6833950-th.jpg",
    "categories": ["entertaining-at-home"],
    "tags": ["snacks-for-entertaining", "chips-for-entertaining"],
    "locations": {
      "vic": {
        "price": 3.5,
        "promoText": "Any 2 $5",
        "packageSize": "175g",
        "packagePrice": "$2.00 per 100G"
      }
    }
  },
  {
    "id": "natural-chip-co-corn-chips-sea-salt",
    "brand": "Natural Chip Co.",
    "name": "Sea Salt Tortilla Strips",
    "imageUrl": "https://shop.coles.com.au/wcsstore/Coles-CAS/images/3/5/7/3574108-th.jpg",
    "categories": ["entertaining-at-home"],
    "tags": ["snacks-for-entertaining", "chips-for-entertaining"],
    "locations": {
      "vic": {
        "price": 3.5,
        "promoText": "Any 2 $6",
        "packageSize": "175g",
        "packagePrice": "$2.00 per 100G"
      }
    }
  },
  {
    "id": "calbee-harvest-snaps-baked-pea-crisps-salted",
    "brand": "Calbee Harvest Snaps",
    "name": "Baked Pea Crisps Salted",
    "imageUrl": "https://shop.coles.com.au/wcsstore/Coles-CAS/images/3/1/6/3169846-th.jpg",
    "categories": ["entertaining-at-home"],
    "tags": ["snacks-for-entertaining", "chips-for-entertaining"],
    "locations": {
      "vic": {
        "price": 3,
        "promoText": " ",
        "packageSize": "93g",
        "packagePrice": "$3.23 per 100G"
      }
    }
  },
  {
    "id": "smiths-crinkle-cut-bbq-potato-chips",
    "brand": "Smith's",
    "name": "Crinkle Cut BBQ Potato Chips",
    "imageUrl": "https://shop.coles.com.au/wcsstore/Coles-CAS/images/2/3/5/2358264-th.jpg",
    "categories": ["entertaining-at-home"],
    "tags": ["snacks-for-entertaining", "chips-for-entertaining"],
    "locations": {
      "vic": {
        "price": 3.5,
        "promoText": "Any 2 $5",
        "packageSize": "170g",
        "packagePrice": "$2.06 per 100G"
      }
    }
  },
  {
    "id": "smiths-potato-chips-salt-vinegar-60g",
    "brand": "Smith's",
    "name": "Salt & Vinegar Crinkle Potato Chips",
    "imageUrl": "https://shop.coles.com.au/wcsstore/Coles-CAS/images/2/8/7/2873169-th.jpg",
    "categories": ["entertaining-at-home"],
    "tags": ["snacks-for-entertaining", "chips-for-entertaining"],
    "locations": {
      "vic": {
        "price": 1.05,
        "promoText": "$1.05 ",
        "packageSize": "60g",
        "packagePrice": "$1.75 per 100G"
      }
    }
  },
  {
    "id": "smiths-crinkle-potato-chips-original-big-bag",
    "brand": "Smith's",
    "name": "Original Potato Crinkle Chips",
    "imageUrl": "https://shop.coles.com.au/wcsstore/Coles-CAS/images/3/5/7/3572157-th.jpg",
    "categories": ["entertaining-at-home"],
    "tags": ["snacks-for-entertaining", "chips-for-entertaining"],
    "locations": {
      "vic": {
        "price": 7,
        "promoText": " ",
        "packageSize": "380g",
        "packagePrice": "$1.84 per 100G"
      }
    }
  },
  {
    "id": "doritos-late-night-corn-chips-taco",
    "brand": "Doritos",
    "name": "Buffalo Wings",
    "imageUrl": "https://shop.coles.com.au/wcsstore/Coles-CAS/images/2/8/7/2872519-th.jpg",
    "categories": ["entertaining-at-home"],
    "tags": ["snacks-for-entertaining", "chips-for-entertaining"],
    "locations": {
      "vic": {
        "price": 1.75,
        "promoText": "$1.75 ",
        "packageSize": "150g",
        "packagePrice": "$1.17 per 100G"
      }
    }
  },
  {
    "id": "smiths-thin-cut-salt-vinegar-potato-chips",
    "brand": "Smith's",
    "name": "Salt & Vinegar Thinly Cut Potato Chips",
    "imageUrl": "https://shop.coles.com.au/wcsstore/Coles-CAS/images/5/7/0/5706254-th.jpg",
    "categories": ["entertaining-at-home"],
    "tags": ["snacks-for-entertaining", "chips-for-entertaining"],
    "locations": {
      "vic": {
        "price": 2,
        "promoText": "Was $3.30 on May 2018 ",
        "packageSize": "175g",
        "packagePrice": "$1.14 per 100G"
      }
    }
  },
  {
    "id": "smiths-crinkle-cut-chicken-potato-chips",
    "brand": "Smith's",
    "name": "Crinkle Cut Chicken Potato Chips",
    "imageUrl": "https://shop.coles.com.au/wcsstore/Coles-CAS/images/2/3/5/2358300-th.jpg",
    "categories": ["entertaining-at-home"],
    "tags": ["snacks-for-entertaining", "chips-for-entertaining"],
    "locations": {
      "vic": {
        "price": 3.5,
        "promoText": "Any 2 $5",
        "packageSize": "170g",
        "packagePrice": "$2.06 per 100G"
      }
    }
  },
  {
    "id": "smiths-crinkle-cut-cheese-onion-potato-chips",
    "brand": "Smith's",
    "name": "Crinkle Cut Cheese & Onion Potato Chips",
    "imageUrl": "https://shop.coles.com.au/wcsstore/Coles-CAS/images/2/3/5/2358297-th.jpg",
    "categories": ["entertaining-at-home"],
    "tags": ["snacks-for-entertaining", "chips-for-entertaining"],
    "locations": {
      "vic": {
        "price": 3.5,
        "promoText": "Any 2 $5",
        "packageSize": "170g",
        "packagePrice": "$2.06 per 100G"
      }
    }
  },
  {
    "id": "coles-sour-cream-onion-stacked-chips",
    "brand": "Coles",
    "name": "Sour Cream & Onion Stacked Chips",
    "imageUrl": "https://shop.coles.com.au/wcsstore/Coles-CAS/images/2/0/7/2072862-th.jpg",
    "categories": ["entertaining-at-home"],
    "tags": ["snacks-for-entertaining", "chips-for-entertaining"],
    "locations": {
      "vic": {
        "price": 1.75,
        "promoText": " ",
        "packageSize": "160g",
        "packagePrice": "$1.09 per 100G"
      }
    }
  },
  {
    "id": "french-fries-potato-chips-original-7117775p",
    "brand": "French Fries",
    "name": "Original Potato Chips",
    "imageUrl": "https://shop.coles.com.au/wcsstore/Coles-CAS/images/7/1/1/7117775-th.jpg",
    "categories": ["entertaining-at-home"],
    "tags": ["snacks-for-entertaining", "chips-for-entertaining"],
    "locations": {
      "vic": {
        "price": 3.5,
        "promoText": " ",
        "packageSize": "175g",
        "packagePrice": "$2.00 per 100G"
      }
    }
  },
  {
    "id": "kettle-sweet-chilli-sour-cream-potato-chips",
    "brand": "Kettle",
    "name": "Sweet Chilli & Sour Cream Potato Chips",
    "imageUrl": "https://shop.coles.com.au/wcsstore/Coles-CAS/images/2/6/7/2670081-th.jpg",
    "categories": ["entertaining-at-home"],
    "tags": ["snacks-for-entertaining", "chips-for-entertaining"],
    "locations": {
      "vic": {
        "price": 4.65,
        "promoText": "Any 2 $7",
        "packageSize": "175g",
        "packagePrice": "$2.66 per 100G"
      }
    }
  },
  {
    "id": "mission-corn-chips-cheesy-nachos",
    "brand": "Mission",
    "name": "Cheesy Nachos Tortilla Triangles Corn Chips",
    "imageUrl": "https://shop.coles.com.au/wcsstore/Coles-CAS/images/1/2/7/1277575-th.jpg",
    "categories": ["entertaining-at-home"],
    "tags": ["snacks-for-entertaining", "chips-for-entertaining"],
    "locations": {
      "vic": {
        "price": 3.1,
        "promoText": "Any 2 $5.50",
        "packageSize": "230g",
        "packagePrice": "$1.35 per 100G"
      }
    }
  },
  {
    "id": "natural-chip-company-chips-honey-soy-chicken-1260335p",
    "brand": "Natural Chip Co.",
    "name": "Honey Soy Chicken Potato Chips",
    "imageUrl": "https://shop.coles.com.au/wcsstore/Coles-CAS/images/1/2/6/1260335-th.jpg",
    "categories": ["entertaining-at-home"],
    "tags": ["snacks-for-entertaining", "chips-for-entertaining"],
    "locations": {
      "vic": {
        "price": 3.5,
        "promoText": "Any 2 $5",
        "packageSize": "175g",
        "packagePrice": "$2.00 per 100G"
      }
    }
  },
  {
    "id": "natural-chip-company-chips-sea-salt-vinegar",
    "brand": "Natural Chip Co.",
    "name": "Sea Salt & Vinegar Potato Chips",
    "imageUrl": "https://shop.coles.com.au/wcsstore/Coles-CAS/images/1/2/6/1260313-th.jpg",
    "categories": ["entertaining-at-home"],
    "tags": ["snacks-for-entertaining", "chips-for-entertaining"],
    "locations": {
      "vic": {
        "price": 3.5,
        "promoText": "Any 2 $5",
        "packageSize": "175g",
        "packagePrice": "$2.00 per 100G"
      }
    }
  },
  {
    "id": "natural-chip-co-corn-chips-sour-cream-chives",
    "brand": "The Natural Chip Co.",
    "name": "Sour Cream & Chives Tortilla Strips",
    "imageUrl": "https://shop.coles.com.au/wcsstore/Coles-CAS/images/3/5/7/3574119-th.jpg",
    "categories": ["entertaining-at-home"],
    "tags": ["snacks-for-entertaining", "chips-for-entertaining"],
    "locations": {
      "vic": {
        "price": 3.5,
        "promoText": "Any 2 $6",
        "packageSize": "175g",
        "packagePrice": "$2.00 per 100G"
      }
    }
  },
  {
    "id": "pringles-original-potato-chips",
    "brand": "Pringles",
    "name": "Original Salted Stacked Potato Chips",
    "imageUrl": "https://shop.coles.com.au/wcsstore/Coles-CAS/images/2/7/8/2784047-th.jpg",
    "categories": ["entertaining-at-home"],
    "tags": ["snacks-for-entertaining", "chips-for-entertaining"],
    "locations": {
      "vic": {
        "price": 4,
        "promoText": " ",
        "packageSize": "134g",
        "packagePrice": "$2.99 per 100G"
      }
    }
  },
  {
    "id": "mission-deli-style-white-strip-corn-chips",
    "brand": "Mission",
    "name": "Deli Style White Corn Strips",
    "imageUrl": "https://shop.coles.com.au/wcsstore/Coles-CAS/images/2/9/2/2921830-th.jpg",
    "categories": ["entertaining-at-home"],
    "tags": ["snacks-for-entertaining", "chips-for-entertaining"],
    "locations": {
      "vic": {
        "price": 5.5,
        "promoText": " ",
        "packageSize": "500g",
        "packagePrice": "$1.10 per 100G"
      }
    }
  },
  {
    "id": "smiths-thinly-cut-chips-potato-swt-chil-crm",
    "brand": "Smith's",
    "name": "Sweet Chilli & Sour Cream Thinly Cut Potato Chips",
    "imageUrl": "https://shop.coles.com.au/wcsstore/Coles-CAS/images/2/8/4/2845957-th.jpg",
    "categories": ["entertaining-at-home"],
    "tags": ["snacks-for-entertaining", "chips-for-entertaining"],
    "locations": {
      "vic": {
        "price": 2,
        "promoText": "Was $3.55 on May 2018 ",
        "packageSize": "175g",
        "packagePrice": "$1.14 per 100G"
      }
    }
  },
  {
    "id": "coles-potato-chips-crinkle-cut-original",
    "brand": "Coles",
    "name": "Original Crinkle Cut Potato Chips",
    "imageUrl": "https://shop.coles.com.au/wcsstore/Coles-CAS/images/6/9/8/6989493-th.jpg",
    "categories": ["entertaining-at-home"],
    "tags": ["snacks-for-entertaining", "chips-for-entertaining"],
    "locations": {
      "vic": {
        "price": 1.6,
        "promoText": " ",
        "packageSize": "175g",
        "packagePrice": "$0.91 per 100G"
      }
    }
  },
  {
    "id": "coles-original-stacked-chips",
    "brand": "Coles",
    "name": "Original Flavour Stacked Chips",
    "imageUrl": "https://shop.coles.com.au/wcsstore/Coles-CAS/images/2/0/7/2072873-th.jpg",
    "categories": ["entertaining-at-home"],
    "tags": ["snacks-for-entertaining", "chips-for-entertaining"],
    "locations": {
      "vic": {
        "price": 1.75,
        "promoText": " ",
        "packageSize": "160g",
        "packagePrice": "$1.09 per 100G"
      }
    }
  },
  {
    "id": "doritos-cheese-supreme-corn-chips-3568331p",
    "brand": "Doritos",
    "name": "Cheese Supreme Corn Chips",
    "imageUrl": "https://shop.coles.com.au/wcsstore/Coles-CAS/images/3/5/6/3568331-th.jpg",
    "categories": ["entertaining-at-home"],
    "tags": ["snacks-for-entertaining", "chips-for-entertaining"],
    "locations": {
      "vic": {
        "price": 7,
        "promoText": " ",
        "packageSize": "380g",
        "packagePrice": "$1.84 per 100G"
      }
    }
  },
  {
    "id": "kettle-natural-potato-chips",
    "brand": "Kettle",
    "name": "Roasted Garlic & Parmesan Potato Chips",
    "imageUrl": "https://shop.coles.com.au/wcsstore/Coles-CAS/images/3/0/8/3082012-th.jpg",
    "categories": ["entertaining-at-home"],
    "tags": ["snacks-for-entertaining", "chips-for-entertaining"],
    "locations": {
      "vic": {
        "price": 4.65,
        "promoText": "Any 2 $7",
        "packageSize": "175g",
        "packagePrice": "$2.66 per 100G"
      }
    }
  },
  {
    "id": "natural-chip-company-chips-sea-salt-cracked-pepper",
    "brand": "Natural Chip Co.",
    "name": "Sea Salt & Cracked Pepper Potato Chips",
    "imageUrl": "https://shop.coles.com.au/wcsstore/Coles-CAS/images/1/2/6/1260346-th.jpg",
    "categories": ["entertaining-at-home"],
    "tags": ["snacks-for-entertaining", "chips-for-entertaining"],
    "locations": {
      "vic": {
        "price": 3.5,
        "promoText": "Any 2 $5",
        "packageSize": "175g",
        "packagePrice": "$2.00 per 100G"
      }
    }
  },
  {
    "id": "pringles-sour-cream-onion-potato-chips",
    "brand": "Pringles",
    "name": "Sour Cream & Onion Potato Chips",
    "imageUrl": "https://shop.coles.com.au/wcsstore/Coles-CAS/images/2/7/8/2784058-th.jpg",
    "categories": ["entertaining-at-home"],
    "tags": ["snacks-for-entertaining", "chips-for-entertaining"],
    "locations": {
      "vic": {
        "price": 4,
        "promoText": " ",
        "packageSize": "134g",
        "packagePrice": "$2.99 per 100G"
      }
    }
  },
  {
    "id": "pringles-potato-chips-sour-cream-onion-2784138p",
    "brand": "Pringles",
    "name": "Sour Cream & Onion Stacked Potato Chips",
    "imageUrl": "https://shop.coles.com.au/wcsstore/Coles-CAS/images/2/7/8/2784138-th.jpg",
    "categories": ["entertaining-at-home"],
    "tags": ["snacks-for-entertaining", "chips-for-entertaining"],
    "locations": {
      "vic": {
        "price": 1.9,
        "promoText": " ",
        "packageSize": "53g",
        "packagePrice": "$3.58 per 100G"
      }
    }
  },
  {
    "id": "smiths-crinkle-chips-salt-vinegar",
    "brand": "Smith's",
    "name": "Salt & Vinegar Flavour Potato Chips",
    "imageUrl": "https://shop.coles.com.au/wcsstore/Coles-CAS/images/3/5/6/3568353-th.jpg",
    "categories": ["entertaining-at-home"],
    "tags": ["snacks-for-entertaining", "chips-for-entertaining"],
    "locations": {
      "vic": {
        "price": 7,
        "promoText": " ",
        "packageSize": "380g",
        "packagePrice": "$1.84 per 100G"
      }
    }
  },
  {
    "id": "calbee-harvest-snaps-baked-pea-crisp-salt-vngr",
    "brand": "Calbee Harvest Snaps",
    "name": "Baked Pea Crisp Salt & Vinegar",
    "imageUrl": "https://shop.coles.com.au/wcsstore/Coles-CAS/images/3/1/6/3169868-th.jpg",
    "categories": ["entertaining-at-home"],
    "tags": ["snacks-for-entertaining", "chips-for-entertaining"],
    "locations": {
      "vic": {
        "price": 3,
        "promoText": " ",
        "packageSize": "93g",
        "packagePrice": "$3.23 per 100G"
      }
    }
  },
  {
    "id": "coles-corn-chips-cheese-supreme",
    "brand": "Coles",
    "name": "Cheese Supreme Corn Chips",
    "imageUrl": "https://shop.coles.com.au/wcsstore/Coles-CAS/images/6/9/9/6992556-th.jpg",
    "categories": ["entertaining-at-home"],
    "tags": ["snacks-for-entertaining", "chips-for-entertaining"],
    "locations": {
      "vic": {
        "price": 1.9,
        "promoText": " ",
        "packageSize": "200g",
        "packagePrice": "$0.95 per 100G"
      }
    }
  },
  {
    "id": "coles-brand-potato-chips-crinkle-cut--salt-vinegar",
    "brand": "Coles",
    "name": "Salt & Vinegar Crinkle Cut Potato Chips",
    "imageUrl": "https://shop.coles.com.au/wcsstore/Coles-CAS/images/6/9/8/6989529-th.jpg",
    "categories": ["entertaining-at-home"],
    "tags": ["snacks-for-entertaining", "chips-for-entertaining"],
    "locations": {
      "vic": {
        "price": 1.6,
        "promoText": " ",
        "packageSize": "175g",
        "packagePrice": "$0.91 per 100G"
      }
    }
  },
  {
    "id": "majans-infusions-prawn-crackers",
    "brand": "Majans",
    "name": "Infuzions Prawn Crackers BBQ Ribs",
    "imageUrl": "https://shop.coles.com.au/wcsstore/Coles-CAS/images/3/0/8/3084583-th.jpg",
    "categories": ["entertaining-at-home"],
    "tags": ["snacks-for-entertaining", "chips-for-entertaining"],
    "locations": {
      "vic": {
        "price": 2,
        "promoText": "$1.50 ",
        "packageSize": "110g",
        "packagePrice": "$1.82 per 100G"
      }
    }
  },
  {
    "id": "pringles-potato-chips-original-2784127p",
    "brand": "Pringles",
    "name": "Original Salted Stacked Potato Chips",
    "imageUrl": "https://shop.coles.com.au/wcsstore/Coles-CAS/images/2/7/8/2784127-th.jpg",
    "categories": ["entertaining-at-home"],
    "tags": ["snacks-for-entertaining", "chips-for-entertaining"],
    "locations": {
      "vic": {
        "price": 1.9,
        "promoText": " ",
        "packageSize": "53g",
        "packagePrice": "$3.58 per 100G"
      }
    }
  },
  {
    "id": "red-rock-deli-honey-soy-chicken-party-bag",
    "brand": "Red Rock Deli",
    "name": "Honey Soy Chicken Party Bag Potato Chips",
    "imageUrl": "https://shop.coles.com.au/wcsstore/Coles-CAS/images/3/1/6/3168639-th.jpg",
    "categories": ["entertaining-at-home"],
    "tags": ["snacks-for-entertaining", "chips-for-entertaining"],
    "locations": {
      "vic": {
        "price": 7,
        "promoText": " ",
        "packageSize": "290g",
        "packagePrice": "$2.41 per 100G"
      }
    }
  },
  {
    "id": "smiths-thinly-cut-potato-chips-roast-chicken",
    "brand": "Smith's",
    "name": "Sticky BBQ Ribs Thinly Cut Potato Chips",
    "imageUrl": "https://shop.coles.com.au/wcsstore/Coles-CAS/images/3/3/3/3333644-th.jpg",
    "categories": ["entertaining-at-home"],
    "tags": ["snacks-for-entertaining", "chips-for-entertaining"],
    "locations": {
      "vic": {
        "price": 2,
        "promoText": " ",
        "packageSize": "175g",
        "packagePrice": "$1.14 per 100G"
      }
    }
  },
  {
    "id": "vege-chips-natural",
    "brand": "Vege",
    "name": "Original Natural Chips",
    "imageUrl": "https://shop.coles.com.au/wcsstore/Coles-CAS/images/5/3/7/5376218-th.jpg",
    "categories": ["entertaining-at-home"],
    "tags": ["snacks-for-entertaining", "chips-for-entertaining"],
    "locations": {
      "vic": {
        "price": 3.8,
        "promoText": " ",
        "packageSize": "100g",
        "packagePrice": "$3.80 per 100G"
      }
    }
  },
  {
    "id": "vege-deli-lentils-crips",
    "brand": "Vege",
    "name": "Deli Crisps Lentil Lightly Salted Chips",
    "imageUrl": "https://shop.coles.com.au/wcsstore/Coles-CAS/images/2/4/9/2492198-th.jpg",
    "categories": ["entertaining-at-home"],
    "tags": ["snacks-for-entertaining", "chips-for-entertaining"],
    "locations": {
      "vic": {
        "price": 5.5,
        "promoText": " ",
        "packageSize": "100g",
        "packagePrice": "$5.50 per 100G"
      }
    }
  },
  {
    "id": "vege-deli-crips-original-blend",
    "brand": "Vege",
    "name": "Deli Crisps Original Blend Chips",
    "imageUrl": "https://shop.coles.com.au/wcsstore/Coles-CAS/images/2/8/9/2898261-th.jpg",
    "categories": ["entertaining-at-home"],
    "tags": ["snacks-for-entertaining", "chips-for-entertaining"],
    "locations": {
      "vic": {
        "price": 5.5,
        "promoText": " ",
        "packageSize": "100g",
        "packagePrice": "$5.50 per 100G"
      }
    }
  },
  {
    "id": "vege-deli-crips-purple-sweet-potato",
    "brand": "Vege",
    "name": "Deli Crisps Purple Sweet Potato Chips",
    "imageUrl": "https://shop.coles.com.au/wcsstore/Coles-CAS/images/2/8/9/2898283-th.jpg",
    "categories": ["entertaining-at-home"],
    "tags": ["snacks-for-entertaining", "chips-for-entertaining"],
    "locations": {
      "vic": {
        "price": 5.5,
        "promoText": " ",
        "packageSize": "100g",
        "packagePrice": "$5.50 per 100G"
      }
    }
  },
  {
    "id": "coles-deli-style-honey-soy-chicken-potato-chips",
    "brand": "Coles",
    "name": "Deli Style Honey Soy Chicken Potato Chips",
    "imageUrl": "https://shop.coles.com.au/wcsstore/Coles-CAS/images/2/2/6/2267180-th.jpg",
    "categories": ["entertaining-at-home"],
    "tags": ["snacks-for-entertaining", "chips-for-entertaining"],
    "locations": {
      "vic": {
        "price": 2.5,
        "promoText": " ",
        "packageSize": "200g",
        "packagePrice": "$1.25 per 100G"
      }
    }
  },
  {
    "id": "pringles-barbeque-potato-chips",
    "brand": "Pringles",
    "name": "BBQ Stacked Potato Chips",
    "imageUrl": "https://shop.coles.com.au/wcsstore/Coles-CAS/images/2/7/8/2784070-th.jpg",
    "categories": ["entertaining-at-home"],
    "tags": ["snacks-for-entertaining", "chips-for-entertaining"],
    "locations": {
      "vic": {
        "price": 4,
        "promoText": " ",
        "packageSize": "134g",
        "packagePrice": "$2.99 per 100G"
      }
    }
  },
  {
    "id": "pringles-salt-vinegar-potato-chips",
    "brand": "Pringles",
    "name": "Salt & Vinegar Flavour Stacked Potato Chips",
    "imageUrl": "https://shop.coles.com.au/wcsstore/Coles-CAS/images/2/7/8/2784069-th.jpg",
    "categories": ["entertaining-at-home"],
    "tags": ["snacks-for-entertaining", "chips-for-entertaining"],
    "locations": {
      "vic": {
        "price": 4,
        "promoText": " ",
        "packageSize": "134g",
        "packagePrice": "$2.99 per 100G"
      }
    }
  },
  {
    "id": "coles-brand-potato-chips-crinkle-cut-chicken",
    "brand": "Coles",
    "name": "Chicken Crinkle Cut Chips",
    "imageUrl": "https://shop.coles.com.au/wcsstore/Coles-CAS/images/6/9/8/6989438-th.jpg",
    "categories": ["entertaining-at-home"],
    "tags": ["snacks-for-entertaining", "chips-for-entertaining"],
    "locations": {
      "vic": {
        "price": 1.6,
        "promoText": " ",
        "packageSize": "175g",
        "packagePrice": "$0.91 per 100G"
      }
    }
  },
  {
    "id": "majans-infusions-3084608p",
    "brand": "Infuzions",
    "name": "Veggie Straws Sour Cream & Herb Flavour",
    "imageUrl": "https://shop.coles.com.au/wcsstore/Coles-CAS/images/3/0/8/3084608-th.jpg",
    "categories": ["entertaining-at-home"],
    "tags": ["snacks-for-entertaining", "chips-for-entertaining"],
    "locations": {
      "vic": {
        "price": 2,
        "promoText": "$1.50 ",
        "packageSize": "110g",
        "packagePrice": "$1.82 per 100G"
      }
    }
  },
  {
    "id": "natural-chip-co-cheddar-caramelised-onion",
    "brand": "Natural Chip Co.",
    "name": "Chilli Lime Potato Chips",
    "imageUrl": "https://shop.coles.com.au/wcsstore/Coles-CAS/images/3/1/6/3168504-th.jpg",
    "categories": ["entertaining-at-home"],
    "tags": ["snacks-for-entertaining", "chips-for-entertaining"],
    "locations": {
      "vic": {
        "price": 3.5,
        "promoText": "Any 2 $5",
        "packageSize": "175g",
        "packagePrice": "$2.00 per 100G"
      }
    }
  },
  {
    "id": "smiths-potato-chips-thin-sliced-sour-cream-onion",
    "brand": "Smith's",
    "name": "Sour Cream & Onion Thinly Cut Potato Chips",
    "imageUrl": "https://shop.coles.com.au/wcsstore/Coles-CAS/images/5/7/0/5706276-th.jpg",
    "categories": ["entertaining-at-home"],
    "tags": ["snacks-for-entertaining", "chips-for-entertaining"],
    "locations": {
      "vic": {
        "price": 2,
        "promoText": "Was $3.30 on May 2018 ",
        "packageSize": "175g",
        "packagePrice": "$1.14 per 100G"
      }
    }
  },
  {
    "id": "vege-chips-bbq",
    "brand": "Vege",
    "name": "Original BBQ Chips",
    "imageUrl": "https://shop.coles.com.au/wcsstore/Coles-CAS/images/5/3/7/5376229-th.jpg",
    "categories": ["entertaining-at-home"],
    "tags": ["snacks-for-entertaining", "chips-for-entertaining"],
    "locations": {
      "vic": {
        "price": 3.8,
        "promoText": " ",
        "packageSize": "100g",
        "packagePrice": "$3.80 per 100G"
      }
    }
  },
  {
    "id": "calbee-harvest-snaps-baked-pea-crisps-chilli",
    "brand": "Calbee Harvest Snaps",
    "name": "Baked Pea Crisps Chilli",
    "imageUrl": "https://shop.coles.com.au/wcsstore/Coles-CAS/images/3/1/6/3169857-th.jpg",
    "categories": ["entertaining-at-home"],
    "tags": ["snacks-for-entertaining", "chips-for-entertaining"],
    "locations": {
      "vic": {
        "price": 3,
        "promoText": " ",
        "packageSize": "93g",
        "packagePrice": "$3.23 per 100G"
      }
    }
  },
  {
    "id": "harvest-snaps-black-bean-sour-cream-chives",
    "brand": "Calbee Harvest Snaps",
    "name": "Sour Cream & Chives Black Bean Baked Crisps",
    "imageUrl": "https://shop.coles.com.au/wcsstore/Coles-CAS/images/3/4/3/3434120-th.jpg",
    "categories": ["entertaining-at-home"],
    "tags": ["snacks-for-entertaining", "chips-for-entertaining"],
    "locations": {
      "vic": {
        "price": 3,
        "promoText": " ",
        "packageSize": "85g",
        "packagePrice": "$3.53 per 100G"
      }
    }
  },
  {
    "id": "coles-deli-style-sea-salt-potato-chips",
    "brand": "Coles",
    "name": "Deli Style Natural Sea Salt Potato Chips",
    "imageUrl": "https://shop.coles.com.au/wcsstore/Coles-CAS/images/2/2/6/2267191-th.jpg",
    "categories": ["entertaining-at-home"],
    "tags": ["snacks-for-entertaining", "chips-for-entertaining"],
    "locations": {
      "vic": {
        "price": 2.5,
        "promoText": " ",
        "packageSize": "200g",
        "packagePrice": "$1.25 per 100G"
      }
    }
  },
  {
    "id": "pringles-southern-fried-chicken-flavour-potato-chips",
    "brand": "Pringles",
    "name": "Chicken Schnitty Flavour Potato Chips",
    "imageUrl": "https://shop.coles.com.au/wcsstore/Coles-CAS/images/2/7/8/2784080-th.jpg",
    "categories": ["entertaining-at-home"],
    "tags": ["snacks-for-entertaining", "chips-for-entertaining"],
    "locations": {
      "vic": {
        "price": 4,
        "promoText": " ",
        "packageSize": "134g",
        "packagePrice": "$2.99 per 100G"
      }
    }
  },
  {
    "id": "red-rock-deli-tortilla-chips-parmesan-onion",
    "brand": "Red Rock Deli",
    "name": "Parmesan & Caramelised Onion Tortilla Chips",
    "imageUrl": "https://shop.coles.com.au/wcsstore/Coles-CAS/images/3/3/1/3312950-th.jpg",
    "categories": ["entertaining-at-home"],
    "tags": ["snacks-for-entertaining", "chips-for-entertaining"],
    "locations": {
      "vic": {
        "price": 3,
        "promoText": "$1.65 ",
        "packageSize": "165g",
        "packagePrice": "$1.82 per 100G"
      }
    }
  },
  {
    "id": "kettle-popcorn-butter-salt-maple",
    "brand": "Kettle",
    "name": "Brown Butter & Salted Maple Popcorn",
    "imageUrl": "https://shop.coles.com.au/wcsstore/Coles-CAS/images/3/4/6/3466626-th.jpg",
    "categories": ["entertaining-at-home"],
    "tags": ["snacks-for-entertaining", "chips-for-entertaining"],
    "locations": {
      "vic": {
        "price": 0,
        "promoText": " ",
        "packageSize": "100g",
        "packagePrice": ""
      }
    }
  },
  {
    "id": "oreo-original-vanilla-cr%C3%A8me-biscuits-2710437p",
    "brand": "Oreo",
    "name": "Original Crème Biscuits",
    "imageUrl": "https://shop.coles.com.au/wcsstore/Coles-CAS/images/2/7/1/2710437-th.jpg",
    "categories": ["entertaining-at-home"],
    "tags": ["snacks-for-entertaining", "biscuit-cokies"],
    "locations": {
      "vic": {
        "price": 1.5,
        "promoText": "$0.50 ",
        "packageSize": "133g",
        "packagePrice": "$1.13 per 100G"
      }
    }
  },
  {
    "id": "coles-cookies-ultimate-40%25-chocolate-chip",
    "brand": "Coles",
    "name": "Ultimate 40% Chocolate Chip Cookies",
    "imageUrl": "https://shop.coles.com.au/wcsstore/Coles-CAS/images/4/9/5/4953000-th.jpg",
    "categories": ["entertaining-at-home"],
    "tags": ["snacks-for-entertaining", "biscuit-cokies"],
    "locations": {
      "vic": {
        "price": 3.5,
        "promoText": " ",
        "packageSize": "400g",
        "packagePrice": "$0.88 per 100G"
      }
    }
  },
  {
    "id": "kraft-mini-original-oreo-cookies",
    "brand": "Oreo",
    "name": "Original Mini Biscuit Multipack",
    "imageUrl": "https://shop.coles.com.au/wcsstore/Coles-CAS/images/1/8/4/1843854-th.jpg",
    "categories": ["entertaining-at-home"],
    "tags": ["snacks-for-entertaining", "biscuit-cokies"],
    "locations": {
      "vic": {
        "price": 3.95,
        "promoText": " ",
        "packageSize": "230g",
        "packagePrice": "$1.72 per 100G"
      }
    }
  },
  {
    "id": "cadbury-chocolate-fingers-milk-biscuits",
    "brand": "Cadbury",
    "name": "Chocolate Fingers Milk Biscuits",
    "imageUrl": "https://shop.coles.com.au/wcsstore/Coles-CAS/images/3/0/2/3029905-th.jpg",
    "categories": ["entertaining-at-home"],
    "tags": ["snacks-for-entertaining", "biscuit-cokies"],
    "locations": {
      "vic": {
        "price": 3,
        "promoText": "Any 2 $4",
        "packageSize": "114g",
        "packagePrice": "$2.63 per 100G"
      }
    }
  },
  {
    "id": "belvita-chocolate-breakfast-biscuit",
    "brand": "Belvita",
    "name": "Chocolate Breakfast Biscuit 6 Pack",
    "imageUrl": "https://shop.coles.com.au/wcsstore/Coles-CAS/images/1/8/4/1843763-th.jpg",
    "categories": ["entertaining-at-home"],
    "tags": ["snacks-for-entertaining", "biscuit-cokies"],
    "locations": {
      "vic": {
        "price": 4,
        "promoText": " ",
        "packageSize": "300g",
        "packagePrice": "$1.33 per 100G"
      }
    }
  },
  {
    "id": "belvita-biscuits-breakfast-milk-cereals-6-pack",
    "brand": "Belvita",
    "name": "Milk and Cereals Breakfast Biscuits 6 Pack",
    "imageUrl": "https://shop.coles.com.au/wcsstore/Coles-CAS/images/9/1/0/9109880-th.jpg",
    "categories": ["entertaining-at-home"],
    "tags": ["snacks-for-entertaining", "biscuit-cokies"],
    "locations": {
      "vic": {
        "price": 4,
        "promoText": " ",
        "packageSize": "300g",
        "packagePrice": "$1.33 per 100G"
      }
    }
  },
  {
    "id": "mcvities-biscuits-digestive-milk-chocolate",
    "brand": "McVitie's",
    "name": "Digestives Milk Chocolate Wheat Biscuits",
    "imageUrl": "https://shop.coles.com.au/wcsstore/Coles-CAS/images/6/1/0/6109035-th.jpg",
    "categories": ["entertaining-at-home"],
    "tags": ["snacks-for-entertaining", "biscuit-cokies"],
    "locations": {
      "vic": {
        "price": 1.97,
        "promoText": "$1.98 ",
        "packageSize": "300g",
        "packagePrice": "$0.66 per 100G"
      }
    }
  },
  {
    "id": "arnotts-chocolate-biscuits-tim-tams-double-coat-chocolate",
    "brand": "Arnott's",
    "name": "Double Coat Chocolate Tim Tam",
    "imageUrl": "https://shop.coles.com.au/wcsstore/Coles-CAS/images/7/0/2/7029292-th.jpg",
    "categories": ["entertaining-at-home"],
    "tags": ["snacks-for-entertaining", "biscuit-cokies"],
    "locations": {
      "vic": {
        "price": 1.82,
        "promoText": "$1.83 ",
        "packageSize": "200g",
        "packagePrice": "$0.91 per 100G"
      }
    }
  },
  {
    "id": "mcvities-biscuits-digestive-original",
    "brand": "McVitie's",
    "name": "Original Digestive Biscuits",
    "imageUrl": "https://shop.coles.com.au/wcsstore/Coles-CAS/images/6/1/0/6108010-th.jpg",
    "categories": ["entertaining-at-home"],
    "tags": ["snacks-for-entertaining", "biscuit-cokies"],
    "locations": {
      "vic": {
        "price": 1.97,
        "promoText": "$1.98 ",
        "packageSize": "400g",
        "packagePrice": "$0.49 per 100G"
      }
    }
  },
  {
    "id": "arnotts-tim-tams-messina-biscuits-choc-mint",
    "brand": "Arnott's",
    "name": "Tim Tam Chocolate Mint Biscuits",
    "imageUrl": "https://shop.coles.com.au/wcsstore/Coles-CAS/images/2/8/6/2869977-th.jpg",
    "categories": ["entertaining-at-home"],
    "tags": ["snacks-for-entertaining", "biscuit-cokies"],
    "locations": {
      "vic": {
        "price": 1.82,
        "promoText": "$1.83 ",
        "packageSize": "160g",
        "packagePrice": "$1.14 per 100G"
      }
    }
  },
  {
    "id": "arnotts-chocolate-biscuits-tim-tams-chewy-caramel",
    "brand": "Arnott's",
    "name": "Chewy Caramel Tim Tam",
    "imageUrl": "https://shop.coles.com.au/wcsstore/Coles-CAS/images/8/6/5/8655375-th.jpg",
    "categories": ["entertaining-at-home"],
    "tags": ["snacks-for-entertaining", "biscuit-cokies"],
    "locations": {
      "vic": {
        "price": 1.82,
        "promoText": "$1.83 ",
        "packageSize": "175g",
        "packagePrice": "$1.04 per 100G"
      }
    }
  },
  {
    "id": "arnotts-chocolate-biscuits-tim-tams-classic-dark-chocolate",
    "brand": "Arnott's",
    "name": "Classic Dark Chocolate Tim Tam",
    "imageUrl": "https://shop.coles.com.au/wcsstore/Coles-CAS/images/6/0/2/6025536-th.jpg",
    "categories": ["entertaining-at-home"],
    "tags": ["snacks-for-entertaining", "biscuit-cokies"],
    "locations": {
      "vic": {
        "price": 1.82,
        "promoText": "$1.83 ",
        "packageSize": "200g",
        "packagePrice": "$0.91 per 100G"
      }
    }
  },
  {
    "id": "mcvities-biscuits-digestive-dark-chocolate",
    "brand": "McVitie's",
    "name": "Dark Chocolate Digestive Biscuits",
    "imageUrl": "https://shop.coles.com.au/wcsstore/Coles-CAS/images/6/1/0/6109057-th.jpg",
    "categories": ["entertaining-at-home"],
    "tags": ["snacks-for-entertaining", "biscuit-cokies"],
    "locations": {
      "vic": {
        "price": 1.97,
        "promoText": "$1.98 ",
        "packageSize": "300g",
        "packagePrice": "$0.66 per 100G"
      }
    }
  },
  {
    "id": "arnotts-biscuits-assorted-creams",
    "brand": "Arnott's",
    "name": "Assorted Creams Biscuits",
    "imageUrl": "https://shop.coles.com.au/wcsstore/Coles-CAS/images/3/2/8/328874-th.jpg",
    "categories": ["entertaining-at-home"],
    "tags": ["snacks-for-entertaining", "biscuit-cokies"],
    "locations": {
      "vic": {
        "price": 4,
        "promoText": "$1.50 ",
        "packageSize": "500g",
        "packagePrice": "$0.80 per 100G"
      }
    }
  },
  {
    "id": "arnotts-biscuits-scotch-finger-chocolate-coated",
    "brand": "Arnott's",
    "name": "Chocolate Coated Scotch Finger Biscuits",
    "imageUrl": "https://shop.coles.com.au/wcsstore/Coles-CAS/images/5/5/1/5514923-th.jpg",
    "categories": ["entertaining-at-home"],
    "tags": ["snacks-for-entertaining", "biscuit-cokies"],
    "locations": {
      "vic": {
        "price": 3.65,
        "promoText": "Any 2 $5",
        "packageSize": "250g",
        "packagePrice": "$1.46 per 100G"
      }
    }
  },
  {
    "id": "arnotts-biscuits-teddy-bear-chocolate-coated",
    "brand": "Arnott's",
    "name": "Chocolate Coated Teddy Bear Biscuits",
    "imageUrl": "https://shop.coles.com.au/wcsstore/Coles-CAS/images/3/2/9/329582-th.jpg",
    "categories": ["entertaining-at-home"],
    "tags": ["snacks-for-entertaining", "biscuit-cokies"],
    "locations": {
      "vic": {
        "price": 3.65,
        "promoText": "Any 2 $5",
        "packageSize": "200g",
        "packagePrice": "$1.83 per 100G"
      }
    }
  },
  {
    "id": "arnotts-chocolate-biscuits-mint-slice",
    "brand": "Arnott's",
    "name": "Mint Slice Chocolate Biscuits",
    "imageUrl": "https://shop.coles.com.au/wcsstore/Coles-CAS/images/3/2/9/329571-th.jpg",
    "categories": ["entertaining-at-home"],
    "tags": ["snacks-for-entertaining", "biscuit-cokies"],
    "locations": {
      "vic": {
        "price": 3.65,
        "promoText": "Any 2 $5",
        "packageSize": "200g",
        "packagePrice": "$1.83 per 100G"
      }
    }
  },
  {
    "id": "arnotts-biscuits-scotch-finger",
    "brand": "Arnott's",
    "name": "Scotch Finger Biscuits",
    "imageUrl": "https://shop.coles.com.au/wcsstore/Coles-CAS/images/3/2/9/329174-th.jpg",
    "categories": ["entertaining-at-home"],
    "tags": ["snacks-for-entertaining", "biscuit-cokies"],
    "locations": {
      "vic": {
        "price": 3,
        "promoText": "Any 2 $4",
        "packageSize": "250g",
        "packagePrice": "$1.20 per 100G"
      }
    }
  },
  {
    "id": "arnotts-chocolate-biscuits-tim-tams-original-value-pack",
    "brand": "Arnott's",
    "name": "Original Chocolate Tim Tam Value Pack",
    "imageUrl": "https://shop.coles.com.au/wcsstore/Coles-CAS/images/1/2/1/1213404-th.jpg",
    "categories": ["entertaining-at-home"],
    "tags": ["snacks-for-entertaining", "biscuit-cokies"],
    "locations": {
      "vic": {
        "price": 3.6,
        "promoText": "Was $4.50 on Oct 2017 ",
        "packageSize": "330g",
        "packagePrice": "$1.09 per 100G"
      }
    }
  },
  {
    "id": "arnotts-chocolate-biscuits-tim-tam-white",
    "brand": "Arnott's",
    "name": "Tim Tam White Chocolate Biscuits",
    "imageUrl": "https://shop.coles.com.au/wcsstore/Coles-CAS/images/7/2/4/7243805-th.jpg",
    "categories": ["entertaining-at-home"],
    "tags": ["snacks-for-entertaining", "biscuit-cokies"],
    "locations": {
      "vic": {
        "price": 1.82,
        "promoText": "$1.83 ",
        "packageSize": "165g",
        "packagePrice": "$1.10 per 100G"
      }
    }
  },
  {
    "id": "arnotts-chocolate-biscuits-caramel-crowns",
    "brand": "Arnott's",
    "name": "Caramel Crowns Chocolate Biscuits",
    "imageUrl": "https://shop.coles.com.au/wcsstore/Coles-CAS/images/2/5/0/25078-th.jpg",
    "categories": ["entertaining-at-home"],
    "tags": ["snacks-for-entertaining", "biscuit-cokies"],
    "locations": {
      "vic": {
        "price": 3.65,
        "promoText": "Any 2 $5",
        "packageSize": "200g",
        "packagePrice": "$1.83 per 100G"
      }
    }
  },
  {
    "id": "coles-biscuits-scotch-fingers",
    "brand": "Coles",
    "name": "Scotch Finger Biscuits",
    "imageUrl": "https://shop.coles.com.au/wcsstore/Coles-CAS/images/1/4/0/1404071-th.jpg",
    "categories": ["entertaining-at-home"],
    "tags": ["snacks-for-entertaining", "biscuit-cokies"],
    "locations": {
      "vic": {
        "price": 0.9,
        "promoText": " ",
        "packageSize": "250g",
        "packagePrice": "$0.36 per 100G"
      }
    }
  },
  {
    "id": "arnotts-biscuits-teevee-snacks-original-chocolate",
    "brand": "Arnott's",
    "name": "Original Chocolate TeeVee Snacks",
    "imageUrl": "https://shop.coles.com.au/wcsstore/Coles-CAS/images/9/5/0/9503532-th.jpg",
    "categories": ["entertaining-at-home"],
    "tags": ["snacks-for-entertaining", "biscuit-cokies"],
    "locations": {
      "vic": {
        "price": 3.65,
        "promoText": "Any 2 $5",
        "packageSize": "175g",
        "packagePrice": "$2.09 per 100G"
      }
    }
  },
  {
    "id": "arnotts-biscuits-marie",
    "brand": "Arnott's",
    "name": "Marie Biscuits",
    "imageUrl": "https://shop.coles.com.au/wcsstore/Coles-CAS/images/3/2/9/329006-th.jpg",
    "categories": ["entertaining-at-home"],
    "tags": ["snacks-for-entertaining", "biscuit-cokies"],
    "locations": {
      "vic": {
        "price": 2.3,
        "promoText": " ",
        "packageSize": "250g",
        "packagePrice": "$0.92 per 100G"
      }
    }
  },
  {
    "id": "arnotts-biscuits-monte-carlo",
    "brand": "Arnott's",
    "name": "Monte Carlo Biscuits",
    "imageUrl": "https://shop.coles.com.au/wcsstore/Coles-CAS/images/3/2/9/329072-th.jpg",
    "categories": ["entertaining-at-home"],
    "tags": ["snacks-for-entertaining", "biscuit-cokies"],
    "locations": {
      "vic": {
        "price": 3,
        "promoText": " ",
        "packageSize": "250g",
        "packagePrice": "$1.20 per 100G"
      }
    }
  },
  {
    "id": "arnotts-biscuits-teevee-snacks-malt-sticks-chocolate",
    "brand": "Arnott's",
    "name": "Chocolate Malt Sticks TeeVee Snacks",
    "imageUrl": "https://shop.coles.com.au/wcsstore/Coles-CAS/images/9/5/0/9503543-th.jpg",
    "categories": ["entertaining-at-home"],
    "tags": ["snacks-for-entertaining", "biscuit-cokies"],
    "locations": {
      "vic": {
        "price": 3.65,
        "promoText": "Any 2 $5",
        "packageSize": "175g",
        "packagePrice": "$2.09 per 100G"
      }
    }
  },
  {
    "id": "arnotts-chocolate-biscuits-royals-milk-chocolate",
    "brand": "Arnott's",
    "name": "Milk Chocolate Royals",
    "imageUrl": "https://shop.coles.com.au/wcsstore/Coles-CAS/images/3/5/8/358718-th.jpg",
    "categories": ["entertaining-at-home"],
    "tags": ["snacks-for-entertaining", "biscuit-cokies"],
    "locations": {
      "vic": {
        "price": 3.65,
        "promoText": "Any 2 $5",
        "packageSize": "200g",
        "packagePrice": "$1.83 per 100G"
      }
    }
  },
  {
    "id": "arnotts-chocolate-biscuits-mint-slice-value-pack",
    "brand": "Arnott's",
    "name": "Mint Slice Chocolate Biscuits Value Pack",
    "imageUrl": "https://shop.coles.com.au/wcsstore/Coles-CAS/images/1/2/1/1213415-th.jpg",
    "categories": ["entertaining-at-home"],
    "tags": ["snacks-for-entertaining", "biscuit-cokies"],
    "locations": {
      "vic": {
        "price": 3.6,
        "promoText": "Was $4.50 on Oct 2017 ",
        "packageSize": "337g",
        "packagePrice": "$1.07 per 100G"
      }
    }
  },
  {
    "id": "arnotts-biscuits-arrowroot-milk",
    "brand": "Arnott's",
    "name": "Arrowroot Milk Biscuits",
    "imageUrl": "https://shop.coles.com.au/wcsstore/Coles-CAS/images/3/2/9/329028-th.jpg",
    "categories": ["entertaining-at-home"],
    "tags": ["snacks-for-entertaining", "biscuit-cokies"],
    "locations": {
      "vic": {
        "price": 2.3,
        "promoText": " ",
        "packageSize": "250g",
        "packagePrice": "$0.92 per 100G"
      }
    }
  },
  {
    "id": "arnotts-biscuits-family-assorted",
    "brand": "Arnott's",
    "name": "Family Assorted Biscuits",
    "imageUrl": "https://shop.coles.com.au/wcsstore/Coles-CAS/images/3/2/8/328910-th.jpg",
    "categories": ["entertaining-at-home"],
    "tags": ["snacks-for-entertaining", "biscuit-cokies"],
    "locations": {
      "vic": {
        "price": 4,
        "promoText": "Was $4.70 on Jan 2020 ",
        "packageSize": "500g",
        "packagePrice": "$0.80 per 100G"
      }
    }
  },
  {
    "id": "arnotts-biscuits-kingston",
    "brand": "Arnott's",
    "name": "Kingston Biscuits",
    "imageUrl": "https://shop.coles.com.au/wcsstore/Coles-CAS/images/3/2/9/329560-th.jpg",
    "categories": ["entertaining-at-home"],
    "tags": ["snacks-for-entertaining", "biscuit-cokies"],
    "locations": {
      "vic": {
        "price": 3,
        "promoText": " ",
        "packageSize": "200g",
        "packagePrice": "$1.50 per 100G"
      }
    }
  },
  {
    "id": "arnotts-biscuits-tiny-teddy-half-coated-chocolate",
    "brand": "Arnott's",
    "name": "Half Coated Chocolate Tiny Teddy Biscuits",
    "imageUrl": "https://shop.coles.com.au/wcsstore/Coles-CAS/images/6/0/2/6027746-th.jpg",
    "categories": ["entertaining-at-home"],
    "tags": ["snacks-for-entertaining", "biscuit-cokies"],
    "locations": {
      "vic": {
        "price": 3,
        "promoText": "Any 2 $4",
        "packageSize": "200g",
        "packagePrice": "$1.50 per 100G"
      }
    }
  },
  {
    "id": "arnotts-biscuits-teddy-bear",
    "brand": "Arnott's",
    "name": "Teddy Bear Biscuits",
    "imageUrl": "https://shop.coles.com.au/wcsstore/Coles-CAS/images/3/2/9/329243-th.jpg",
    "categories": ["entertaining-at-home"],
    "tags": ["snacks-for-entertaining", "biscuit-cokies"],
    "locations": {
      "vic": {
        "price": 3,
        "promoText": "Any 2 $4",
        "packageSize": "250g",
        "packagePrice": "$1.20 per 100G"
      }
    }
  },
  {
    "id": "arnotts-biscuits-venetian",
    "brand": "Arnott's",
    "name": "Venetian Biscuits",
    "imageUrl": "https://shop.coles.com.au/wcsstore/Coles-CAS/images/3/2/9/329403-th.jpg",
    "categories": ["entertaining-at-home"],
    "tags": ["snacks-for-entertaining", "biscuit-cokies"],
    "locations": {
      "vic": {
        "price": 3,
        "promoText": "Any 2 $4",
        "packageSize": "200g",
        "packagePrice": "$1.50 per 100G"
      }
    }
  },
  {
    "id": "arnotts-chocolate-biscuits-monte",
    "brand": "Arnott's",
    "name": "Monte Chocolate Biscuits",
    "imageUrl": "https://shop.coles.com.au/wcsstore/Coles-CAS/images/2/3/5/235060-th.jpg",
    "categories": ["entertaining-at-home"],
    "tags": ["snacks-for-entertaining", "biscuit-cokies"],
    "locations": {
      "vic": {
        "price": 3.65,
        "promoText": "Any 2 $5",
        "packageSize": "200g",
        "packagePrice": "$1.83 per 100G"
      }
    }
  },
  {
    "id": "arnotts-biscuits-chocolate-ripple",
    "brand": "Arnott's",
    "name": "Chocolate Ripple Biscuits",
    "imageUrl": "https://shop.coles.com.au/wcsstore/Coles-CAS/images/3/2/9/329709-th.jpg",
    "categories": ["entertaining-at-home"],
    "tags": ["snacks-for-entertaining", "biscuit-cokies"],
    "locations": {
      "vic": {
        "price": 3,
        "promoText": "Any 2 $4",
        "packageSize": "250g",
        "packagePrice": "$1.20 per 100G"
      }
    }
  },
  {
    "id": "arnotts-biscuits-shortbread-cream",
    "brand": "Arnott's",
    "name": "Shortbread Cream Biscuits",
    "imageUrl": "https://shop.coles.com.au/wcsstore/Coles-CAS/images/3/2/9/329196-th.jpg",
    "categories": ["entertaining-at-home"],
    "tags": ["snacks-for-entertaining", "biscuit-cokies"],
    "locations": {
      "vic": {
        "price": 3,
        "promoText": " ",
        "packageSize": "250g",
        "packagePrice": "$1.20 per 100G"
      }
    }
  },
  {
    "id": "arnotts-biscuits-classic-assorted",
    "brand": "Arnott's",
    "name": "Classic Assorted Biscuits",
    "imageUrl": "https://shop.coles.com.au/wcsstore/Coles-CAS/images/3/2/9/329061-th.jpg",
    "categories": ["entertaining-at-home"],
    "tags": ["snacks-for-entertaining", "biscuit-cokies"],
    "locations": {
      "vic": {
        "price": 4.5,
        "promoText": " ",
        "packageSize": "500g",
        "packagePrice": "$0.90 per 100G"
      }
    }
  },
  {
    "id": "arnotts-biscuits-raspberry-shortcake",
    "brand": "Arnott's",
    "name": "Raspberry Shortcake Biscuits",
    "imageUrl": "https://shop.coles.com.au/wcsstore/Coles-CAS/images/3/2/9/329775-th.jpg",
    "categories": ["entertaining-at-home"],
    "tags": ["snacks-for-entertaining", "biscuit-cokies"],
    "locations": {
      "vic": {
        "price": 3,
        "promoText": " ",
        "packageSize": "250g",
        "packagePrice": "$1.20 per 100G"
      }
    }
  },
  {
    "id": "arnotts-biscuits-malt-o-milk",
    "brand": "Arnott's",
    "name": "Malt-O-Milk Biscuits",
    "imageUrl": "https://shop.coles.com.au/wcsstore/Coles-CAS/images/3/2/9/329447-th.jpg",
    "categories": ["entertaining-at-home"],
    "tags": ["snacks-for-entertaining", "biscuit-cokies"],
    "locations": {
      "vic": {
        "price": 3,
        "promoText": " ",
        "packageSize": "250g",
        "packagePrice": "$1.20 per 100G"
      }
    }
  },
  {
    "id": "arnotts-biscuits-hundreds-thousands",
    "brand": "Arnott's",
    "name": "Hundreds & Thousands Biscuits",
    "imageUrl": "https://shop.coles.com.au/wcsstore/Coles-CAS/images/3/2/9/329389-th.jpg",
    "categories": ["entertaining-at-home"],
    "tags": ["snacks-for-entertaining", "biscuit-cokies"],
    "locations": {
      "vic": {
        "price": 3.05,
        "promoText": "Any 2 $4",
        "packageSize": "200g",
        "packagePrice": "$1.53 per 100G"
      }
    }
  },
  {
    "id": "arnotts-biscuits-butternut-snap",
    "brand": "Arnott's",
    "name": "Butternut Snap Biscuits",
    "imageUrl": "https://shop.coles.com.au/wcsstore/Coles-CAS/images/3/2/8/328885-th.jpg",
    "categories": ["entertaining-at-home"],
    "tags": ["snacks-for-entertaining", "biscuit-cokies"],
    "locations": {
      "vic": {
        "price": 3,
        "promoText": "Any 2 $4",
        "packageSize": "250g",
        "packagePrice": "$1.20 per 100G"
      }
    }
  },
  {
    "id": "coles-chocolate-biscuits-honeycomb-whirls",
    "brand": "Coles",
    "name": "Honeycomb Whirls Chocolate Biscuits",
    "imageUrl": "https://shop.coles.com.au/wcsstore/Coles-CAS/images/7/3/7/7377186-th.jpg",
    "categories": ["entertaining-at-home"],
    "tags": ["snacks-for-entertaining", "biscuit-cokies"],
    "locations": {
      "vic": {
        "price": 1.65,
        "promoText": " ",
        "packageSize": "200g",
        "packagePrice": "$0.83 per 100G"
      }
    }
  },
  {
    "id": "arnotts-biscuits-granita",
    "brand": "Arnott's",
    "name": "Granita Biscuits",
    "imageUrl": "https://shop.coles.com.au/wcsstore/Coles-CAS/images/3/2/8/328932-th.jpg",
    "categories": ["entertaining-at-home"],
    "tags": ["snacks-for-entertaining", "biscuit-cokies"],
    "locations": {
      "vic": {
        "price": 3,
        "promoText": "Any 2 $4",
        "packageSize": "250g",
        "packagePrice": "$1.20 per 100G"
      }
    }
  },
  {
    "id": "arnotts-biscuits-nice",
    "brand": "Arnott's",
    "name": "Nice Biscuits",
    "imageUrl": "https://shop.coles.com.au/wcsstore/Coles-CAS/images/3/2/8/328987-th.jpg",
    "categories": ["entertaining-at-home"],
    "tags": ["snacks-for-entertaining", "biscuit-cokies"],
    "locations": {
      "vic": {
        "price": 2.3,
        "promoText": " ",
        "packageSize": "250g",
        "packagePrice": "$0.92 per 100G"
      }
    }
  },
  {
    "id": "belvita-breakfast-strawberry-sandwich-biscuits",
    "brand": "Belvita",
    "name": "Breakfast Strawberry Sandwich Biscuits",
    "imageUrl": "https://shop.coles.com.au/wcsstore/Coles-CAS/images/2/7/6/2762929-th.jpg",
    "categories": ["entertaining-at-home"],
    "tags": ["snacks-for-entertaining", "biscuit-cokies"],
    "locations": {
      "vic": {
        "price": 4.5,
        "promoText": " ",
        "packageSize": "253g",
        "packagePrice": "$1.78 per 100G"
      }
    }
  },
  {
    "id": "coles-chocolate-biscuits-mint-supremes",
    "brand": "Coles",
    "name": "Chocolate Mint Supremes Biscuits",
    "imageUrl": "https://shop.coles.com.au/wcsstore/Coles-CAS/images/7/2/9/7294963-th.jpg",
    "categories": ["entertaining-at-home"],
    "tags": ["snacks-for-entertaining", "biscuit-cokies"],
    "locations": {
      "vic": {
        "price": 1.65,
        "promoText": " ",
        "packageSize": "200g",
        "packagePrice": "$0.83 per 100G"
      }
    }
  },
  {
    "id": "kookas-cookies-chocolate-jam",
    "brand": "Kooka's",
    "name": "Chocolate Jam Cookies",
    "imageUrl": "https://shop.coles.com.au/wcsstore/Coles-CAS/images/6/8/7/6871890-th.jpg",
    "categories": ["entertaining-at-home"],
    "tags": ["snacks-for-entertaining", "biscuit-cokies"],
    "locations": {
      "vic": {
        "price": 4.25,
        "promoText": " ",
        "packageSize": "500g",
        "packagePrice": "$0.85 per 100G"
      }
    }
  },
  {
    "id": "arnotts-chocolate-biscuits-gaiety",
    "brand": "Arnott's",
    "name": "Gaiety Chocolate Biscuits",
    "imageUrl": "https://shop.coles.com.au/wcsstore/Coles-CAS/images/3/2/9/329618-th.jpg",
    "categories": ["entertaining-at-home"],
    "tags": ["snacks-for-entertaining", "biscuit-cokies"],
    "locations": {
      "vic": {
        "price": 3.65,
        "promoText": "Any 2 $5",
        "packageSize": "160g",
        "packagePrice": "$2.28 per 100G"
      }
    }
  },
  {
    "id": "arnotts-twisted-faves-choc-chip-scotch-finger",
    "brand": "Arnott's",
    "name": "Twisted Faves Choc Chip Scotch Finger",
    "imageUrl": "https://shop.coles.com.au/wcsstore/Coles-CAS/images/2/4/7/2471653-th.jpg",
    "categories": ["entertaining-at-home"],
    "tags": ["snacks-for-entertaining", "biscuit-cokies"],
    "locations": {
      "vic": {
        "price": 3,
        "promoText": "Any 2 $4",
        "packageSize": "232g",
        "packagePrice": "$1.29 per 100G"
      }
    }
  },
  {
    "id": "lotus-biscuit-caramelised-original",
    "brand": "Lotus",
    "name": "Biscoff Caramelised Biscuit 8 pack",
    "imageUrl": "https://shop.coles.com.au/wcsstore/Coles-CAS/images/1/4/0/1405700-th.jpg",
    "categories": ["entertaining-at-home"],
    "tags": ["snacks-for-entertaining", "biscuit-cokies"],
    "locations": {
      "vic": {
        "price": 1.8,
        "promoText": " ",
        "packageSize": "124g",
        "packagePrice": "$1.45 per 100G"
      }
    }
  },
  {
    "id": "arnotts-wafers-tina",
    "brand": "Arnott's",
    "name": "Tina Wafers",
    "imageUrl": "https://shop.coles.com.au/wcsstore/Coles-CAS/images/5/7/2/5725259-th.jpg",
    "categories": ["entertaining-at-home"],
    "tags": ["snacks-for-entertaining", "biscuit-cokies"],
    "locations": {
      "vic": {
        "price": 3.05,
        "promoText": "Any 2 $4",
        "packageSize": "250g",
        "packagePrice": "$1.22 per 100G"
      }
    }
  },
  {
    "id": "arnotts-biscuits-milk-coffee",
    "brand": "Arnott's",
    "name": "Milk Coffee Biscuits",
    "imageUrl": "https://shop.coles.com.au/wcsstore/Coles-CAS/images/3/2/9/329017-th.jpg",
    "categories": ["entertaining-at-home"],
    "tags": ["snacks-for-entertaining", "biscuit-cokies"],
    "locations": {
      "vic": {
        "price": 2.3,
        "promoText": " ",
        "packageSize": "250g",
        "packagePrice": "$0.92 per 100G"
      }
    }
  },
  {
    "id": "arnotts-biscuits-triple-wafer",
    "brand": "Arnott's",
    "name": "Triple Wafer Biscuits",
    "imageUrl": "https://shop.coles.com.au/wcsstore/Coles-CAS/images/3/2/9/329345-th.jpg",
    "categories": ["entertaining-at-home"],
    "tags": ["snacks-for-entertaining", "biscuit-cokies"],
    "locations": {
      "vic": {
        "price": 3.05,
        "promoText": "Any 2 $4",
        "packageSize": "200g",
        "packagePrice": "$1.53 per 100G"
      }
    }
  },
  {
    "id": "arnotts-biscuits-lattice",
    "brand": "Arnott's",
    "name": "Lattice Biscuits",
    "imageUrl": "https://shop.coles.com.au/wcsstore/Coles-CAS/images/3/2/9/329797-th.jpg",
    "categories": ["entertaining-at-home"],
    "tags": ["snacks-for-entertaining", "biscuit-cokies"],
    "locations": {
      "vic": {
        "price": 3,
        "promoText": "Any 2 $4",
        "packageSize": "200g",
        "packagePrice": "$1.50 per 100G"
      }
    }
  },
  {
    "id": "arnotts-biscuits-iced-vovo",
    "brand": "Arnott's",
    "name": "Iced VoVo Biscuits",
    "imageUrl": "https://shop.coles.com.au/wcsstore/Coles-CAS/images/1/5/5/155732-th.jpg",
    "categories": ["entertaining-at-home"],
    "tags": ["snacks-for-entertaining", "biscuit-cokies"],
    "locations": {
      "vic": {
        "price": 3,
        "promoText": "Any 2 $4",
        "packageSize": "210g",
        "packagePrice": "$1.43 per 100G"
      }
    }
  },
  {
    "id": "coles-chocolate-biscuits-fingers",
    "brand": "Coles",
    "name": "Chocolate Fingers Biscuits",
    "imageUrl": "https://shop.coles.com.au/wcsstore/Coles-CAS/images/7/3/7/7378418-th.jpg",
    "categories": ["entertaining-at-home"],
    "tags": ["snacks-for-entertaining", "biscuit-cokies"],
    "locations": {
      "vic": {
        "price": 1.65,
        "promoText": " ",
        "packageSize": "200g",
        "packagePrice": "$0.83 per 100G"
      }
    }
  },
  {
    "id": "coles-smart-buy-biscuits-chocolate-chip",
    "brand": "Coles",
    "name": "Choc Chip Cookies",
    "imageUrl": "https://shop.coles.com.au/wcsstore/Coles-CAS/images/6/8/2/6823480-th.jpg",
    "categories": ["entertaining-at-home"],
    "tags": ["snacks-for-entertaining", "biscuit-cokies"],
    "locations": {
      "vic": {
        "price": 2,
        "promoText": " ",
        "packageSize": "500g",
        "packagePrice": "$0.40 per 100G"
      }
    }
  },
  {
    "id": "kraft-cookies-oreo-wafer-chocolate",
    "brand": "Oreo",
    "name": "Milk Chocolate Wafer Sticks",
    "imageUrl": "https://shop.coles.com.au/wcsstore/Coles-CAS/images/1/0/2/1020900-th.jpg",
    "categories": ["entertaining-at-home"],
    "tags": ["snacks-for-entertaining", "biscuit-cokies"],
    "locations": {
      "vic": {
        "price": 1.8,
        "promoText": "$0.60 ",
        "packageSize": "128g",
        "packagePrice": "$1.41 per 100G"
      }
    }
  },
  {
    "id": "oreo-chocolate-coated-biscuit",
    "brand": "Oreo",
    "name": "Chocolate Coated Biscuit",
    "imageUrl": "https://shop.coles.com.au/wcsstore/Coles-CAS/images/2/9/9/2994061-th.jpg",
    "categories": ["entertaining-at-home"],
    "tags": ["snacks-for-entertaining", "biscuit-cokies"],
    "locations": {
      "vic": {
        "price": 3.8,
        "promoText": " ",
        "packageSize": "204g",
        "packagePrice": "$1.86 per 100G"
      }
    }
  },
  {
    "id": "paradise-cookies-cottage-chocolate-chip",
    "brand": "Paradise",
    "name": "Cottage Chocolate Chip Cookies",
    "imageUrl": "https://shop.coles.com.au/wcsstore/Coles-CAS/images/5/1/1/5111122-th.jpg",
    "categories": ["entertaining-at-home"],
    "tags": ["snacks-for-entertaining", "biscuit-cokies"],
    "locations": {
      "vic": {
        "price": 2.1,
        "promoText": "$0.50 ",
        "packageSize": "250g",
        "packagePrice": "$0.84 per 100G"
      }
    }
  },
  {
    "id": "arnotts-biscuits-orange-slice",
    "brand": "Arnott's",
    "name": "Orange Slice Biscuits",
    "imageUrl": "https://shop.coles.com.au/wcsstore/Coles-CAS/images/3/2/9/329119-th.jpg",
    "categories": ["entertaining-at-home"],
    "tags": ["snacks-for-entertaining", "biscuit-cokies"],
    "locations": {
      "vic": {
        "price": 3,
        "promoText": " ",
        "packageSize": "250g",
        "packagePrice": "$1.20 per 100G"
      }
    }
  },
  {
    "id": "arnotts-biscuits-tic-toc",
    "brand": "Arnott's",
    "name": "Tic Toc Biscuits",
    "imageUrl": "https://shop.coles.com.au/wcsstore/Coles-CAS/images/3/2/9/329549-th.jpg",
    "categories": ["entertaining-at-home"],
    "tags": ["snacks-for-entertaining", "biscuit-cokies"],
    "locations": {
      "vic": {
        "price": 3.05,
        "promoText": "Any 2 $4",
        "packageSize": "250g",
        "packagePrice": "$1.22 per 100G"
      }
    }
  },
  {
    "id": "cadbury-cookie-crunchie-choc",
    "brand": "Cadbury",
    "name": "Soft Biscuit Choc Centre",
    "imageUrl": "https://shop.coles.com.au/wcsstore/Coles-CAS/images/2/9/9/2994232-th.jpg",
    "categories": ["entertaining-at-home"],
    "tags": ["snacks-for-entertaining", "biscuit-cokies"],
    "locations": {
      "vic": {
        "price": 3.5,
        "promoText": " ",
        "packageSize": "156g",
        "packagePrice": "$2.24 per 100G"
      }
    }
  },
  {
    "id": "coles-chocolate-biscuits-chocolate-caramel-deluxe",
    "brand": "Coles",
    "name": "Chocolate Caramel Deluxe Biscuits",
    "imageUrl": "https://shop.coles.com.au/wcsstore/Coles-CAS/images/7/3/7/7378291-th.jpg",
    "categories": ["entertaining-at-home"],
    "tags": ["snacks-for-entertaining", "biscuit-cokies"],
    "locations": {
      "vic": {
        "price": 1.65,
        "promoText": " ",
        "packageSize": "200g",
        "packagePrice": "$0.83 per 100G"
      }
    }
  },
  {
    "id": "unibic-biscuits-anzac",
    "brand": "Unibic",
    "name": "Anzac Biscuits",
    "imageUrl": "https://shop.coles.com.au/wcsstore/Coles-CAS/images/7/9/7/7977230-th.jpg",
    "categories": ["entertaining-at-home"],
    "tags": ["snacks-for-entertaining", "biscuit-cokies"],
    "locations": {
      "vic": {
        "price": 3,
        "promoText": " ",
        "packageSize": "300g",
        "packagePrice": "$1.00 per 100G"
      }
    }
  },
  {
    "id": "arnotts-biscuits-lemon-crisp",
    "brand": "Arnott's",
    "name": "Lemon Crisp Biscuits",
    "imageUrl": "https://shop.coles.com.au/wcsstore/Coles-CAS/images/3/2/9/329414-th.jpg",
    "categories": ["entertaining-at-home"],
    "tags": ["snacks-for-entertaining", "biscuit-cokies"],
    "locations": {
      "vic": {
        "price": 3,
        "promoText": " ",
        "packageSize": "250g",
        "packagePrice": "$1.20 per 100G"
      }
    }
  },
  {
    "id": "arnotts-biscuits-full-o-fruit",
    "brand": "Arnott's",
    "name": "Full O' Fruit Biscuits",
    "imageUrl": "https://shop.coles.com.au/wcsstore/Coles-CAS/images/3/4/4/344349-th.jpg",
    "categories": ["entertaining-at-home"],
    "tags": ["snacks-for-entertaining", "biscuit-cokies"],
    "locations": {
      "vic": {
        "price": 3.7,
        "promoText": " ",
        "packageSize": "250g",
        "packagePrice": "$1.48 per 100G"
      }
    }
  },
  {
    "id": "belvita-biscuits-breakfast-honey-nut-6-pack",
    "brand": "Belvita",
    "name": "Honey and Nut Breakfast Biscuits 6 Pack",
    "imageUrl": "https://shop.coles.com.au/wcsstore/Coles-CAS/images/1/0/2/1020783-th.jpg",
    "categories": ["entertaining-at-home"],
    "tags": ["snacks-for-entertaining", "biscuit-cokies"],
    "locations": {
      "vic": {
        "price": 4,
        "promoText": " ",
        "packageSize": "300g",
        "packagePrice": "$1.33 per 100G"
      }
    }
  },
  {
    "id": "cadbury-breakaway-milk-chocolate-biscuit",
    "brand": "Cadbury",
    "name": "Breakaway Milk Chocolate Biscuit",
    "imageUrl": "https://shop.coles.com.au/wcsstore/Coles-CAS/images/2/2/3/2239312-th.jpg",
    "categories": ["entertaining-at-home"],
    "tags": ["snacks-for-entertaining", "biscuit-cokies"],
    "locations": {
      "vic": {
        "price": 3.5,
        "promoText": " ",
        "packageSize": "180g",
        "packagePrice": "$1.94 per 100G"
      }
    }
  },
  {
    "id": "cadbury-choc-chip-cookies",
    "brand": "Cadbury",
    "name": "Soft Biscuit Classic Choc Chip",
    "imageUrl": "https://shop.coles.com.au/wcsstore/Coles-CAS/images/2/9/9/2994276-th.jpg",
    "categories": ["entertaining-at-home"],
    "tags": ["snacks-for-entertaining", "biscuit-cokies"],
    "locations": {
      "vic": {
        "price": 3.5,
        "promoText": " ",
        "packageSize": "156g",
        "packagePrice": "$2.24 per 100G"
      }
    }
  },
  {
    "id": "coles-biscuits-100s-1000s-mini",
    "brand": "Coles",
    "name": "100's & 1000's Mini Biscuits",
    "imageUrl": "https://shop.coles.com.au/wcsstore/Coles-CAS/images/7/5/1/7512907-th.jpg",
    "categories": ["entertaining-at-home"],
    "tags": ["snacks-for-entertaining", "biscuit-cokies"],
    "locations": {
      "vic": {
        "price": 2.2,
        "promoText": " ",
        "packageSize": "200g",
        "packagePrice": "$1.10 per 100G"
      }
    }
  },
  {
    "id": "coles-cream-wafers-chocolate",
    "brand": "Coles",
    "name": "Chocolate Cream Wafers",
    "imageUrl": "https://shop.coles.com.au/wcsstore/Coles-CAS/images/1/3/8/1389794-th.jpg",
    "categories": ["entertaining-at-home"],
    "tags": ["snacks-for-entertaining", "biscuit-cokies"],
    "locations": {
      "vic": {
        "price": 0.55,
        "promoText": " ",
        "packageSize": "125g",
        "packagePrice": "$0.44 per 100G"
      }
    }
  },
  {
    "id": "coles-milk-digestive-biscuits",
    "brand": "Coles",
    "name": "Milk Digestive Biscuits",
    "imageUrl": "https://shop.coles.com.au/wcsstore/Coles-CAS/images/1/4/1/1417700-th.jpg",
    "categories": ["entertaining-at-home"],
    "tags": ["snacks-for-entertaining", "biscuit-cokies"],
    "locations": {
      "vic": {
        "price": 1.65,
        "promoText": " ",
        "packageSize": "200g",
        "packagePrice": "$0.83 per 100G"
      }
    }
  },
  {
    "id": "arnotts-biscuits-wagon-wheels-mini-chocolate",
    "brand": "Arnott's",
    "name": "Mini Chocolate Wagon Wheels",
    "imageUrl": "https://shop.coles.com.au/wcsstore/Coles-CAS/images/8/7/0/8707049-th.jpg",
    "categories": ["entertaining-at-home"],
    "tags": ["snacks-for-entertaining", "biscuit-cokies"],
    "locations": {
      "vic": {
        "price": 2.5,
        "promoText": "Was $3.65 on Sep 2018 ",
        "packageSize": "190g",
        "packagePrice": "$1.32 per 100G"
      }
    }
  },
  {
    "id": "arnotts-biscuits-shredded-wheatmeal",
    "brand": "Arnott's",
    "name": "Shredded Wheatmeal Biscuits",
    "imageUrl": "https://shop.coles.com.au/wcsstore/Coles-CAS/images/3/2/9/329276-th.jpg",
    "categories": ["entertaining-at-home"],
    "tags": ["snacks-for-entertaining", "biscuit-cokies"],
    "locations": {
      "vic": {
        "price": 2.3,
        "promoText": " ",
        "packageSize": "250g",
        "packagePrice": "$0.92 per 100G"
      }
    }
  },
  {
    "id": "belvita-breakfast-minis-biscuits-honey-choc-chip",
    "brand": "Belvita",
    "name": "Minis Honey & Choc Chip Breakfast Biscuits 6 pack",
    "imageUrl": "https://shop.coles.com.au/wcsstore/Coles-CAS/images/3/4/3/3434674-th.jpg",
    "categories": ["entertaining-at-home"],
    "tags": ["snacks-for-entertaining", "biscuit-cokies"],
    "locations": {
      "vic": {
        "price": 5,
        "promoText": " ",
        "packageSize": "210g",
        "packagePrice": "$2.38 per 100G"
      }
    }
  },
  {
    "id": "cadbury-choc-biscuit-freddo",
    "brand": "Cadbury",
    "name": "Freddo Delicious Biscuits Dipped In Milk Chocolate",
    "imageUrl": "https://shop.coles.com.au/wcsstore/Coles-CAS/images/3/2/6/3265792-th.jpg",
    "categories": ["entertaining-at-home"],
    "tags": ["snacks-for-entertaining", "biscuit-cokies"],
    "locations": {
      "vic": {
        "price": 3,
        "promoText": "Any 2 $4",
        "packageSize": "167g",
        "packagePrice": "$1.80 per 100G"
      }
    }
  },
  {
    "id": "coles-cream-wafers-vanilla",
    "brand": "Coles",
    "name": "Vanilla Cream Wafers",
    "imageUrl": "https://shop.coles.com.au/wcsstore/Coles-CAS/images/1/3/8/1389783-th.jpg",
    "categories": ["entertaining-at-home"],
    "tags": ["snacks-for-entertaining", "biscuit-cokies"],
    "locations": {
      "vic": {
        "price": 0.55,
        "promoText": " ",
        "packageSize": "125g",
        "packagePrice": "$0.44 per 100G"
      }
    }
  },
  {
    "id": "coles-biscuits-shortbread-fingers-1406044p",
    "brand": "Coles",
    "name": "Shortbread Finger Biscuits With Butter",
    "imageUrl": "https://shop.coles.com.au/wcsstore/Coles-CAS/images/1/4/0/1406044-th.jpg",
    "categories": ["entertaining-at-home"],
    "tags": ["snacks-for-entertaining", "biscuit-cokies"],
    "locations": {
      "vic": {
        "price": 2,
        "promoText": " ",
        "packageSize": "200g",
        "packagePrice": "$1.00 per 100G"
      }
    }
  },
  {
    "id": "go-ahead-biscuits-crispy-slice-sultana-forest-fruit",
    "brand": "Go Ahead",
    "name": "Sultana & Forest Fruit Crispy Slice",
    "imageUrl": "https://shop.coles.com.au/wcsstore/Coles-CAS/images/1/4/0/1405959-th.jpg",
    "categories": ["entertaining-at-home"],
    "tags": ["snacks-for-entertaining", "biscuit-cokies"],
    "locations": {
      "vic": {
        "price": 3.95,
        "promoText": " ",
        "packageSize": "218g",
        "packagePrice": "$1.81 per 100G"
      }
    }
  },
  {
    "id": "go-ahead-biscuits-crispy-slice-sultana-apple",
    "brand": "Go Ahead",
    "name": "Sultana & Apple Crispy Slice",
    "imageUrl": "https://shop.coles.com.au/wcsstore/Coles-CAS/images/1/4/0/1405948-th.jpg",
    "categories": ["entertaining-at-home"],
    "tags": ["snacks-for-entertaining", "biscuit-cokies"],
    "locations": {
      "vic": {
        "price": 3.95,
        "promoText": " ",
        "packageSize": "218g",
        "packagePrice": "$1.81 per 100G"
      }
    }
  },
  {
    "id": "mcvities-digestives-thins-biscuit-milk-chocolate",
    "brand": "McVities",
    "name": "Thins Milk Chocolate Biscuits",
    "imageUrl": "https://shop.coles.com.au/wcsstore/Coles-CAS/images/3/3/1/3313782-th.jpg",
    "categories": ["entertaining-at-home"],
    "tags": ["snacks-for-entertaining", "biscuit-cokies"],
    "locations": {
      "vic": {
        "price": 3.5,
        "promoText": " ",
        "packageSize": "150g",
        "packagePrice": "$2.33 per 100G"
      }
    }
  },
  {
    "id": "kraft-original-oreo-cookies-grab-go-pack",
    "brand": "Oreo",
    "name": "Original Grab N Go Cookies",
    "imageUrl": "https://shop.coles.com.au/wcsstore/Coles-CAS/images/1/8/4/1843832-th.jpg",
    "categories": ["entertaining-at-home"],
    "tags": ["snacks-for-entertaining", "biscuit-cokies"],
    "locations": {
      "vic": {
        "price": 3.95,
        "promoText": " ",
        "packageSize": "256g",
        "packagePrice": "$1.54 per 100G"
      }
    }
  },
  {
    "id": "ritz-sandwich-crackers-choc",
    "brand": "Ritz",
    "name": "Sweet N Salty Choc Flavoured Sandwich Crackers",
    "imageUrl": "https://shop.coles.com.au/wcsstore/Coles-CAS/images/3/5/8/3589284-th.jpg",
    "categories": ["entertaining-at-home"],
    "tags": ["snacks-for-entertaining", "biscuit-cokies"],
    "locations": {
      "vic": {
        "price": 1.5,
        "promoText": " ",
        "packageSize": "118g",
        "packagePrice": "$1.27 per 100G"
      }
    }
  },
  {
    "id": "fantastic-rice-snacks-delites-sweet-chilli-sour-cream",
    "brand": "Fantastic",
    "name": "Delites Sweet Chilli & Sour Cream Rice Snacks",
    "imageUrl": "https://shop.coles.com.au/wcsstore/Coles-CAS/images/6/3/6/6369003-th.jpg",
    "categories": ["entertaining-at-home"],
    "tags": ["snacks-for-entertaining", "crackers-for-entertaining"],
    "locations": {
      "vic": {
        "price": 2,
        "promoText": " ",
        "packageSize": "100g",
        "packagePrice": "$2.00 per 100G"
      }
    }
  },
  {
    "id": "fantastic-rice-snacks-delites-rice-snacks-sour-cream-chives",
    "brand": "Fantastic",
    "name": "Delites Sour Cream & Chives",
    "imageUrl": "https://shop.coles.com.au/wcsstore/Coles-CAS/images/6/3/6/6369014-th.jpg",
    "categories": ["entertaining-at-home"],
    "tags": ["snacks-for-entertaining", "crackers-for-entertaining"],
    "locations": {
      "vic": {
        "price": 2,
        "promoText": " ",
        "packageSize": "100g",
        "packagePrice": "$2.00 per 100G"
      }
    }
  },
  {
    "id": "fantastic-rice-snacks-delites-sea-salt-balsamic-vinegar",
    "brand": "Fantastic",
    "name": "Delites Sea Salt & Balsamic Vinegar Rice Snacks",
    "imageUrl": "https://shop.coles.com.au/wcsstore/Coles-CAS/images/6/3/6/6368930-th.jpg",
    "categories": ["entertaining-at-home"],
    "tags": ["snacks-for-entertaining", "crackers-for-entertaining"],
    "locations": {
      "vic": {
        "price": 2,
        "promoText": " ",
        "packageSize": "100g",
        "packagePrice": "$2.00 per 100G"
      }
    }
  },
  {
    "id": "arnotts-original-bbq-shapes",
    "brand": "Arnott's",
    "name": "Original BBQ Shapes",
    "imageUrl": "https://shop.coles.com.au/wcsstore/Coles-CAS/images/2/7/3/2734446-th.jpg",
    "categories": ["entertaining-at-home"],
    "tags": ["snacks-for-entertaining", "crackers-for-entertaining"],
    "locations": {
      "vic": {
        "price": 1.6,
        "promoText": "$1.60 ",
        "packageSize": "175g",
        "packagePrice": "$0.91 per 100G"
      }
    }
  },
  {
    "id": "arnotts-biscuits-shapes-chicken-crimpy",
    "brand": "Arnott's",
    "name": "Chicken Crimpy Shapes",
    "imageUrl": "https://shop.coles.com.au/wcsstore/Coles-CAS/images/8/6/3/8638285-th.jpg",
    "categories": ["entertaining-at-home"],
    "tags": ["snacks-for-entertaining", "crackers-for-entertaining"],
    "locations": {
      "vic": {
        "price": 1.6,
        "promoText": "$1.60 ",
        "packageSize": "175g",
        "packagePrice": "$0.91 per 100G"
      }
    }
  },
  {
    "id": "nabisco-sour-cream-onion-ritz-snackz-crackers",
    "brand": "Ritz",
    "name": "Snackz Sour Cream and Onion Crackers",
    "imageUrl": "https://shop.coles.com.au/wcsstore/Coles-CAS/images/1/7/4/1743204-th.jpg",
    "categories": ["entertaining-at-home"],
    "tags": ["snacks-for-entertaining", "crackers-for-entertaining"],
    "locations": {
      "vic": {
        "price": 1,
        "promoText": "$1.00 ",
        "packageSize": "100g",
        "packagePrice": "$1.00 per 100G"
      }
    }
  },
  {
    "id": "arnotts-hot-dog-shapes",
    "brand": "Arnott's",
    "name": "Original Pizza Shapes",
    "imageUrl": "https://shop.coles.com.au/wcsstore/Coles-CAS/images/2/7/3/2734457-th.jpg",
    "categories": ["entertaining-at-home"],
    "tags": ["snacks-for-entertaining", "crackers-for-entertaining"],
    "locations": {
      "vic": {
        "price": 1.6,
        "promoText": "$1.60 ",
        "packageSize": "190g",
        "packagePrice": "$0.84 per 100G"
      }
    }
  },
  {
    "id": "nabisco-water-crackers-captains-table",
    "brand": "Captain's Table",
    "name": "Classic Water Crackers",
    "imageUrl": "https://shop.coles.com.au/wcsstore/Coles-CAS/images/8/8/4/8842022-th.jpg",
    "categories": ["entertaining-at-home"],
    "tags": ["snacks-for-entertaining", "crackers-for-entertaining"],
    "locations": {
      "vic": {
        "price": 1.8,
        "promoText": " ",
        "packageSize": "125g",
        "packagePrice": "$1.44 per 100G"
      }
    }
  },
  {
    "id": "arnotts-crispbread-salada-original",
    "brand": "Arnott's",
    "name": "Original Salada",
    "imageUrl": "https://shop.coles.com.au/wcsstore/Coles-CAS/images/3/2/9/329800-th.jpg",
    "categories": ["entertaining-at-home"],
    "tags": ["snacks-for-entertaining", "crackers-for-entertaining"],
    "locations": {
      "vic": {
        "price": 3.2,
        "promoText": " ",
        "packageSize": "250g",
        "packagePrice": "$1.28 per 100G"
      }
    }
  },
  {
    "id": "arnotts-crispbread-cruskits-original",
    "brand": "Arnott's",
    "name": "Original Cruskits",
    "imageUrl": "https://shop.coles.com.au/wcsstore/Coles-CAS/images/3/5/8/358682-th.jpg",
    "categories": ["entertaining-at-home"],
    "tags": ["snacks-for-entertaining", "crackers-for-entertaining"],
    "locations": {
      "vic": {
        "price": 1.75,
        "promoText": " ",
        "packageSize": "125g",
        "packagePrice": "$1.40 per 100G"
      }
    }
  },
  {
    "id": "arnotts-crackers-cheds",
    "brand": "Arnott's",
    "name": "Cheds Crackers",
    "imageUrl": "https://shop.coles.com.au/wcsstore/Coles-CAS/images/3/2/9/329888-th.jpg",
    "categories": ["entertaining-at-home"],
    "tags": ["snacks-for-entertaining", "crackers-for-entertaining"],
    "locations": {
      "vic": {
        "price": 4,
        "promoText": " ",
        "packageSize": "250g",
        "packagePrice": "$1.60 per 100G"
      }
    }
  },
  {
    "id": "arnotts-crackers-savoy-original",
    "brand": "Arnott's",
    "name": "Original Savoy Crackers",
    "imageUrl": "https://shop.coles.com.au/wcsstore/Coles-CAS/images/8/6/3/8638456-th.jpg",
    "categories": ["entertaining-at-home"],
    "tags": ["snacks-for-entertaining", "crackers-for-entertaining"],
    "locations": {
      "vic": {
        "price": 3.2,
        "promoText": " ",
        "packageSize": "225g",
        "packagePrice": "$1.42 per 100G"
      }
    }
  },
  {
    "id": "real-foods-corn-thins-original",
    "brand": "Real Foods",
    "name": "Original Corn Thins",
    "imageUrl": "https://shop.coles.com.au/wcsstore/Coles-CAS/images/7/1/1/7112308-th.jpg",
    "categories": ["entertaining-at-home"],
    "tags": ["snacks-for-entertaining", "crackers-for-entertaining"],
    "locations": {
      "vic": {
        "price": 2,
        "promoText": " ",
        "packageSize": "150g",
        "packagePrice": "$1.33 per 100G"
      }
    }
  },
  {
    "id": "sakata-rice-crackers-plain",
    "brand": "Sakata",
    "name": "Plain Rice Crackers",
    "imageUrl": "https://shop.coles.com.au/wcsstore/Coles-CAS/images/6/8/7/6878175-th.jpg",
    "categories": ["entertaining-at-home"],
    "tags": ["snacks-for-entertaining", "crackers-for-entertaining"],
    "locations": {
      "vic": {
        "price": 1.6,
        "promoText": "$0.40 ",
        "packageSize": "100g",
        "packagePrice": "$1.60 per 100G"
      }
    }
  },
  {
    "id": "real-foods-corn-thins-multigrain",
    "brand": "Real Foods",
    "name": "Multigrain Corn Thins",
    "imageUrl": "https://shop.coles.com.au/wcsstore/Coles-CAS/images/8/0/0/8000070-th.jpg",
    "categories": ["entertaining-at-home"],
    "tags": ["snacks-for-entertaining", "crackers-for-entertaining"],
    "locations": {
      "vic": {
        "price": 2,
        "promoText": " ",
        "packageSize": "150g",
        "packagePrice": "$1.33 per 100G"
      }
    }
  },
  {
    "id": "arnotts-crispbread-vita-weat-9-grains",
    "brand": "Arnott's",
    "name": "9 Grains Vita-Weat",
    "imageUrl": "https://shop.coles.com.au/wcsstore/Coles-CAS/images/7/4/3/7439782-th.jpg",
    "categories": ["entertaining-at-home", "dairy-eggs-meals"],
    "tags": ["snacks-for-entertaining", "crackers-for-entertaining"],
    "locations": {
      "vic": {
        "price": 3.3,
        "promoText": " ",
        "packageSize": "250g",
        "packagePrice": "$1.32 per 100G"
      }
    }
  },
  {
    "id": "sakata-rice-crackers-seaweed",
    "brand": "Sakata",
    "name": "Seaweed Rice Crackers",
    "imageUrl": "https://shop.coles.com.au/wcsstore/Coles-CAS/images/6/9/8/6982406-th.jpg",
    "categories": ["entertaining-at-home"],
    "tags": ["snacks-for-entertaining", "crackers-for-entertaining"],
    "locations": {
      "vic": {
        "price": 1.6,
        "promoText": "$0.40 ",
        "packageSize": "90g",
        "packagePrice": "$1.78 per 100G"
      }
    }
  },
  {
    "id": "arnotts-biscuits-shapes-cheddar",
    "brand": "Arnott's",
    "name": "Cheddar Shapes",
    "imageUrl": "https://shop.coles.com.au/wcsstore/Coles-CAS/images/8/6/3/8638263-th.jpg",
    "categories": ["entertaining-at-home"],
    "tags": ["snacks-for-entertaining", "crackers-for-entertaining"],
    "locations": {
      "vic": {
        "price": 1.6,
        "promoText": "$1.60 ",
        "packageSize": "175g",
        "packagePrice": "$0.91 per 100G"
      }
    }
  },
  {
    "id": "peckish-rice-crackers-original",
    "brand": "Peckish",
    "name": "Original Rice Crackers",
    "imageUrl": "https://shop.coles.com.au/wcsstore/Coles-CAS/images/9/9/9/9999336-th.jpg",
    "categories": ["entertaining-at-home"],
    "tags": ["snacks-for-entertaining", "crackers-for-entertaining"],
    "locations": {
      "vic": {
        "price": 2.2,
        "promoText": " ",
        "packageSize": "100g",
        "packagePrice": "$2.20 per 100G"
      }
    }
  },
  {
    "id": "arnotts-crispbread-vita-weat-original",
    "brand": "Arnott's",
    "name": "Original Vita-Weat",
    "imageUrl": "https://shop.coles.com.au/wcsstore/Coles-CAS/images/1/1/7/117256-th.jpg",
    "categories": ["entertaining-at-home"],
    "tags": ["snacks-for-entertaining", "crackers-for-entertaining"],
    "locations": {
      "vic": {
        "price": 3.3,
        "promoText": " ",
        "packageSize": "250g",
        "packagePrice": "$1.32 per 100G"
      }
    }
  },
  {
    "id": "sakata-rice-crackers-wholegrain-original",
    "brand": "Sakata",
    "name": "Wholegrain Original Rice Crackers",
    "imageUrl": "https://shop.coles.com.au/wcsstore/Coles-CAS/images/5/9/2/5924925-th.jpg",
    "categories": ["entertaining-at-home"],
    "tags": ["snacks-for-entertaining", "crackers-for-entertaining"],
    "locations": {
      "vic": {
        "price": 1.6,
        "promoText": "$0.40 ",
        "packageSize": "90g",
        "packagePrice": "$1.78 per 100G"
      }
    }
  },
  {
    "id": "arnotts-crispbread-cruskits-light",
    "brand": "Arnott's",
    "name": "Light Cruskits",
    "imageUrl": "https://shop.coles.com.au/wcsstore/Coles-CAS/images/9/6/1/9611783-th.jpg",
    "categories": ["entertaining-at-home"],
    "tags": ["snacks-for-entertaining", "crackers-for-entertaining"],
    "locations": {
      "vic": {
        "price": 1.75,
        "promoText": " ",
        "packageSize": "125g",
        "packagePrice": "$1.40 per 100G"
      }
    }
  },
  {
    "id": "arnotts-crispbread-salada-wholemeal",
    "brand": "Arnott's",
    "name": "Wholemeal Salada",
    "imageUrl": "https://shop.coles.com.au/wcsstore/Coles-CAS/images/3/2/9/329844-th.jpg",
    "categories": ["entertaining-at-home"],
    "tags": ["snacks-for-entertaining", "crackers-for-entertaining"],
    "locations": {
      "vic": {
        "price": 3.2,
        "promoText": " ",
        "packageSize": "250g",
        "packagePrice": "$1.28 per 100G"
      }
    }
  },
  {
    "id": "ritz-crackers-original",
    "brand": "Ritz",
    "name": "Original Crackers",
    "imageUrl": "https://shop.coles.com.au/wcsstore/Coles-CAS/images/3/1/5/3151487-th.jpg",
    "categories": ["entertaining-at-home"],
    "tags": ["snacks-for-entertaining", "crackers-for-entertaining"],
    "locations": {
      "vic": {
        "price": 3,
        "promoText": " ",
        "packageSize": "300g",
        "packagePrice": "$1.00 per 100G"
      }
    }
  },
  {
    "id": "arnotts-biscuits-shapes-savoury",
    "brand": "Arnott's",
    "name": "Savoury Shapes",
    "imageUrl": "https://shop.coles.com.au/wcsstore/Coles-CAS/images/8/6/3/8638300-th.jpg",
    "categories": ["entertaining-at-home"],
    "tags": ["snacks-for-entertaining", "crackers-for-entertaining"],
    "locations": {
      "vic": {
        "price": 1.6,
        "promoText": "$1.60 ",
        "packageSize": "185g",
        "packagePrice": "$0.86 per 100G"
      }
    }
  },
  {
    "id": "arnotts-shapes-crackers-vegemite-cheese",
    "brand": "Arnott's",
    "name": "Shapes Vegemite & Cheese Crackers",
    "imageUrl": "https://shop.coles.com.au/wcsstore/Coles-CAS/images/3/4/1/3410960-th.jpg",
    "categories": ["entertaining-at-home"],
    "tags": ["snacks-for-entertaining", "crackers-for-entertaining"],
    "locations": {
      "vic": {
        "price": 1.6,
        "promoText": "$1.60 ",
        "packageSize": "165g",
        "packagePrice": "$0.97 per 100G"
      }
    }
  },
  {
    "id": "coles-crackers-rice-plain",
    "brand": "Coles",
    "name": "Plain Rice Crackers",
    "imageUrl": "https://shop.coles.com.au/wcsstore/Coles-CAS/images/5/4/6/5460198-th.jpg",
    "categories": ["entertaining-at-home"],
    "tags": ["snacks-for-entertaining", "crackers-for-entertaining"],
    "locations": {
      "vic": {
        "price": 0.9,
        "promoText": " ",
        "packageSize": "100g",
        "packagePrice": "$0.90 per 100G"
      }
    }
  },
  {
    "id": "sunrice-rice-cakes-thin-original-gluten-free",
    "brand": "Sunrice",
    "name": "Thin Original Gluten Free Rice Cakes",
    "imageUrl": "https://shop.coles.com.au/wcsstore/Coles-CAS/images/8/6/5/8657392-th.jpg",
    "categories": ["entertaining-at-home"],
    "tags": ["snacks-for-entertaining", "crackers-for-entertaining"],
    "locations": {
      "vic": {
        "price": 2,
        "promoText": " ",
        "packageSize": "150g",
        "packagePrice": "$1.33 per 100G"
      }
    }
  },
  {
    "id": "coles-simply-less-rice-cakes-natural-thin",
    "brand": "Coles",
    "name": "Original Rice Cakes",
    "imageUrl": "https://shop.coles.com.au/wcsstore/Coles-CAS/images/6/0/3/6033363-th.jpg",
    "categories": ["entertaining-at-home"],
    "tags": ["snacks-for-entertaining", "crackers-for-entertaining"],
    "locations": {
      "vic": {
        "price": 1.65,
        "promoText": " ",
        "packageSize": "150g",
        "packagePrice": "$1.10 per 100G"
      }
    }
  },
  {
    "id": "coles-rice-crackers-seaweed",
    "brand": "Coles",
    "name": "Seaweed Rice Crackers",
    "imageUrl": "https://shop.coles.com.au/wcsstore/Coles-CAS/images/5/4/6/5460212-th.jpg",
    "categories": ["entertaining-at-home"],
    "tags": ["snacks-for-entertaining", "crackers-for-entertaining"],
    "locations": {
      "vic": {
        "price": 0.9,
        "promoText": " ",
        "packageSize": "100g",
        "packagePrice": "$0.90 per 100G"
      }
    }
  },
  {
    "id": "arnotts-crispbread-cruskits-rye",
    "brand": "Arnott's",
    "name": "Rye Cruskits",
    "imageUrl": "https://shop.coles.com.au/wcsstore/Coles-CAS/images/9/6/1/9611772-th.jpg",
    "categories": ["entertaining-at-home"],
    "tags": ["snacks-for-entertaining", "crackers-for-entertaining"],
    "locations": {
      "vic": {
        "price": 1.75,
        "promoText": " ",
        "packageSize": "125g",
        "packagePrice": "$1.40 per 100G"
      }
    }
  },
  {
    "id": "peckish-rice-crackers-cheese",
    "brand": "Peckish",
    "name": "Cheese Rice Crackers",
    "imageUrl": "https://shop.coles.com.au/wcsstore/Coles-CAS/images/9/9/9/9999325-th.jpg",
    "categories": ["entertaining-at-home"],
    "tags": ["snacks-for-entertaining", "crackers-for-entertaining"],
    "locations": {
      "vic": {
        "price": 2.2,
        "promoText": " ",
        "packageSize": "100g",
        "packagePrice": "$2.20 per 100G"
      }
    }
  },
  {
    "id": "peckish--herb-garlic-rice-crackers",
    "brand": "Peckish",
    "name": "Garden Veg Rice Crackers",
    "imageUrl": "https://shop.coles.com.au/wcsstore/Coles-CAS/images/2/4/7/2470560-th.jpg",
    "categories": ["entertaining-at-home"],
    "tags": ["snacks-for-entertaining", "crackers-for-entertaining"],
    "locations": {
      "vic": {
        "price": 2.5,
        "promoText": " ",
        "packageSize": "100g",
        "packagePrice": "$2.50 per 100G"
      }
    }
  },
  {
    "id": "sakata-rice-crackers-classic-bbq",
    "brand": "Sakata",
    "name": "Classic BBQ Rice Crackers",
    "imageUrl": "https://shop.coles.com.au/wcsstore/Coles-CAS/images/9/6/1/9610430-th.jpg",
    "categories": ["entertaining-at-home"],
    "tags": ["snacks-for-entertaining", "crackers-for-entertaining"],
    "locations": {
      "vic": {
        "price": 1.6,
        "promoText": "$0.40 ",
        "packageSize": "100g",
        "packagePrice": "$1.60 per 100G"
      }
    }
  },
  {
    "id": "arnotts-crackers-vita-weat-multigrain",
    "brand": "Arnott's",
    "name": "Multigrain Vita-Weat Crackers",
    "imageUrl": "https://shop.coles.com.au/wcsstore/Coles-CAS/images/7/4/4/7449946-th.jpg",
    "categories": ["entertaining-at-home"],
    "tags": ["snacks-for-entertaining", "crackers-for-entertaining"],
    "locations": {
      "vic": {
        "price": 1.5,
        "promoText": "$0.50 ",
        "packageSize": "140g",
        "packagePrice": "$1.07 per 100G"
      }
    }
  },
  {
    "id": "coles-crackers-rice-cheese",
    "brand": "Coles",
    "name": "Cheese Rice Crackers",
    "imageUrl": "https://shop.coles.com.au/wcsstore/Coles-CAS/images/5/4/6/5460041-th.jpg",
    "categories": ["entertaining-at-home"],
    "tags": ["snacks-for-entertaining", "crackers-for-entertaining"],
    "locations": {
      "vic": {
        "price": 0.9,
        "promoText": " ",
        "packageSize": "100g",
        "packagePrice": "$0.90 per 100G"
      }
    }
  },
  {
    "id": "coles-rice-crackers-seed-grain",
    "brand": "Coles",
    "name": "Seeds & Grains Brown Rice Crackers",
    "imageUrl": "https://shop.coles.com.au/wcsstore/Coles-CAS/images/2/1/4/2146652-th.jpg",
    "categories": ["entertaining-at-home"],
    "tags": ["snacks-for-entertaining", "crackers-for-entertaining"],
    "locations": {
      "vic": {
        "price": 1.35,
        "promoText": "Was $1.40 on Jul 2018 ",
        "packageSize": "100g",
        "packagePrice": "$1.35 per 100G"
      }
    }
  },
  {
    "id": "nabisco-tasty-cheese-ritz-snackz-crackers",
    "brand": "Ritz Snackz",
    "name": "Tasty Cheddar Cheese Crackers",
    "imageUrl": "https://shop.coles.com.au/wcsstore/Coles-CAS/images/1/7/4/1743215-th.jpg",
    "categories": ["entertaining-at-home"],
    "tags": ["snacks-for-entertaining", "crackers-for-entertaining"],
    "locations": {
      "vic": {
        "price": 1,
        "promoText": "$1.00 ",
        "packageSize": "100g",
        "packagePrice": "$1.00 per 100G"
      }
    }
  },
  {
    "id": "arnotts-crackers-country-cheese",
    "brand": "Arnott's",
    "name": "Country Cheese Crackers",
    "imageUrl": "https://shop.coles.com.au/wcsstore/Coles-CAS/images/3/8/6/386393-th.jpg",
    "categories": ["entertaining-at-home"],
    "tags": ["snacks-for-entertaining", "crackers-for-entertaining"],
    "locations": {
      "vic": {
        "price": 4,
        "promoText": " ",
        "packageSize": "250g",
        "packagePrice": "$1.60 per 100G"
      }
    }
  },
  {
    "id": "arnotts-biscuits-shapes-cheese-bacon",
    "brand": "Arnott's",
    "name": "Cheese & Bacon Shapes",
    "imageUrl": "https://shop.coles.com.au/wcsstore/Coles-CAS/images/8/6/3/8638241-th.jpg",
    "categories": ["entertaining-at-home"],
    "tags": ["snacks-for-entertaining", "crackers-for-entertaining"],
    "locations": {
      "vic": {
        "price": 1.6,
        "promoText": "$1.60 ",
        "packageSize": "180g",
        "packagePrice": "$0.89 per 100G"
      }
    }
  },
  {
    "id": "arnotts-crackers-sesame-wheat",
    "brand": "Arnott's",
    "name": "Sesame Wheat Crackers",
    "imageUrl": "https://shop.coles.com.au/wcsstore/Coles-CAS/images/3/2/9/329185-th.jpg",
    "categories": ["entertaining-at-home"],
    "tags": ["snacks-for-entertaining", "crackers-for-entertaining"],
    "locations": {
      "vic": {
        "price": 4,
        "promoText": " ",
        "packageSize": "250g",
        "packagePrice": "$1.60 per 100G"
      }
    }
  },
  {
    "id": "ryvita-crispbread-original",
    "brand": "Ryvita",
    "name": "Original Crispbread",
    "imageUrl": "https://shop.coles.com.au/wcsstore/Coles-CAS/images/9/7/0/9702459-th.jpg",
    "categories": ["entertaining-at-home"],
    "tags": ["snacks-for-entertaining", "crackers-for-entertaining"],
    "locations": {
      "vic": {
        "price": 2.85,
        "promoText": " ",
        "packageSize": "250g",
        "packagePrice": "$1.14 per 100G"
      }
    }
  },
  {
    "id": "avocado-hass",
    "brand": "Coles",
    "name": "Hass Avocados",
    "imageUrl": "https://shop.coles.com.au/wcsstore/Coles-CAS/images/5/9/0/5900530-th.jpg",
    "categories": ["entertaining-at-home", "fruit-vegetables"],
    "tags": ["snacks-for-entertaining", "crackers-for-entertaining"],
    "locations": {
      "vic": {
        "price": 2.5,
        "promoText": " ",
        "packageSize": "",
        "packagePrice": "$2.50 per 1Ea"
      }
    }
  },
  {
    "id": "arnotts-biscuits-shapes-nacho-cheese",
    "brand": "Arnott's",
    "name": "Nacho Cheese Shapes",
    "imageUrl": "https://shop.coles.com.au/wcsstore/Coles-CAS/images/5/5/9/5591888-th.jpg",
    "categories": ["entertaining-at-home"],
    "tags": ["snacks-for-entertaining", "crackers-for-entertaining"],
    "locations": {
      "vic": {
        "price": 1.6,
        "promoText": "$1.60 ",
        "packageSize": "160g",
        "packagePrice": "$1.00 per 100G"
      }
    }
  },
  {
    "id": "arnotts-crispbread-vita-weat-sesame",
    "brand": "Arnott's",
    "name": "Sesame Vita-Weat",
    "imageUrl": "https://shop.coles.com.au/wcsstore/Coles-CAS/images/3/5/8/358897-th.jpg",
    "categories": ["entertaining-at-home"],
    "tags": ["snacks-for-entertaining", "crackers-for-entertaining"],
    "locations": {
      "vic": {
        "price": 3.3,
        "promoText": " ",
        "packageSize": "250g",
        "packagePrice": "$1.32 per 100G"
      }
    }
  },
  {
    "id": "coles-crackers-water-cracked-pepper",
    "brand": "Coles",
    "name": "Cracked Pepper Water Crackers",
    "imageUrl": "https://shop.coles.com.au/wcsstore/Coles-CAS/images/5/3/8/5389898-th.jpg",
    "categories": ["entertaining-at-home"],
    "tags": ["snacks-for-entertaining", "crackers-for-entertaining"],
    "locations": {
      "vic": {
        "price": 0.95,
        "promoText": " ",
        "packageSize": "125g",
        "packagePrice": "$0.76 per 100G"
      }
    }
  },
  {
    "id": "coles-crackers-rosemary",
    "brand": "Coles",
    "name": "Rosemary Crackers",
    "imageUrl": "https://shop.coles.com.au/wcsstore/Coles-CAS/images/1/2/7/1275707-th.jpg",
    "categories": ["entertaining-at-home"],
    "tags": ["snacks-for-entertaining", "crackers-for-entertaining"],
    "locations": {
      "vic": {
        "price": 1.8,
        "promoText": " ",
        "packageSize": "170g",
        "packagePrice": "$1.06 per 100G"
      }
    }
  },
  {
    "id": "coles-wafer-crackers",
    "brand": "Coles",
    "name": "Wafer Thin Original Crackers",
    "imageUrl": "https://shop.coles.com.au/wcsstore/Coles-CAS/images/2/3/3/2335848-th.jpg",
    "categories": ["entertaining-at-home"],
    "tags": ["snacks-for-entertaining", "crackers-for-entertaining"],
    "locations": {
      "vic": {
        "price": 2,
        "promoText": " ",
        "packageSize": "100g",
        "packagePrice": "$2.00 per 100G"
      }
    }
  },
  {
    "id": "always-fresh-grissini-bread-sticks-rosemary-sea-salt",
    "brand": "Always Fresh",
    "name": "Grissini Rosemary & Sea Salt Italian Bread Sticks",
    "imageUrl": "https://shop.coles.com.au/wcsstore/Coles-CAS/images/5/0/8/5085827-th.jpg",
    "categories": ["entertaining-at-home"],
    "tags": ["snacks-for-entertaining", "crackers-for-entertaining"],
    "locations": {
      "vic": {
        "price": 3.45,
        "promoText": " ",
        "packageSize": "125g",
        "packagePrice": "$2.76 per 100G"
      }
    }
  },
  {
    "id": "arnotts-crispbread-cruskits-corn",
    "brand": "Arnott's",
    "name": "Corn Cruskits",
    "imageUrl": "https://shop.coles.com.au/wcsstore/Coles-CAS/images/9/0/7/9079462-th.jpg",
    "categories": ["entertaining-at-home"],
    "tags": ["snacks-for-entertaining", "crackers-for-entertaining"],
    "locations": {
      "vic": {
        "price": 1.75,
        "promoText": " ",
        "packageSize": "125g",
        "packagePrice": "$1.40 per 100G"
      }
    }
  },
  {
    "id": "kurrajong-kitchen-crispbread-lavosh-original",
    "brand": "Kurrajong Kitchen",
    "name": "Lavosh Original",
    "imageUrl": "https://shop.coles.com.au/wcsstore/Coles-CAS/images/1/0/2/1024401-th.jpg",
    "categories": ["entertaining-at-home"],
    "tags": ["snacks-for-entertaining", "crackers-for-entertaining"],
    "locations": {
      "vic": {
        "price": 3.9,
        "promoText": " ",
        "packageSize": "145g",
        "packagePrice": "$2.69 per 100G"
      }
    }
  },
  {
    "id": "sunbites-cheddar-chives-crackers-snack",
    "brand": "Sunbites",
    "name": "Cheddar & Chives Snack Crackers With Quinoa",
    "imageUrl": "https://shop.coles.com.au/wcsstore/Coles-CAS/images/2/9/7/2976831-th.jpg",
    "categories": ["entertaining-at-home"],
    "tags": ["snacks-for-entertaining", "crackers-for-entertaining"],
    "locations": {
      "vic": {
        "price": 3,
        "promoText": " ",
        "packageSize": "110g",
        "packagePrice": "$2.73 per 100G"
      }
    }
  },
  {
    "id": "sunrice-rice-cakes-thin-sea-salt-balsamic-vinegar-gluten-free",
    "brand": "Sunrice",
    "name": "Thin Sea Salt & Balsamic Vinegar Gluten Free Rice Cakes",
    "imageUrl": "https://shop.coles.com.au/wcsstore/Coles-CAS/images/5/9/2/5925768-th.jpg",
    "categories": ["entertaining-at-home"],
    "tags": ["snacks-for-entertaining", "crackers-for-entertaining"],
    "locations": {
      "vic": {
        "price": 2.7,
        "promoText": " ",
        "packageSize": "195g",
        "packagePrice": "$1.38 per 100G"
      }
    }
  },
  {
    "id": "sunrice-rice-cakes-thin-sour-cream-chives-gluten-free",
    "brand": "Sunrice",
    "name": "Thin Sour Cream & Chives Gluten Free Rice Cakes",
    "imageUrl": "https://shop.coles.com.au/wcsstore/Coles-CAS/images/4/2/4/4247708-th.jpg",
    "categories": ["entertaining-at-home"],
    "tags": ["snacks-for-entertaining", "crackers-for-entertaining"],
    "locations": {
      "vic": {
        "price": 2.7,
        "promoText": " ",
        "packageSize": "195g",
        "packagePrice": "$1.38 per 100G"
      }
    }
  },
  {
    "id": "sunrice-original-thick-rice-cakes",
    "brand": "Sunrice",
    "name": "Original Thick Rice Cakes",
    "imageUrl": "https://shop.coles.com.au/wcsstore/Coles-CAS/images/2/3/5/2350229-th.jpg",
    "categories": ["entertaining-at-home"],
    "tags": ["snacks-for-entertaining", "crackers-for-entertaining"],
    "locations": {
      "vic": {
        "price": 2,
        "promoText": " ",
        "packageSize": "150g",
        "packagePrice": "$1.33 per 100G"
      }
    }
  },
  {
    "id": "arnotts-crackers-clix",
    "brand": "Arnott's",
    "name": "Clix Crackers",
    "imageUrl": "https://shop.coles.com.au/wcsstore/Coles-CAS/images/3/2/9/329833-th.jpg",
    "categories": ["entertaining-at-home"],
    "tags": ["snacks-for-entertaining", "crackers-for-entertaining"],
    "locations": {
      "vic": {
        "price": 3.2,
        "promoText": " ",
        "packageSize": "250g",
        "packagePrice": "$1.28 per 100G"
      }
    }
  },
  {
    "id": "coles-crackers-water-original",
    "brand": "Coles",
    "name": "Original Water Crackers",
    "imageUrl": "https://shop.coles.com.au/wcsstore/Coles-CAS/images/5/3/8/5389901-th.jpg",
    "categories": ["entertaining-at-home"],
    "tags": ["snacks-for-entertaining", "crackers-for-entertaining"],
    "locations": {
      "vic": {
        "price": 0.95,
        "promoText": " ",
        "packageSize": "125g",
        "packagePrice": "$0.76 per 100G"
      }
    }
  },
  {
    "id": "kettle-flat-bread-crackers-sea-salt",
    "brand": "Kettle",
    "name": "Sea Salt Flat Bread Crackers",
    "imageUrl": "https://shop.coles.com.au/wcsstore/Coles-CAS/images/3/4/9/3496445-th.jpg",
    "categories": ["entertaining-at-home"],
    "tags": ["snacks-for-entertaining", "crackers-for-entertaining"],
    "locations": {
      "vic": {
        "price": 3.5,
        "promoText": "$1.00 ",
        "packageSize": "150g",
        "packagePrice": "$2.33 per 100G"
      }
    }
  },
  {
    "id": "ryvita-crispbread-multi-grain",
    "brand": "Ryvita",
    "name": "Multigrain Rye Crispbread",
    "imageUrl": "https://shop.coles.com.au/wcsstore/Coles-CAS/images/9/7/0/9702619-th.jpg",
    "categories": ["entertaining-at-home"],
    "tags": ["snacks-for-entertaining", "crackers-for-entertaining"],
    "locations": {
      "vic": {
        "price": 2.85,
        "promoText": " ",
        "packageSize": "250g",
        "packagePrice": "$1.14 per 100G"
      }
    }
  },
  {
    "id": "water-thins-crispbread-natural-mini",
    "brand": "Waterthins",
    "name": "Natural Fine Wafer Crackers",
    "imageUrl": "https://shop.coles.com.au/wcsstore/Coles-CAS/images/9/2/0/9207267-th.jpg",
    "categories": ["entertaining-at-home"],
    "tags": ["snacks-for-entertaining", "crackers-for-entertaining"],
    "locations": {
      "vic": {
        "price": 3.2,
        "promoText": " ",
        "packageSize": "150g",
        "packagePrice": "$2.13 per 100G"
      }
    }
  },
  {
    "id": "arnotts-crispbread-salada-light-original",
    "brand": "Arnott's",
    "name": "Light Original Salada",
    "imageUrl": "https://shop.coles.com.au/wcsstore/Coles-CAS/images/7/4/1/7411932-th.jpg",
    "categories": ["entertaining-at-home"],
    "tags": ["snacks-for-entertaining", "crackers-for-entertaining"],
    "locations": {
      "vic": {
        "price": 3.2,
        "promoText": " ",
        "packageSize": "250g",
        "packagePrice": "$1.28 per 100G"
      }
    }
  },
  {
    "id": "arnotts-crackers-sao",
    "brand": "Arnott's",
    "name": "Sao Crackers",
    "imageUrl": "https://shop.coles.com.au/wcsstore/Coles-CAS/images/3/2/9/329152-th.jpg",
    "categories": ["entertaining-at-home"],
    "tags": ["snacks-for-entertaining", "crackers-for-entertaining"],
    "locations": {
      "vic": {
        "price": 3.2,
        "promoText": " ",
        "packageSize": "250g",
        "packagePrice": "$1.28 per 100G"
      }
    }
  },
  {
    "id": "arnotts-chips-cracker-bals-vinegar-salt",
    "brand": "Arnott's",
    "name": "Balsamic Vinegar & Sea Salt Cracker Chips",
    "imageUrl": "https://shop.coles.com.au/wcsstore/Coles-CAS/images/3/4/4/3449401-th.jpg",
    "categories": ["entertaining-at-home"],
    "tags": ["snacks-for-entertaining", "crackers-for-entertaining"],
    "locations": {
      "vic": {
        "price": 3,
        "promoText": "$1.50 ",
        "packageSize": "150g",
        "packagePrice": "$2.00 per 100G"
      }
    }
  },
  {
    "id": "nabisco-water-crackers-captains-table-cracked-pepper",
    "brand": "Captain's Table",
    "name": "Cracked Pepper Water Crackers",
    "imageUrl": "https://shop.coles.com.au/wcsstore/Coles-CAS/images/8/8/4/8841405-th.jpg",
    "categories": ["entertaining-at-home"],
    "tags": ["snacks-for-entertaining", "crackers-for-entertaining"],
    "locations": {
      "vic": {
        "price": 1.8,
        "promoText": " ",
        "packageSize": "125g",
        "packagePrice": "$1.44 per 100G"
      }
    }
  },
  {
    "id": "coles-rice-crackers-brown-rice",
    "brand": "Coles",
    "name": "Brown Rice Crackers",
    "imageUrl": "https://shop.coles.com.au/wcsstore/Coles-CAS/images/2/1/4/2146641-th.jpg",
    "categories": ["entertaining-at-home"],
    "tags": ["snacks-for-entertaining", "crackers-for-entertaining"],
    "locations": {
      "vic": {
        "price": 1.35,
        "promoText": "Was $1.40 on Jul 2018 ",
        "packageSize": "100g",
        "packagePrice": "$1.35 per 100G"
      }
    }
  },
  {
    "id": "olinas-artisan-crackers-fig-olive",
    "brand": "Olina's",
    "name": "Fig & Black Olive Artisan Crackers",
    "imageUrl": "https://shop.coles.com.au/wcsstore/Coles-CAS/images/3/4/9/3491099-th.jpg",
    "categories": ["entertaining-at-home"],
    "tags": ["snacks-for-entertaining", "crackers-for-entertaining"],
    "locations": {
      "vic": {
        "price": 4,
        "promoText": " ",
        "packageSize": "100g",
        "packagePrice": "$4.00 per 100G"
      }
    }
  },
  {
    "id": "olinas-artisan-crackers-date-apricot",
    "brand": "Olina's",
    "name": "Date & Apricot Artisan Crackers",
    "imageUrl": "https://shop.coles.com.au/wcsstore/Coles-CAS/images/3/4/9/3491088-th.jpg",
    "categories": ["entertaining-at-home"],
    "tags": ["snacks-for-entertaining", "crackers-for-entertaining"],
    "locations": {
      "vic": {
        "price": 4,
        "promoText": " ",
        "packageSize": "100g",
        "packagePrice": "$4.00 per 100G"
      }
    }
  },
  {
    "id": "pureharvest--rice-cakes-organic",
    "brand": "Pureharvest",
    "name": "Organic Rice Cakes",
    "imageUrl": "https://shop.coles.com.au/wcsstore/Coles-CAS/images/5/7/4/5748403-th.jpg",
    "categories": ["entertaining-at-home"],
    "tags": ["snacks-for-entertaining", "crackers-for-entertaining"],
    "locations": {
      "vic": {
        "price": 1.7,
        "promoText": " ",
        "packageSize": "150g",
        "packagePrice": "$1.13 per 100G"
      }
    }
  },
  {
    "id": "always-fresh-grissini-bread-sticks-sesame-sea-salt",
    "brand": "Always Fresh",
    "name": "Grissini Sesame Sea Salt",
    "imageUrl": "https://shop.coles.com.au/wcsstore/Coles-CAS/images/5/0/8/5085805-th.jpg",
    "categories": ["entertaining-at-home"],
    "tags": ["snacks-for-entertaining", "crackers-for-entertaining"],
    "locations": {
      "vic": {
        "price": 3.45,
        "promoText": " ",
        "packageSize": "125g",
        "packagePrice": "$2.76 per 100G"
      }
    }
  },
  {
    "id": "arnotts-chips-cracker-honey-soy-chicken",
    "brand": "Arnott's",
    "name": "Honey Soy Chicken Cracker Chips",
    "imageUrl": "https://shop.coles.com.au/wcsstore/Coles-CAS/images/3/4/4/3449398-th.jpg",
    "categories": ["entertaining-at-home"],
    "tags": ["snacks-for-entertaining", "crackers-for-entertaining"],
    "locations": {
      "vic": {
        "price": 3,
        "promoText": "$1.50 ",
        "packageSize": "150g",
        "packagePrice": "$2.00 per 100G"
      }
    }
  },
  {
    "id": "fantastic-delites-honey-soy-chicken-rice-snacks",
    "brand": "Fantastic",
    "name": "Delites Honey Soy Chicken Rice Snacks",
    "imageUrl": "https://shop.coles.com.au/wcsstore/Coles-CAS/images/2/4/6/2469618-th.jpg",
    "categories": ["entertaining-at-home"],
    "tags": ["snacks-for-entertaining", "crackers-for-entertaining"],
    "locations": {
      "vic": {
        "price": 2,
        "promoText": " ",
        "packageSize": "100g",
        "packagePrice": "$2.00 per 100G"
      }
    }
  },
  {
    "id": "peckish-rice-crackers-sour-cream-chives",
    "brand": "Peckish",
    "name": "Sour Cream & Chives Rice Crackers",
    "imageUrl": "https://shop.coles.com.au/wcsstore/Coles-CAS/images/9/9/9/9999358-th.jpg",
    "categories": ["entertaining-at-home"],
    "tags": ["snacks-for-entertaining", "crackers-for-entertaining"],
    "locations": {
      "vic": {
        "price": 2.2,
        "promoText": " ",
        "packageSize": "100g",
        "packagePrice": "$2.20 per 100G"
      }
    }
  },
  {
    "id": "peckish-rice-crackers-salt-vinegar",
    "brand": "Peckish",
    "name": "Sea Salt & Vinegar Rice Crackers",
    "imageUrl": "https://shop.coles.com.au/wcsstore/Coles-CAS/images/9/9/9/9999347-th.jpg",
    "categories": ["entertaining-at-home"],
    "tags": ["snacks-for-entertaining", "crackers-for-entertaining"],
    "locations": {
      "vic": {
        "price": 2.2,
        "promoText": " ",
        "packageSize": "100g",
        "packagePrice": "$2.20 per 100G"
      }
    }
  },
  {
    "id": "sakata-rice-crackers-sour-cream-chives",
    "brand": "Sakata",
    "name": "Chicken Rice Crackers",
    "imageUrl": "https://shop.coles.com.au/wcsstore/Coles-CAS/images/9/6/1/9610634-th.jpg",
    "categories": ["entertaining-at-home"],
    "tags": ["snacks-for-entertaining", "crackers-for-entertaining"],
    "locations": {
      "vic": {
        "price": 1.6,
        "promoText": "$0.40 ",
        "packageSize": "100g",
        "packagePrice": "$1.60 per 100G"
      }
    }
  },
  {
    "id": "peckish-rice-crackers-tangy-bbq",
    "brand": "Peckish",
    "name": "Tangy BBQ Rice Crackers",
    "imageUrl": "https://shop.coles.com.au/wcsstore/Coles-CAS/images/1/5/7/1574173-th.jpg",
    "categories": ["entertaining-at-home"],
    "tags": ["snacks-for-entertaining", "crackers-for-entertaining"],
    "locations": {
      "vic": {
        "price": 2.2,
        "promoText": " ",
        "packageSize": "100g",
        "packagePrice": "$2.20 per 100G"
      }
    }
  },
  {
    "id": "coles-simply-less-crispbread",
    "brand": "Coles",
    "name": "Crispbread Original",
    "imageUrl": "https://shop.coles.com.au/wcsstore/Coles-CAS/images/9/8/8/9889495-th.jpg",
    "categories": ["entertaining-at-home"],
    "tags": ["snacks-for-entertaining", "crackers-for-entertaining"],
    "locations": {
      "vic": {
        "price": 2,
        "promoText": " ",
        "packageSize": "125g",
        "packagePrice": "$1.60 per 100G"
      }
    }
  },
  {
    "id": "sakata-rice-crackers-extra-tasty-cheddar-cheese",
    "brand": "Sakata",
    "name": "Extra Tasty Cheddar Cheese Rice Crackers",
    "imageUrl": "https://shop.coles.com.au/wcsstore/Coles-CAS/images/9/6/1/9610408-th.jpg",
    "categories": ["entertaining-at-home"],
    "tags": ["snacks-for-entertaining", "crackers-for-entertaining"],
    "locations": {
      "vic": {
        "price": 1.6,
        "promoText": "$0.40 ",
        "packageSize": "100g",
        "packagePrice": "$1.60 per 100G"
      }
    }
  },
  {
    "id": "always-fresh-mini-toasts-value-pack",
    "brand": "Always Fresh",
    "name": "Mini Toasts Value Pack",
    "imageUrl": "https://shop.coles.com.au/wcsstore/Coles-CAS/images/2/4/6/2469695-th.jpg",
    "categories": ["entertaining-at-home"],
    "tags": ["snacks-for-entertaining", "crackers-for-entertaining"],
    "locations": {
      "vic": {
        "price": 2,
        "promoText": " ",
        "packageSize": "90g",
        "packagePrice": "$2.22 per 100G"
      }
    }
  },
  {
    "id": "arnotts-chips-cracker-sea-salt",
    "brand": "Arnott's",
    "name": "Sea Salt Cracker Chips",
    "imageUrl": "https://shop.coles.com.au/wcsstore/Coles-CAS/images/3/4/4/3449423-th.jpg",
    "categories": ["entertaining-at-home"],
    "tags": ["snacks-for-entertaining", "crackers-for-entertaining"],
    "locations": {
      "vic": {
        "price": 3,
        "promoText": "$1.50 ",
        "packageSize": "150g",
        "packagePrice": "$2.00 per 100G"
      }
    }
  },
  {
    "id": "coles-snack-bites-pizza",
    "brand": "Coles",
    "name": "Chicken Snack Bites",
    "imageUrl": "https://shop.coles.com.au/wcsstore/Coles-CAS/images/2/0/9/2099574-th.jpg",
    "categories": ["entertaining-at-home"],
    "tags": ["snacks-for-entertaining", "crackers-for-entertaining"],
    "locations": {
      "vic": {
        "price": 1.4,
        "promoText": " ",
        "packageSize": "200g",
        "packagePrice": "$0.70 per 100G"
      }
    }
  },
  {
    "id": "coles-cracker-squares",
    "brand": "Coles",
    "name": "Cracker Squares",
    "imageUrl": "https://shop.coles.com.au/wcsstore/Coles-CAS/images/2/4/7/2471835-th.jpg",
    "categories": ["entertaining-at-home"],
    "tags": ["snacks-for-entertaining", "crackers-for-entertaining"],
    "locations": {
      "vic": {
        "price": 0.95,
        "promoText": " ",
        "packageSize": "250g",
        "packagePrice": "$0.38 per 100G"
      }
    }
  },
  {
    "id": "coles-assorted-crackers-selection",
    "brand": "Coles",
    "name": "Assorted Crackers",
    "imageUrl": "https://shop.coles.com.au/wcsstore/Coles-CAS/images/3/4/6/3468337-th.jpg",
    "categories": ["entertaining-at-home"],
    "tags": ["snacks-for-entertaining", "crackers-for-entertaining"],
    "locations": {
      "vic": {
        "price": 4,
        "promoText": " ",
        "packageSize": "250g",
        "packagePrice": "$1.60 per 100G"
      }
    }
  },
  {
    "id": "waterthins-cheese-twists-classic-cheddar",
    "brand": "Waterthins",
    "name": "Classic Cheddar Cheese Twists  Biscuits",
    "imageUrl": "https://shop.coles.com.au/wcsstore/Coles-CAS/images/9/4/8/9482330-th.jpg",
    "categories": ["entertaining-at-home"],
    "tags": ["snacks-for-entertaining", "crackers-for-entertaining"],
    "locations": {
      "vic": {
        "price": 4,
        "promoText": " ",
        "packageSize": "110g",
        "packagePrice": "$3.64 per 100G"
      }
    }
  },
  {
    "id": "the-natural-cracker-co-crackers-seasalt-vinegar",
    "brand": "The Natural Cracker Co",
    "name": "Sea salt & Vinegar Crispy Crackers",
    "imageUrl": "https://shop.coles.com.au/wcsstore/Coles-CAS/images/3/4/4/3449842-th.jpg",
    "categories": ["entertaining-at-home"],
    "tags": ["snacks-for-entertaining", "crackers-for-entertaining"],
    "locations": {
      "vic": {
        "price": 3.5,
        "promoText": " ",
        "packageSize": "160g",
        "packagePrice": "$2.19 per 100G"
      }
    }
  },
  {
    "id": "coles-crackers-checkers",
    "brand": "Coles",
    "name": "Checkers Crackers",
    "imageUrl": "https://shop.coles.com.au/wcsstore/Coles-CAS/images/7/4/6/7468929-th.jpg",
    "categories": ["entertaining-at-home"],
    "tags": ["snacks-for-entertaining", "crackers-for-entertaining"],
    "locations": {
      "vic": {
        "price": 1.5,
        "promoText": " ",
        "packageSize": "250g",
        "packagePrice": "$0.60 per 100G"
      }
    }
  },
  {
    "id": "parkers-pretzels-baked-twist",
    "brand": "Parker's",
    "name": "Baked Twists Pretzels",
    "imageUrl": "https://shop.coles.com.au/wcsstore/Coles-CAS/images/6/1/3/6133970-th.jpg",
    "categories": ["entertaining-at-home"],
    "tags": ["snacks-for-entertaining", "popcorn-pretzels"],
    "locations": {
      "vic": {
        "price": 3.55,
        "promoText": " ",
        "packageSize": "200g",
        "packagePrice": "$1.78 per 100G"
      }
    }
  },
  {
    "id": "parkers-pretzels-baked-minis",
    "brand": "Parker's",
    "name": "Baked Mini Pretzels",
    "imageUrl": "https://shop.coles.com.au/wcsstore/Coles-CAS/images/5/2/3/5238054-th.jpg",
    "categories": ["entertaining-at-home"],
    "tags": ["snacks-for-entertaining", "popcorn-pretzels"],
    "locations": {
      "vic": {
        "price": 3.55,
        "promoText": " ",
        "packageSize": "225g",
        "packagePrice": "$1.58 per 100G"
      }
    }
  },
  {
    "id": "coles--microwave-salted-popcorn",
    "brand": "Coles",
    "name": "Lightly Salted Microwave Popcorn",
    "imageUrl": "https://shop.coles.com.au/wcsstore/Coles-CAS/images/2/6/6/2663075-th.jpg",
    "categories": ["entertaining-at-home"],
    "tags": ["snacks-for-entertaining", "popcorn-pretzels"],
    "locations": {
      "vic": {
        "price": 0.95,
        "promoText": " ",
        "packageSize": "80g",
        "packagePrice": "$1.19 per 100G"
      }
    }
  },
  {
    "id": "greens-poppin-popcorn-butter-microwave",
    "brand": "Poppin",
    "name": "Butter Microwave Popcorn",
    "imageUrl": "https://shop.coles.com.au/wcsstore/Coles-CAS/images/8/9/9/8997153-th.jpg",
    "categories": ["entertaining-at-home"],
    "tags": ["snacks-for-entertaining", "popcorn-pretzels"],
    "locations": {
      "vic": {
        "price": 5.55,
        "promoText": " ",
        "packageSize": "400g",
        "packagePrice": "$1.39 per 100G"
      }
    }
  },
  {
    "id": "coles-popcorn-microwave-butter",
    "brand": "Coles",
    "name": "Butter Flavour Microwave Popcorn",
    "imageUrl": "https://shop.coles.com.au/wcsstore/Coles-CAS/images/5/2/0/5207844-th.jpg",
    "categories": ["entertaining-at-home"],
    "tags": ["snacks-for-entertaining", "popcorn-pretzels"],
    "locations": {
      "vic": {
        "price": 0.95,
        "promoText": " ",
        "packageSize": "100g",
        "packagePrice": "$0.95 per 100G"
      }
    }
  },
  {
    "id": "greens-popcorn-poppin-microwave-triple-butter-flavour-explosion",
    "brand": "Poppin",
    "name": "Explosion Triple Butter Popcorn",
    "imageUrl": "https://shop.coles.com.au/wcsstore/Coles-CAS/images/5/7/2/5720743-th.jpg",
    "categories": ["entertaining-at-home"],
    "tags": ["snacks-for-entertaining", "popcorn-pretzels"],
    "locations": {
      "vic": {
        "price": 1.75,
        "promoText": " ",
        "packageSize": "100g",
        "packagePrice": "$1.75 per 100G"
      }
    }
  },
  {
    "id": "greens-popcorn-poppin-microwave-butter-flavour",
    "brand": "Poppin",
    "name": "Butter Microwave Popcorn",
    "imageUrl": "https://shop.coles.com.au/wcsstore/Coles-CAS/images/1/5/3/153941-th.jpg",
    "categories": ["entertaining-at-home"],
    "tags": ["snacks-for-entertaining", "popcorn-pretzels"],
    "locations": {
      "vic": {
        "price": 1.75,
        "promoText": " ",
        "packageSize": "100g",
        "packagePrice": "$1.75 per 100G"
      }
    }
  },
  {
    "id": "poppin-microwave-popcorn-triple-butter",
    "brand": "Poppin",
    "name": "Triple Butter Microwave Popcorn",
    "imageUrl": "https://shop.coles.com.au/wcsstore/Coles-CAS/images/8/2/1/8213796-th.jpg",
    "categories": ["entertaining-at-home"],
    "tags": ["snacks-for-entertaining", "popcorn-pretzels"],
    "locations": {
      "vic": {
        "price": 5.55,
        "promoText": " ",
        "packageSize": "400g",
        "packagePrice": "$1.39 per 100G"
      }
    }
  },
  {
    "id": "coles-pretzel-twists",
    "brand": "Coles",
    "name": "Salted Pretzel Twists",
    "imageUrl": "https://shop.coles.com.au/wcsstore/Coles-CAS/images/2/0/6/2062290-th.jpg",
    "categories": ["entertaining-at-home"],
    "tags": ["snacks-for-entertaining", "popcorn-pretzels"],
    "locations": {
      "vic": {
        "price": 2.6,
        "promoText": " ",
        "packageSize": "200g",
        "packagePrice": "$1.30 per 100G"
      }
    }
  },
  {
    "id": "jonnys-popcorn-delights-caramel-3531546p",
    "brand": "Jonny's",
    "name": "Caramel Popcorn Delights",
    "imageUrl": "https://shop.coles.com.au/wcsstore/Coles-CAS/images/3/5/3/3531546-th.jpg",
    "categories": ["entertaining-at-home"],
    "tags": ["snacks-for-entertaining", "popcorn-pretzels"],
    "locations": {
      "vic": {
        "price": 2.8,
        "promoText": " ",
        "packageSize": "142g",
        "packagePrice": "$1.97 per 100G"
      }
    }
  },
  {
    "id": "nobbys-nuts-peanuts-salted",
    "brand": "Nobby's",
    "name": "Salted Peanuts",
    "imageUrl": "https://shop.coles.com.au/wcsstore/Coles-CAS/images/1/6/9/169828-th.jpg",
    "categories": ["entertaining-at-home"],
    "tags": ["snacks-for-entertaining", "nuts-for-entertaining"],
    "locations": {
      "vic": {
        "price": 3,
        "promoText": "$0.50 ",
        "packageSize": "375g",
        "packagePrice": "$8.00 per 1Kg"
      }
    }
  },
  {
    "id": "nobbys-nuts-mixed-salted",
    "brand": "Nobby's",
    "name": "Salted Mixed Nuts",
    "imageUrl": "https://shop.coles.com.au/wcsstore/Coles-CAS/images/3/1/0/310289-th.jpg",
    "categories": ["entertaining-at-home"],
    "tags": ["snacks-for-entertaining", "nuts-for-entertaining"],
    "locations": {
      "vic": {
        "price": 6.65,
        "promoText": " ",
        "packageSize": "375g",
        "packagePrice": "$17.73 per 1Kg"
      }
    }
  },
  {
    "id": "nobbys-nuts-cashews-salted",
    "brand": "Nobby's",
    "name": "Salted Cashews",
    "imageUrl": "https://shop.coles.com.au/wcsstore/Coles-CAS/images/8/3/3/8331872-th.jpg",
    "categories": ["entertaining-at-home"],
    "tags": ["snacks-for-entertaining", "nuts-for-entertaining"],
    "locations": {
      "vic": {
        "price": 9.55,
        "promoText": " ",
        "packageSize": "300g",
        "packagePrice": "$31.83 per 1Kg"
      }
    }
  },
  {
    "id": "majans-bhuja-original-mix",
    "brand": "Majans Bhuja",
    "name": "Original Mix",
    "imageUrl": "https://shop.coles.com.au/wcsstore/Coles-CAS/images/2/5/2/2523327-th.jpg",
    "categories": ["entertaining-at-home"],
    "tags": ["snacks-for-entertaining", "nuts-for-entertaining"],
    "locations": {
      "vic": {
        "price": 3.85,
        "promoText": "Any 2 $5",
        "packageSize": "200g",
        "packagePrice": "$19.25 per 1Kg"
      }
    }
  },
  {
    "id": "coles-unsalted-peanuts",
    "brand": "Coles",
    "name": "Australian Peanuts Unsalted",
    "imageUrl": "https://shop.coles.com.au/wcsstore/Coles-CAS/images/2/5/1/2518746-th.jpg",
    "categories": ["entertaining-at-home"],
    "tags": ["snacks-for-entertaining", "nuts-for-entertaining"],
    "locations": {
      "vic": {
        "price": 3,
        "promoText": " ",
        "packageSize": "375g",
        "packagePrice": "$8.00 per 1Kg"
      }
    }
  },
  {
    "id": "coles-salted-peanuts",
    "brand": "Coles",
    "name": "Salted Peanuts",
    "imageUrl": "https://shop.coles.com.au/wcsstore/Coles-CAS/images/2/5/1/2518735-th.jpg",
    "categories": ["entertaining-at-home"],
    "tags": ["snacks-for-entertaining", "nuts-for-entertaining"],
    "locations": {
      "vic": {
        "price": 3,
        "promoText": " ",
        "packageSize": "375g",
        "packagePrice": "$8.00 per 1Kg"
      }
    }
  },
  {
    "id": "coles-unsalted-mixed-nuts",
    "brand": "Coles",
    "name": "Unsalted Mixed Nuts",
    "imageUrl": "https://shop.coles.com.au/wcsstore/Coles-CAS/images/2/5/2/2522302-th.jpg",
    "categories": ["entertaining-at-home"],
    "tags": ["snacks-for-entertaining", "nuts-for-entertaining"],
    "locations": {
      "vic": {
        "price": 5.35,
        "promoText": " ",
        "packageSize": "375g",
        "packagePrice": "$14.27 per 1Kg"
      }
    }
  },
  {
    "id": "coles-unsalted-cashews",
    "brand": "Coles",
    "name": "Jumbo Unsalted Cashews",
    "imageUrl": "https://shop.coles.com.au/wcsstore/Coles-CAS/images/2/5/2/2522368-th.jpg",
    "categories": ["entertaining-at-home"],
    "tags": ["snacks-for-entertaining", "nuts-for-entertaining"],
    "locations": {
      "vic": {
        "price": 5.5,
        "promoText": " ",
        "packageSize": "200g",
        "packagePrice": "$27.50 per 1Kg"
      }
    }
  },
  {
    "id": "majans-bhuja-cracker-mix",
    "brand": "Majans Bhuja",
    "name": "Cracker Mix",
    "imageUrl": "https://shop.coles.com.au/wcsstore/Coles-CAS/images/2/5/2/2523338-th.jpg",
    "categories": ["entertaining-at-home"],
    "tags": ["snacks-for-entertaining", "nuts-for-entertaining"],
    "locations": {
      "vic": {
        "price": 3.85,
        "promoText": "Any 2 $5",
        "packageSize": "200g",
        "packagePrice": "$19.25 per 1Kg"
      }
    }
  },
  {
    "id": "coles-salted-mixed-nuts",
    "brand": "Coles",
    "name": "Salted Mixed Nuts",
    "imageUrl": "https://shop.coles.com.au/wcsstore/Coles-CAS/images/2/5/2/2522299-th.jpg",
    "categories": ["entertaining-at-home"],
    "tags": ["snacks-for-entertaining", "nuts-for-entertaining"],
    "locations": {
      "vic": {
        "price": 5.35,
        "promoText": " ",
        "packageSize": "375g",
        "packagePrice": "$14.27 per 1Kg"
      }
    }
  },
  {
    "id": "coles-salted-cashews",
    "brand": "Coles",
    "name": "Jumbo Salted Cashews",
    "imageUrl": "https://shop.coles.com.au/wcsstore/Coles-CAS/images/2/5/2/2522357-th.jpg",
    "categories": ["entertaining-at-home"],
    "tags": ["snacks-for-entertaining", "nuts-for-entertaining"],
    "locations": {
      "vic": {
        "price": 5.5,
        "promoText": " ",
        "packageSize": "200g",
        "packagePrice": "$27.50 per 1Kg"
      }
    }
  },
  {
    "id": "majans-bhuja-ancient-grain-nut-twists",
    "brand": "Majans Bhuja",
    "name": "Gluten Free Ancient Grain Twists With Chia And Quinoa",
    "imageUrl": "https://shop.coles.com.au/wcsstore/Coles-CAS/images/2/5/2/2523371-th.jpg",
    "categories": ["entertaining-at-home"],
    "tags": ["snacks-for-entertaining", "nuts-for-entertaining"],
    "locations": {
      "vic": {
        "price": 3.85,
        "promoText": "Any 2 $5",
        "packageSize": "140g",
        "packagePrice": "$27.50 per 1Kg"
      }
    }
  },
  {
    "id": "coles-salted-mixed-nuts-2536012p",
    "brand": "Coles",
    "name": "Salted Mixed Nuts",
    "imageUrl": "https://shop.coles.com.au/wcsstore/Coles-CAS/images/2/5/3/2536012-th.jpg",
    "categories": ["entertaining-at-home"],
    "tags": ["snacks-for-entertaining", "nuts-for-entertaining"],
    "locations": {
      "vic": {
        "price": 3,
        "promoText": " ",
        "packageSize": "375g",
        "packagePrice": "$8.00 per 1Kg"
      }
    }
  },
  {
    "id": "majans-bhuja-nut-mix",
    "brand": "Majans Bhuja",
    "name": "Nut Mix",
    "imageUrl": "https://shop.coles.com.au/wcsstore/Coles-CAS/images/9/2/7/9272940-th.jpg",
    "categories": ["entertaining-at-home"],
    "tags": ["snacks-for-entertaining", "nuts-for-entertaining"],
    "locations": {
      "vic": {
        "price": 3.85,
        "promoText": "Any 2 $5",
        "packageSize": "150g",
        "packagePrice": "$25.67 per 1Kg"
      }
    }
  },
  {
    "id": "majans-bhuja-beernut-mix",
    "brand": "Majans Bhuja",
    "name": "Gluten Free Beer Mix",
    "imageUrl": "https://shop.coles.com.au/wcsstore/Coles-CAS/images/2/5/2/2523291-th.jpg",
    "categories": ["entertaining-at-home"],
    "tags": ["snacks-for-entertaining", "nuts-for-entertaining"],
    "locations": {
      "vic": {
        "price": 3.85,
        "promoText": "Any 2 $5",
        "packageSize": "160g",
        "packagePrice": "$24.06 per 1Kg"
      }
    }
  },
  {
    "id": "nobbys-nuts-beernuts",
    "brand": "Nobby's",
    "name": "Beernuts",
    "imageUrl": "https://shop.coles.com.au/wcsstore/Coles-CAS/images/1/8/4/184253-th.jpg",
    "categories": ["entertaining-at-home"],
    "tags": ["snacks-for-entertaining", "nuts-for-entertaining"],
    "locations": {
      "vic": {
        "price": 3,
        "promoText": "$0.50 ",
        "packageSize": "375g",
        "packagePrice": "$8.00 per 1Kg"
      }
    }
  },
  {
    "id": "red-rock-deli--nuts-honey-salt",
    "brand": "Red Rock Deli",
    "name": "Nuts Sweet Honey & Sea Salt",
    "imageUrl": "https://shop.coles.com.au/wcsstore/Coles-CAS/images/2/9/6/2962451-th.jpg",
    "categories": ["entertaining-at-home"],
    "tags": ["snacks-for-entertaining", "nuts-for-entertaining"],
    "locations": {
      "vic": {
        "price": 4,
        "promoText": "Any 2 $7",
        "packageSize": "130g",
        "packagePrice": "$30.77 per 1Kg"
      }
    }
  },
  {
    "id": "picky-picky-peanuts-sweet-chilli-lime-flavoured",
    "brand": "Picky Picky Peanuts",
    "name": "Sweet Chilli & Lime Flavoured",
    "imageUrl": "https://shop.coles.com.au/wcsstore/Coles-CAS/images/3/5/7/3571143-th.jpg",
    "categories": ["entertaining-at-home"],
    "tags": ["snacks-for-entertaining", "nuts-for-entertaining"],
    "locations": {
      "vic": {
        "price": 2.25,
        "promoText": "$2.25 ",
        "packageSize": "200g",
        "packagePrice": "$1.13 per 100G"
      }
    }
  },
  {
    "id": "picky-picky-peanuts-savoury-honey-roasted",
    "brand": "Picky Picky Peanuts",
    "name": "Sea Salt & Pepper",
    "imageUrl": "https://shop.coles.com.au/wcsstore/Coles-CAS/images/3/5/7/3571121-th.jpg",
    "categories": ["entertaining-at-home"],
    "tags": ["snacks-for-entertaining", "nuts-for-entertaining"],
    "locations": {
      "vic": {
        "price": 2.25,
        "promoText": "$2.25 ",
        "packageSize": "200g",
        "packagePrice": "$11.25 per 1Kg"
      }
    }
  },
  {
    "id": "red-rock-deli-glazed-nut-apple-cinnamon-crumble",
    "brand": "Red Rock Deli",
    "name": "Cinnamon & Apple Crumble Glazed Mix",
    "imageUrl": "https://shop.coles.com.au/wcsstore/Coles-CAS/images/3/5/9/3593180-th.jpg",
    "categories": ["entertaining-at-home"],
    "tags": ["snacks-for-entertaining", "nuts-for-entertaining"],
    "locations": {
      "vic": {
        "price": 4,
        "promoText": "Any 2 $7",
        "packageSize": "100g",
        "packagePrice": "$4.00 per 100G"
      }
    }
  },
  {
    "id": "red-rock-deli-mixed-nuts-balsamic-vinegar-chilli",
    "brand": "Red Rock Deli",
    "name": "Balsamic Vinegar & Chilli Roasted Mixed Nuts",
    "imageUrl": "https://shop.coles.com.au/wcsstore/Coles-CAS/images/3/5/7/3572190-th.jpg",
    "categories": ["entertaining-at-home"],
    "tags": ["snacks-for-entertaining", "nuts-for-entertaining"],
    "locations": {
      "vic": {
        "price": 4,
        "promoText": "Any 2 $7",
        "packageSize": "100g",
        "packagePrice": "$4.00 per 100G"
      }
    }
  },
  {
    "id": "red-rock-deli-nuts-garlic-lemon",
    "brand": "Red Rock Deli",
    "name": "Caramelised Garlic & Lemon Roasted Mixed Nuts",
    "imageUrl": "https://shop.coles.com.au/wcsstore/Coles-CAS/images/3/5/7/3572180-th.jpg",
    "categories": ["entertaining-at-home"],
    "tags": ["snacks-for-entertaining", "nuts-for-entertaining"],
    "locations": {
      "vic": {
        "price": 4,
        "promoText": "Any 2 $7",
        "packageSize": "100g",
        "packagePrice": "$4.00 per 100G"
      }
    }
  },
  {
    "id": "majans-bhuja-pea-mix",
    "brand": "Majans Bhuja",
    "name": "Pea Mix",
    "imageUrl": "https://shop.coles.com.au/wcsstore/Coles-CAS/images/3/4/3/3434834-th.jpg",
    "categories": ["entertaining-at-home"],
    "tags": ["snacks-for-entertaining", "nuts-for-entertaining"],
    "locations": {
      "vic": {
        "price": 3.85,
        "promoText": " ",
        "packageSize": "130g",
        "packagePrice": "$2.96 per 100G"
      }
    }
  },
  {
    "id": "nobbys-loaded-nacho-cheese-peanuts",
    "brand": "Nobby's",
    "name": "Loaded Nacho Cheese Snack Mix",
    "imageUrl": "https://shop.coles.com.au/wcsstore/Coles-CAS/images/3/4/3/3433015-th.jpg",
    "categories": ["entertaining-at-home"],
    "tags": ["snacks-for-entertaining", "nuts-for-entertaining"],
    "locations": {
      "vic": {
        "price": 0,
        "promoText": " ",
        "packageSize": "110g",
        "packagePrice": ""
      }
    }
  },
  {
    "id": "picky-picky-peanuts-vegemite-aussie-nuts",
    "brand": "Picky Picky Peanuts",
    "name": "Arnott's BBQ Shapes",
    "imageUrl": "https://shop.coles.com.au/wcsstore/Coles-CAS/images/3/5/7/3571154-th.jpg",
    "categories": ["entertaining-at-home"],
    "tags": ["snacks-for-entertaining", "nuts-for-entertaining"],
    "locations": {
      "vic": {
        "price": 2.25,
        "promoText": "$2.25 ",
        "packageSize": "200g",
        "packagePrice": "$11.25 per 1Kg"
      }
    }
  },
  {
    "id": "red-rock-deli-glazed-nuts-vanilla-cranberry-honey",
    "brand": "Red Rock Deli",
    "name": "Honey Vanilla & Cranberries Glazed Mix",
    "imageUrl": "https://shop.coles.com.au/wcsstore/Coles-CAS/images/3/5/7/3572204-th.jpg",
    "categories": ["entertaining-at-home"],
    "tags": ["snacks-for-entertaining", "nuts-for-entertaining"],
    "locations": {
      "vic": {
        "price": 4,
        "promoText": "Any 2 $7",
        "packageSize": "100g",
        "packagePrice": "$4.00 per 100G"
      }
    }
  },
  {
    "id": "obela-classic-smooth-hommus",
    "brand": "Obela",
    "name": "Classic Smooth Hommus",
    "imageUrl": "https://shop.coles.com.au/wcsstore/Coles-CAS/images/2/0/0/2008750-th.jpg",
    "categories": ["entertaining-at-home", "dairy-eggs-meals"],
    "tags": ["chese-board-selections", "bread-crackers-dip"],
    "locations": {
      "vic": {
        "price": 4,
        "promoText": " ",
        "packageSize": "220g",
        "packagePrice": "$1.82 per 100G"
      }
    }
  },
  {
    "id": "obela-dip-hommus-roasted-pine-nut",
    "brand": "Obela",
    "name": "Roasted Pine Nut Hommus Dip",
    "imageUrl": "https://shop.coles.com.au/wcsstore/Coles-CAS/images/1/3/8/1389615-th.jpg",
    "categories": ["entertaining-at-home", "dairy-eggs-meals"],
    "tags": ["chese-board-selections", "bread-crackers-dip"],
    "locations": {
      "vic": {
        "price": 4.5,
        "promoText": "Any 2 $7",
        "packageSize": "220g",
        "packagePrice": "$2.05 per 100G"
      }
    }
  },
  {
    "id": "obela-hommus-garn-zesty-jalapeno-dip",
    "brand": "Obela",
    "name": "Zesty Jalapeno Hommus Dip",
    "imageUrl": "https://shop.coles.com.au/wcsstore/Coles-CAS/images/1/6/5/1652460-th.jpg",
    "categories": ["entertaining-at-home", "dairy-eggs-meals"],
    "tags": ["chese-board-selections", "bread-crackers-dip"],
    "locations": {
      "vic": {
        "price": 4.5,
        "promoText": "Any 2 $7",
        "packageSize": "220g",
        "packagePrice": "$2.05 per 100G"
      }
    }
  },
  {
    "id": "red-rock-deli-dips-capsicum-basil",
    "brand": "Red Rock Deli",
    "name": "Roasted Red Capsicum Pecorino Cashews & Basil Dip",
    "imageUrl": "https://shop.coles.com.au/wcsstore/Coles-CAS/images/8/7/0/8704947-th.jpg",
    "categories": ["entertaining-at-home", "dairy-eggs-meals"],
    "tags": ["chese-board-selections", "bread-crackers-dip"],
    "locations": {
      "vic": {
        "price": 4.5,
        "promoText": " ",
        "packageSize": "150g",
        "packagePrice": "$3.00 per 100G"
      }
    }
  },
  {
    "id": "kraft-philadelphia-dip-sweet-chilli-pourover",
    "brand": "Philadelphia",
    "name": "Sweet Chilli Philly Pourover Dip",
    "imageUrl": "https://shop.coles.com.au/wcsstore/Coles-CAS/images/9/8/3/9834926-th.jpg",
    "categories": ["entertaining-at-home", "dairy-eggs-meals"],
    "tags": ["chese-board-selections", "bread-crackers-dip"],
    "locations": {
      "vic": {
        "price": 3.5,
        "promoText": "$0.80 ",
        "packageSize": "250g",
        "packagePrice": "$1.40 per 100G"
      }
    }
  },
  {
    "id": "yumis-dip-hommus-middle-eastern-classic",
    "brand": "Yumi's",
    "name": "Gluten Free Traditional Middle Eastern Hommus Dip",
    "imageUrl": "https://shop.coles.com.au/wcsstore/Coles-CAS/images/8/6/7/8670914-th.jpg",
    "categories": ["entertaining-at-home", "dairy-eggs-meals"],
    "tags": ["chese-board-selections", "bread-crackers-dip"],
    "locations": {
      "vic": {
        "price": 3,
        "promoText": "$1.00 ",
        "packageSize": "200g",
        "packagePrice": "$1.50 per 100G"
      }
    }
  },
  {
    "id": "yumis-dip-traditional-hommus",
    "brand": "Yumi's",
    "name": "Gluten Free Traditional Middle Eastern Hommus Dip",
    "imageUrl": "https://shop.coles.com.au/wcsstore/Coles-CAS/images/7/1/0/7106189-th.jpg",
    "categories": ["entertaining-at-home", "dairy-eggs-meals"],
    "tags": ["chese-board-selections", "bread-crackers-dip"],
    "locations": {
      "vic": {
        "price": 7,
        "promoText": " ",
        "packageSize": "1kg",
        "packagePrice": "$0.70 per 100G"
      }
    }
  },
  {
    "id": "coles-dip-hommus",
    "brand": "Coles",
    "name": "Dip Hommus",
    "imageUrl": "https://shop.coles.com.au/wcsstore/Coles-CAS/images/6/5/3/6530721-th.jpg",
    "categories": ["entertaining-at-home", "dairy-eggs-meals"],
    "tags": ["chese-board-selections", "bread-crackers-dip"],
    "locations": {
      "vic": {
        "price": 2,
        "promoText": " ",
        "packageSize": "200g",
        "packagePrice": "$1.00 per 100G"
      }
    }
  },
  {
    "id": "black-swan-dip-hommus-9580680p",
    "brand": "Black Swan",
    "name": "Hommus Dip",
    "imageUrl": "https://shop.coles.com.au/wcsstore/Coles-CAS/images/9/5/8/9580680-th.jpg",
    "categories": ["entertaining-at-home", "dairy-eggs-meals"],
    "tags": ["chese-board-selections", "bread-crackers-dip"],
    "locations": {
      "vic": {
        "price": 3.5,
        "promoText": "Any 2 $6",
        "packageSize": "200g",
        "packagePrice": "$1.75 per 100G"
      }
    }
  },
  {
    "id": "coles-dip-tzatziki",
    "brand": "Coles",
    "name": "Dip Tzatziki",
    "imageUrl": "https://shop.coles.com.au/wcsstore/Coles-CAS/images/6/0/0/6007487-th.jpg",
    "categories": ["entertaining-at-home", "dairy-eggs-meals"],
    "tags": ["chese-board-selections", "bread-crackers-dip"],
    "locations": {
      "vic": {
        "price": 2,
        "promoText": " ",
        "packageSize": "200g",
        "packagePrice": "$1.00 per 100G"
      }
    }
  },
  {
    "id": "obela-classic-guacamole-dip",
    "brand": "Obela",
    "name": "Classic Guacamole Dip",
    "imageUrl": "https://shop.coles.com.au/wcsstore/Coles-CAS/images/2/5/8/2580342-th.jpg",
    "categories": ["entertaining-at-home", "dairy-eggs-meals"],
    "tags": ["chese-board-selections", "bread-crackers-dip"],
    "locations": {
      "vic": {
        "price": 5,
        "promoText": " ",
        "packageSize": "220g",
        "packagePrice": "$2.27 per 100G"
      }
    }
  },
  {
    "id": "black-swan-dip-tzatziki",
    "brand": "Black Swan",
    "name": "Tzatziki Dip",
    "imageUrl": "https://shop.coles.com.au/wcsstore/Coles-CAS/images/9/5/8/9580657-th.jpg",
    "categories": ["entertaining-at-home", "dairy-eggs-meals"],
    "tags": ["chese-board-selections", "bread-crackers-dip"],
    "locations": {
      "vic": {
        "price": 3.5,
        "promoText": "Any 2 $6",
        "packageSize": "200g",
        "packagePrice": "$1.75 per 100G"
      }
    }
  },
  {
    "id": "black-swan-dip-tzatziki-skinny",
    "brand": "Black Swan",
    "name": "Skinny Tzatziki Dip",
    "imageUrl": "https://shop.coles.com.au/wcsstore/Coles-CAS/images/6/8/2/6824063-th.jpg",
    "categories": ["entertaining-at-home", "dairy-eggs-meals"],
    "tags": ["chese-board-selections", "bread-crackers-dip"],
    "locations": {
      "vic": {
        "price": 3.5,
        "promoText": "Any 2 $6",
        "packageSize": "200g",
        "packagePrice": "$1.75 per 100G"
      }
    }
  },
  {
    "id": "coles-dip-avocado",
    "brand": "Coles",
    "name": "Avocado Dip",
    "imageUrl": "https://shop.coles.com.au/wcsstore/Coles-CAS/images/6/5/3/6530710-th.jpg",
    "categories": ["entertaining-at-home", "dairy-eggs-meals"],
    "tags": ["chese-board-selections", "bread-crackers-dip"],
    "locations": {
      "vic": {
        "price": 2,
        "promoText": " ",
        "packageSize": "200g",
        "packagePrice": "$1.00 per 100G"
      }
    }
  },
  {
    "id": "pilpel-dip-hummous",
    "brand": "Pilpel",
    "name": "Gluten Free Hummous Dip",
    "imageUrl": "https://shop.coles.com.au/wcsstore/Coles-CAS/images/7/4/1/7411819-th.jpg",
    "categories": ["entertaining-at-home", "dairy-eggs-meals"],
    "tags": ["chese-board-selections", "bread-crackers-dip"],
    "locations": {
      "vic": {
        "price": 6.5,
        "promoText": " ",
        "packageSize": "350g",
        "packagePrice": "$1.86 per 100G"
      }
    }
  },
  {
    "id": "black-swan-dip-guacamole-8163155p",
    "brand": "Black Swan",
    "name": "Crafted Guacamole Dip",
    "imageUrl": "https://shop.coles.com.au/wcsstore/Coles-CAS/images/8/1/6/8163155-th.jpg",
    "categories": ["entertaining-at-home", "dairy-eggs-meals"],
    "tags": ["chese-board-selections", "bread-crackers-dip"],
    "locations": {
      "vic": {
        "price": 4.3,
        "promoText": " ",
        "packageSize": "200g",
        "packagePrice": "$2.15 per 100G"
      }
    }
  },
  {
    "id": "yumis-dip-classic-italian-olive",
    "brand": "Yumi's",
    "name": "Gluten Free Green Olive Classic Dip",
    "imageUrl": "https://shop.coles.com.au/wcsstore/Coles-CAS/images/8/6/7/8670903-th.jpg",
    "categories": ["entertaining-at-home", "dairy-eggs-meals"],
    "tags": ["chese-board-selections", "bread-crackers-dip"],
    "locations": {
      "vic": {
        "price": 3,
        "promoText": "$1.00 ",
        "packageSize": "200g",
        "packagePrice": "$1.50 per 100G"
      }
    }
  },
  {
    "id": "black-swan-dip-spicy-capsicum",
    "brand": "Black Swan",
    "name": "Spicy Capsicum Dip",
    "imageUrl": "https://shop.coles.com.au/wcsstore/Coles-CAS/images/7/6/0/7604867-th.jpg",
    "categories": ["entertaining-at-home", "dairy-eggs-meals"],
    "tags": ["chese-board-selections", "bread-crackers-dip"],
    "locations": {
      "vic": {
        "price": 3.5,
        "promoText": "Any 2 $6",
        "packageSize": "200g",
        "packagePrice": "$1.75 per 100G"
      }
    }
  },
  {
    "id": "black-swan-dip-french-onion",
    "brand": "Black Swan",
    "name": "French Onion Dip",
    "imageUrl": "https://shop.coles.com.au/wcsstore/Coles-CAS/images/9/5/8/9580704-th.jpg",
    "categories": ["entertaining-at-home", "dairy-eggs-meals"],
    "tags": ["chese-board-selections", "bread-crackers-dip"],
    "locations": {
      "vic": {
        "price": 3.5,
        "promoText": "Any 2 $6",
        "packageSize": "200g",
        "packagePrice": "$1.75 per 100G"
      }
    }
  },
  {
    "id": "black-swan-farmers-best-dip-caramelized-onion",
    "brand": "Black Swan",
    "name": "Crafted Caramelised French Onion Dip",
    "imageUrl": "https://shop.coles.com.au/wcsstore/Coles-CAS/images/7/6/0/7605826-th.jpg",
    "categories": ["entertaining-at-home", "dairy-eggs-meals"],
    "tags": ["chese-board-selections", "bread-crackers-dip"],
    "locations": {
      "vic": {
        "price": 4.3,
        "promoText": " ",
        "packageSize": "200g",
        "packagePrice": "$2.15 per 100G"
      }
    }
  },
  {
    "id": "black-swan-dip-hommus-skinny",
    "brand": "Black Swan",
    "name": "Skinny Hommus Dip",
    "imageUrl": "https://shop.coles.com.au/wcsstore/Coles-CAS/images/6/6/1/6618607-th.jpg",
    "categories": ["entertaining-at-home", "dairy-eggs-meals"],
    "tags": ["chese-board-selections", "bread-crackers-dip"],
    "locations": {
      "vic": {
        "price": 3.5,
        "promoText": "Any 2 $6",
        "packageSize": "200g",
        "packagePrice": "$1.75 per 100G"
      }
    }
  },
  {
    "id": "coles-dip-pesto-basil-gourmet",
    "brand": "Coles",
    "name": "Basil Pesto Gourmet Dips",
    "imageUrl": "https://shop.coles.com.au/wcsstore/Coles-CAS/images/7/5/3/7535710-th.jpg",
    "categories": ["entertaining-at-home", "dairy-eggs-meals"],
    "tags": ["chese-board-selections", "bread-crackers-dip"],
    "locations": {
      "vic": {
        "price": 2.7,
        "promoText": " ",
        "packageSize": "150g",
        "packagePrice": "$1.80 per 100G"
      }
    }
  },
  {
    "id": "black-swan-dip-avocado-with-lemon-sea-salt",
    "brand": "Black Swan",
    "name": "Avocado Dip",
    "imageUrl": "https://shop.coles.com.au/wcsstore/Coles-CAS/images/5/3/7/5371939-th.jpg",
    "categories": ["entertaining-at-home", "dairy-eggs-meals"],
    "tags": ["chese-board-selections", "bread-crackers-dip"],
    "locations": {
      "vic": {
        "price": 3.5,
        "promoText": "Any 2 $6",
        "packageSize": "200g",
        "packagePrice": "$1.75 per 100G"
      }
    }
  },
  {
    "id": "coles-dip-spicy-capsicum",
    "brand": "Coles",
    "name": "Spicy Capsicum Dip Mild",
    "imageUrl": "https://shop.coles.com.au/wcsstore/Coles-CAS/images/8/5/8/8587253-th.jpg",
    "categories": ["entertaining-at-home", "dairy-eggs-meals"],
    "tags": ["chese-board-selections", "bread-crackers-dip"],
    "locations": {
      "vic": {
        "price": 2,
        "promoText": " ",
        "packageSize": "200g",
        "packagePrice": "$1.00 per 100G"
      }
    }
  },
  {
    "id": "red-rock-deli-dip-chunky-pesto-mozzarella-cashew",
    "brand": "Red Rock Deli",
    "name": "Basil Pesto Pecorino & Cashew Dip",
    "imageUrl": "https://shop.coles.com.au/wcsstore/Coles-CAS/images/9/9/3/9934556-th.jpg",
    "categories": ["entertaining-at-home", "dairy-eggs-meals"],
    "tags": ["chese-board-selections", "bread-crackers-dip"],
    "locations": {
      "vic": {
        "price": 4.5,
        "promoText": " ",
        "packageSize": "150g",
        "packagePrice": "$3.00 per 100G"
      }
    }
  },
  {
    "id": "yumis-dip-sweet-potato-cashews",
    "brand": "Yumi's",
    "name": "Gluten Free Classic Sweet Potato & Roasted Cashews Dip",
    "imageUrl": "https://shop.coles.com.au/wcsstore/Coles-CAS/images/6/0/0/6008650-th.jpg",
    "categories": ["entertaining-at-home", "dairy-eggs-meals"],
    "tags": ["chese-board-selections", "bread-crackers-dip"],
    "locations": {
      "vic": {
        "price": 3,
        "promoText": "$1.00 ",
        "packageSize": "200g",
        "packagePrice": "$1.50 per 100G"
      }
    }
  },
  {
    "id": "yumis-avocado-dip",
    "brand": "Yumi's",
    "name": "Gluten Free Avocado With Sea Salt Dip",
    "imageUrl": "https://shop.coles.com.au/wcsstore/Coles-CAS/images/2/0/0/2007474-th.jpg",
    "categories": ["entertaining-at-home", "dairy-eggs-meals"],
    "tags": ["chese-board-selections", "bread-crackers-dip"],
    "locations": {
      "vic": {
        "price": 3,
        "promoText": "$1.00 ",
        "packageSize": "200g",
        "packagePrice": "$1.50 per 100G"
      }
    }
  },
  {
    "id": "snappy-soya-crisps",
    "brand": "Snappy",
    "name": "Soya Crisps",
    "imageUrl": "https://shop.coles.com.au/wcsstore/Coles-CAS/images/8/5/8/8589237-th.jpg",
    "categories": ["entertaining-at-home"],
    "tags": ["chese-board-selections", "bread-crackers-dip"],
    "locations": {
      "vic": {
        "price": 3.6,
        "promoText": " ",
        "packageSize": "200g",
        "packagePrice": "$1.80 per 100G"
      }
    }
  },
  {
    "id": "yumis-mini-middle-eastern-hommus",
    "brand": "Yumi's",
    "name": "Gluten Free Classic Middle Eastern Hommus Mini 3 pack",
    "imageUrl": "https://shop.coles.com.au/wcsstore/Coles-CAS/images/3/0/3/3039410-th.jpg",
    "categories": ["entertaining-at-home", "dairy-eggs-meals"],
    "tags": ["chese-board-selections", "bread-crackers-dip"],
    "locations": {
      "vic": {
        "price": 3,
        "promoText": " ",
        "packageSize": "195g",
        "packagePrice": "$1.54 per 100G"
      }
    }
  },
  {
    "id": "coles-crackers-garlic",
    "brand": "Coles",
    "name": "Garlic Crackers",
    "imageUrl": "https://shop.coles.com.au/wcsstore/Coles-CAS/images/1/2/7/1275671-th.jpg",
    "categories": ["entertaining-at-home"],
    "tags": ["chese-board-selections", "bread-crackers-dip"],
    "locations": {
      "vic": {
        "price": 1.8,
        "promoText": " ",
        "packageSize": "200g",
        "packagePrice": "$0.90 per 100G"
      }
    }
  },
  {
    "id": "black-swan-classic-corn-relish",
    "brand": "Black Swan",
    "name": "Corn Relish",
    "imageUrl": "https://shop.coles.com.au/wcsstore/Coles-CAS/images/3/4/2/3423452-th.jpg",
    "categories": ["entertaining-at-home", "dairy-eggs-meals"],
    "tags": ["chese-board-selections", "bread-crackers-dip"],
    "locations": {
      "vic": {
        "price": 3.5,
        "promoText": "Any 2 $6",
        "packageSize": "200g",
        "packagePrice": "$1.75 per 100G"
      }
    }
  },
  {
    "id": "coles-mini-dips-hommus",
    "brand": "Coles",
    "name": "Mini Hommus Dips 3 Pack",
    "imageUrl": "https://shop.coles.com.au/wcsstore/Coles-CAS/images/9/9/3/9933757-th.jpg",
    "categories": ["entertaining-at-home", "dairy-eggs-meals"],
    "tags": ["chese-board-selections", "bread-crackers-dip"],
    "locations": {
      "vic": {
        "price": 2.5,
        "promoText": " ",
        "packageSize": "180g",
        "packagePrice": "$1.39 per 100G"
      }
    }
  },
  {
    "id": "coles-dip-french-onion",
    "brand": "Coles",
    "name": "French Onion Dip",
    "imageUrl": "https://shop.coles.com.au/wcsstore/Coles-CAS/images/6/5/3/6530743-th.jpg",
    "categories": ["entertaining-at-home", "dairy-eggs-meals"],
    "tags": ["chese-board-selections", "bread-crackers-dip"],
    "locations": {
      "vic": {
        "price": 2,
        "promoText": " ",
        "packageSize": "200g",
        "packagePrice": "$1.00 per 100G"
      }
    }
  },
  {
    "id": "obela-smooth-classic-hommus-dip",
    "brand": "Obela",
    "name": "Classic Hommus Dip",
    "imageUrl": "https://shop.coles.com.au/wcsstore/Coles-CAS/images/3/0/4/3048218-th.jpg",
    "categories": ["entertaining-at-home", "dairy-eggs-meals"],
    "tags": ["chese-board-selections", "bread-crackers-dip"],
    "locations": {
      "vic": {
        "price": 9,
        "promoText": " ",
        "packageSize": "1kg",
        "packagePrice": "$9.00 per 1Kg"
      }
    }
  },
  {
    "id": "farmers-best-dip-bacon-onion",
    "brand": "Black Swan",
    "name": "Crafted Crispy Bacon & Caramelised Onion Dip",
    "imageUrl": "https://shop.coles.com.au/wcsstore/Coles-CAS/images/9/9/8/9980190-th.jpg",
    "categories": ["entertaining-at-home", "dairy-eggs-meals"],
    "tags": ["chese-board-selections", "bread-crackers-dip"],
    "locations": {
      "vic": {
        "price": 4.3,
        "promoText": " ",
        "packageSize": "200g",
        "packagePrice": "$2.15 per 100G"
      }
    }
  },
  {
    "id": "obela-tzatziki-classic",
    "brand": "Obela",
    "name": "Classic Tzatziki With Cucumber Pieces",
    "imageUrl": "https://shop.coles.com.au/wcsstore/Coles-CAS/images/2/8/8/2882851-th.jpg",
    "categories": ["entertaining-at-home", "dairy-eggs-meals"],
    "tags": ["chese-board-selections", "bread-crackers-dip"],
    "locations": {
      "vic": {
        "price": 4.5,
        "promoText": " ",
        "packageSize": "220g",
        "packagePrice": "$2.05 per 100G"
      }
    }
  },
  {
    "id": "black-swan-dip-spring-onion",
    "brand": "Black Swan",
    "name": "Spring Onion Dip",
    "imageUrl": "https://shop.coles.com.au/wcsstore/Coles-CAS/images/6/8/2/6824290-th.jpg",
    "categories": ["entertaining-at-home", "dairy-eggs-meals"],
    "tags": ["chese-board-selections", "bread-crackers-dip"],
    "locations": {
      "vic": {
        "price": 3.5,
        "promoText": "Any 2 $6",
        "packageSize": "200g",
        "packagePrice": "$1.75 per 100G"
      }
    }
  },
  {
    "id": "coles-dip-cheese-chive",
    "brand": "Coles",
    "name": "Dip Cheese & Chive",
    "imageUrl": "https://shop.coles.com.au/wcsstore/Coles-CAS/images/2/8/7/2877498-th.jpg",
    "categories": ["entertaining-at-home", "dairy-eggs-meals"],
    "tags": ["chese-board-selections", "bread-crackers-dip"],
    "locations": {
      "vic": {
        "price": 2,
        "promoText": " ",
        "packageSize": "200g",
        "packagePrice": "$1.00 per 100G"
      }
    }
  },
  {
    "id": "coles-dips-beetroot-hommus",
    "brand": "Coles",
    "name": "Beetroot Hommus Dips",
    "imageUrl": "https://shop.coles.com.au/wcsstore/Coles-CAS/images/3/5/7/3579961-th.jpg",
    "categories": ["entertaining-at-home", "dairy-eggs-meals"],
    "tags": ["chese-board-selections", "bread-crackers-dip"],
    "locations": {
      "vic": {
        "price": 2,
        "promoText": " ",
        "packageSize": "200g",
        "packagePrice": "$1.00 per 100G"
      }
    }
  },
  {
    "id": "coles-dips-corn-relish",
    "brand": "Coles",
    "name": "Dip Corn Relish",
    "imageUrl": "https://shop.coles.com.au/wcsstore/Coles-CAS/images/3/5/7/3579928-th.jpg",
    "categories": ["entertaining-at-home", "dairy-eggs-meals"],
    "tags": ["chese-board-selections", "bread-crackers-dip"],
    "locations": {
      "vic": {
        "price": 2,
        "promoText": " ",
        "packageSize": "200g",
        "packagePrice": "$1.00 per 100G"
      }
    }
  },
  {
    "id": "kraft-philadelphia-cheese-cream-block",
    "brand": "Philadelphia",
    "name": "Original Cream Cheese Block",
    "imageUrl": "https://shop.coles.com.au/wcsstore/Coles-CAS/images/1/9/2/192502-th.jpg",
    "categories": ["entertaining-at-home", "dairy-eggs-meals"],
    "tags": ["chese-board-selections", "cheses-for-entertaining"],
    "locations": {
      "vic": {
        "price": 4.7,
        "promoText": " ",
        "packageSize": "250g",
        "packagePrice": "$1.88 per 100G"
      }
    }
  },
  {
    "id": "philadelphia-regular-cream-cheese-snacktub",
    "brand": "Philadelphia",
    "name": "Spreadable Cream Cheese Snack Tubs 4 pack",
    "imageUrl": "https://shop.coles.com.au/wcsstore/Coles-CAS/images/2/7/8/2782471-th.jpg",
    "categories": ["entertaining-at-home", "dairy-eggs-meals"],
    "tags": ["chese-board-selections", "cheses-for-entertaining"],
    "locations": {
      "vic": {
        "price": 2.8,
        "promoText": "$0.70 ",
        "packageSize": "136g",
        "packagePrice": "$2.06 per 100G"
      }
    }
  },
  {
    "id": "kraft-philadelphia-cheese-cream-spreadable",
    "brand": "Philadelphia",
    "name": "Original Spreadable Cream Cheese Tub",
    "imageUrl": "https://shop.coles.com.au/wcsstore/Coles-CAS/images/5/1/9/5196114-th.jpg",
    "categories": ["entertaining-at-home", "dairy-eggs-meals"],
    "tags": ["chese-board-selections", "cheses-for-entertaining"],
    "locations": {
      "vic": {
        "price": 3.7,
        "promoText": "$1.00 ",
        "packageSize": "250g",
        "packagePrice": "$14.80 per 1Kg"
      }
    }
  },
  {
    "id": "philadelphia-sweet-chilli-pourover",
    "brand": "Philadelphia",
    "name": "Sweet Chilli Pourover",
    "imageUrl": "https://shop.coles.com.au/wcsstore/Coles-CAS/images/3/2/7/3274487-th.jpg",
    "categories": ["entertaining-at-home", "dairy-eggs-meals"],
    "tags": ["chese-board-selections", "cheses-for-entertaining"],
    "locations": {
      "vic": {
        "price": 4,
        "promoText": " ",
        "packageSize": "150g",
        "packagePrice": "$26.67 per 1Kg"
      }
    }
  },
  {
    "id": "philadelphia-cream-for-cooking-regular",
    "brand": "Philadelphia",
    "name": "Cream For Cooking Cream Cheese",
    "imageUrl": "https://shop.coles.com.au/wcsstore/Coles-CAS/images/3/2/7/3275832-th.jpg",
    "categories": ["entertaining-at-home", "dairy-eggs-meals"],
    "tags": ["chese-board-selections", "cheses-for-entertaining"],
    "locations": {
      "vic": {
        "price": 3.3,
        "promoText": " ",
        "packageSize": "250mL",
        "packagePrice": "$1.32 per 100mL"
      }
    }
  },
  {
    "id": "kraft-philadelphia-cheese-cream-spreadable-2-pack",
    "brand": "Philadelphia",
    "name": "Original Cream Cheese Block 2 pack",
    "imageUrl": "https://shop.coles.com.au/wcsstore/Coles-CAS/images/5/0/8/5081291-th.jpg",
    "categories": ["entertaining-at-home", "dairy-eggs-meals"],
    "tags": ["chese-board-selections", "cheses-for-entertaining"],
    "locations": {
      "vic": {
        "price": 8.5,
        "promoText": " ",
        "packageSize": "500g",
        "packagePrice": "$17.00 per 1Kg"
      }
    }
  },
  {
    "id": "coles-cheese-feta-danish-style",
    "brand": "Coles",
    "name": "Danish Style Fetta Cheese",
    "imageUrl": "https://shop.coles.com.au/wcsstore/Coles-CAS/images/9/8/0/9808405-th.jpg",
    "categories": ["entertaining-at-home", "dairy-eggs-meals"],
    "tags": ["chese-board-selections", "cheses-for-entertaining"],
    "locations": {
      "vic": {
        "price": 3,
        "promoText": " ",
        "packageSize": "200g",
        "packagePrice": "$15.00 per 1Kg"
      }
    }
  },
  {
    "id": "bega-cheese-stringers-12-pack",
    "brand": "Bega",
    "name": "Stringers Original Cheese 12 Pack",
    "imageUrl": "https://shop.coles.com.au/wcsstore/Coles-CAS/images/6/0/8/6081118-th.jpg",
    "categories": ["entertaining-at-home", "dairy-eggs-meals"],
    "tags": ["chese-board-selections", "cheses-for-entertaining"],
    "locations": {
      "vic": {
        "price": 7.35,
        "promoText": " ",
        "packageSize": "240g",
        "packagePrice": "$3.06 per 100G"
      }
    }
  },
  {
    "id": "castello-cheese-blue",
    "brand": "Castello",
    "name": "Blue Cheese",
    "imageUrl": "https://shop.coles.com.au/wcsstore/Coles-CAS/images/2/1/2/212188-th.jpg",
    "categories": ["entertaining-at-home", "dairy-eggs-meals"],
    "tags": ["chese-board-selections", "cheses-for-entertaining"],
    "locations": {
      "vic": {
        "price": 6,
        "promoText": "Was $7.20 on May 2018 ",
        "packageSize": "150g",
        "packagePrice": "$40.00 per 1Kg"
      }
    }
  },
  {
    "id": "coles-cheese-bocconcini-mild",
    "brand": "Coles",
    "name": "Cherry Bocconcini",
    "imageUrl": "https://shop.coles.com.au/wcsstore/Coles-CAS/images/7/7/8/7781192-th.jpg",
    "categories": ["entertaining-at-home", "dairy-eggs-meals"],
    "tags": ["chese-board-selections", "cheses-for-entertaining"],
    "locations": {
      "vic": {
        "price": 4,
        "promoText": " ",
        "packageSize": "220g",
        "packagePrice": "$1.82 per 100G"
      }
    }
  },
  {
    "id": "coles-cheese-feta-australian-style",
    "brand": "Coles",
    "name": "Australian Style Fetta Cheese",
    "imageUrl": "https://shop.coles.com.au/wcsstore/Coles-CAS/images/9/8/0/9808755-th.jpg",
    "categories": ["entertaining-at-home", "dairy-eggs-meals"],
    "tags": ["chese-board-selections", "cheses-for-entertaining"],
    "locations": {
      "vic": {
        "price": 3,
        "promoText": " ",
        "packageSize": "200g",
        "packagePrice": "$15.00 per 1Kg"
      }
    }
  },
  {
    "id": "coles-australian-string-cheese",
    "brand": "Coles",
    "name": "Cheesey Peelers 8 Pack",
    "imageUrl": "https://shop.coles.com.au/wcsstore/Coles-CAS/images/1/9/2/1922713-th.jpg",
    "categories": ["entertaining-at-home", "dairy-eggs-meals"],
    "tags": ["chese-board-selections", "cheses-for-entertaining"],
    "locations": {
      "vic": {
        "price": 3.9,
        "promoText": " ",
        "packageSize": "160g",
        "packagePrice": "$24.38 per 1Kg"
      }
    }
  },
  {
    "id": "coles-cypriot-haloumi-with-mint",
    "brand": "Coles",
    "name": "Cypriot Mint Halloumi",
    "imageUrl": "https://shop.coles.com.au/wcsstore/Coles-CAS/images/2/1/7/2173917-th.jpg",
    "categories": ["entertaining-at-home", "dairy-eggs-meals"],
    "tags": ["chese-board-selections", "cheses-for-entertaining"],
    "locations": {
      "vic": {
        "price": 5.25,
        "promoText": " ",
        "packageSize": "250g",
        "packagePrice": "$21.00 per 1Kg"
      }
    }
  },
  {
    "id": "perfect-italiano-cheese-ricotta-smooth-181594p",
    "brand": "Perfect Italiano",
    "name": "Smooth Ricotta Cheese Tub",
    "imageUrl": "https://shop.coles.com.au/wcsstore/Coles-CAS/images/1/8/1/181594-th.jpg",
    "categories": ["entertaining-at-home", "dairy-eggs-meals"],
    "tags": ["chese-board-selections", "cheses-for-entertaining"],
    "locations": {
      "vic": {
        "price": 3.5,
        "promoText": "$0.80 ",
        "packageSize": "250g",
        "packagePrice": "$14.00 per 1Kg"
      }
    }
  },
  {
    "id": "la-casa-del-formaggio-cheese-bocconcini-bambino",
    "brand": "La Casa Del Formaggio",
    "name": "Bambini Bocconcini",
    "imageUrl": "https://shop.coles.com.au/wcsstore/Coles-CAS/images/4/5/3/4537253-th.jpg",
    "categories": ["entertaining-at-home", "dairy-eggs-meals"],
    "tags": ["chese-board-selections", "cheses-for-entertaining"],
    "locations": {
      "vic": {
        "price": 5,
        "promoText": " ",
        "packageSize": "220g",
        "packagePrice": "$22.73 per 1Kg"
      }
    }
  },
  {
    "id": "la-casa-del-formaggio-fresh-mozzarella",
    "brand": "La Casa Del Formaggio",
    "name": "Mozzarella Cheese",
    "imageUrl": "https://shop.coles.com.au/wcsstore/Coles-CAS/images/2/4/6/2462186-th.jpg",
    "categories": ["entertaining-at-home", "dairy-eggs-meals"],
    "tags": ["chese-board-selections", "cheses-for-entertaining"],
    "locations": {
      "vic": {
        "price": 5,
        "promoText": " ",
        "packageSize": "200g",
        "packagePrice": "$25.00 per 1Kg"
      }
    }
  },
  {
    "id": "meredith-dairy-marinated-goat-cheese-6671042p",
    "brand": "Meredith Dairy",
    "name": "Marinated Goat Cheese",
    "imageUrl": "https://shop.coles.com.au/wcsstore/Coles-CAS/images/6/6/7/6671042-th.jpg",
    "categories": ["entertaining-at-home", "meat-seafood-deli"],
    "tags": ["chese-board-selections", "cheses-for-entertaining"],
    "locations": {
      "vic": {
        "price": 13,
        "promoText": " ",
        "packageSize": "320g",
        "packagePrice": "$40.63 per 1Kg"
      }
    }
  },
  {
    "id": "bega-cheese-snack-tasty-sticks-8-pack",
    "brand": "Bega",
    "name": "Tasty Cheese Sticks 8 pack",
    "imageUrl": "https://shop.coles.com.au/wcsstore/Coles-CAS/images/7/8/8/7881754-th.jpg",
    "categories": ["entertaining-at-home", "dairy-eggs-meals"],
    "tags": ["chese-board-selections", "cheses-for-entertaining"],
    "locations": {
      "vic": {
        "price": 5.5,
        "promoText": " ",
        "packageSize": "160g",
        "packagePrice": "$34.38 per 1Kg"
      }
    }
  },
  {
    "id": "bega-cheese-snack-stringers-8-pack",
    "brand": "Bega",
    "name": "Stringers Original Cheese 8 pack",
    "imageUrl": "https://shop.coles.com.au/wcsstore/Coles-CAS/images/7/3/2/7325863-th.jpg",
    "categories": ["entertaining-at-home", "dairy-eggs-meals"],
    "tags": ["chese-board-selections", "cheses-for-entertaining"],
    "locations": {
      "vic": {
        "price": 5.5,
        "promoText": " ",
        "packageSize": "160g",
        "packagePrice": "$3.44 per 100G"
      }
    }
  },
  {
    "id": "coles-cheese-cream-spreadable",
    "brand": "Coles",
    "name": "Cream Cheese Spread",
    "imageUrl": "https://shop.coles.com.au/wcsstore/Coles-CAS/images/7/5/0/7504647-th.jpg",
    "categories": ["entertaining-at-home", "dairy-eggs-meals"],
    "tags": ["chese-board-selections", "cheses-for-entertaining"],
    "locations": {
      "vic": {
        "price": 2.75,
        "promoText": " ",
        "packageSize": "250g",
        "packagePrice": "$11.00 per 1Kg"
      }
    }
  },
  {
    "id": "coles-cheese-brie-wrapped",
    "brand": "Coles",
    "name": "Wrapped Cheese Brie",
    "imageUrl": "https://shop.coles.com.au/wcsstore/Coles-CAS/images/6/1/6/6169489-th.jpg",
    "categories": ["entertaining-at-home", "dairy-eggs-meals"],
    "tags": ["chese-board-selections", "cheses-for-entertaining"],
    "locations": {
      "vic": {
        "price": 3,
        "promoText": " ",
        "packageSize": "125g",
        "packagePrice": "$24.00 per 1Kg"
      }
    }
  },
  {
    "id": "dodoni-haloumi",
    "brand": "Dodoni",
    "name": "Halloumi Cyprus Cheese",
    "imageUrl": "https://shop.coles.com.au/wcsstore/Coles-CAS/images/1/8/4/1843435-th.jpg",
    "categories": ["entertaining-at-home", "dairy-eggs-meals"],
    "tags": ["chese-board-selections", "cheses-for-entertaining"],
    "locations": {
      "vic": {
        "price": 7,
        "promoText": " ",
        "packageSize": "225g",
        "packagePrice": "$3.11 per 100G"
      }
    }
  },
  {
    "id": "merediths-goats-cheese",
    "brand": "Meredith Dairy",
    "name": "Marinated Goats Cheese",
    "imageUrl": "https://shop.coles.com.au/wcsstore/Coles-CAS/images/3/2/7/3275854-th.jpg",
    "categories": ["entertaining-at-home", "dairy-eggs-meals"],
    "tags": ["chese-board-selections", "cheses-for-entertaining"],
    "locations": {
      "vic": {
        "price": 20,
        "promoText": " ",
        "packageSize": "550g",
        "packagePrice": "$36.36 per 1Kg"
      }
    }
  },
  {
    "id": "kraft-philadelphia-cheese-cream-spreadable-light-350057p",
    "brand": "Philadelphia",
    "name": "Light Spreadable Cream Cheese Tub",
    "imageUrl": "https://shop.coles.com.au/wcsstore/Coles-CAS/images/3/5/0/350057-th.jpg",
    "categories": ["entertaining-at-home", "dairy-eggs-meals"],
    "tags": ["chese-board-selections", "cheses-for-entertaining"],
    "locations": {
      "vic": {
        "price": 3.7,
        "promoText": "$1.00 ",
        "packageSize": "250g",
        "packagePrice": "$14.80 per 1Kg"
      }
    }
  },
  {
    "id": "coles-cheese-camembert-wrapped",
    "brand": "Coles",
    "name": "Wrapped Camembert Cheese",
    "imageUrl": "https://shop.coles.com.au/wcsstore/Coles-CAS/images/6/1/6/6169580-th.jpg",
    "categories": ["entertaining-at-home", "dairy-eggs-meals"],
    "tags": ["chese-board-selections", "cheses-for-entertaining"],
    "locations": {
      "vic": {
        "price": 3,
        "promoText": " ",
        "packageSize": "125g",
        "packagePrice": "$2.40 per 100G"
      }
    }
  },
  {
    "id": "lemnos-cheese-haloumi-cyprus-style",
    "brand": "Lemnos",
    "name": "Cyprus Style Cheese Haloumi",
    "imageUrl": "https://shop.coles.com.au/wcsstore/Coles-CAS/images/8/8/5/8857507-th.jpg",
    "categories": ["entertaining-at-home", "dairy-eggs-meals"],
    "tags": ["chese-board-selections", "cheses-for-entertaining"],
    "locations": {
      "vic": {
        "price": 5.5,
        "promoText": "$1.50 ",
        "packageSize": "180g",
        "packagePrice": "$30.56 per 1Kg"
      }
    }
  },
  {
    "id": "castello-cheese-brie-white",
    "brand": "Castello",
    "name": "Double Cream Brie",
    "imageUrl": "https://shop.coles.com.au/wcsstore/Coles-CAS/images/5/4/2/5429766-th.jpg",
    "categories": ["entertaining-at-home", "dairy-eggs-meals"],
    "tags": ["chese-board-selections", "cheses-for-entertaining"],
    "locations": {
      "vic": {
        "price": 6,
        "promoText": "Was $7.20 on May 2018 ",
        "packageSize": "150g",
        "packagePrice": "$40.00 per 1Kg"
      }
    }
  },
  {
    "id": "jarlsberg-cheese-block",
    "brand": "Jarlsberg",
    "name": "Original Cheese Block",
    "imageUrl": "https://shop.coles.com.au/wcsstore/Coles-CAS/images/5/1/7/5170008-th.jpg",
    "categories": ["entertaining-at-home", "dairy-eggs-meals"],
    "tags": ["chese-board-selections", "cheses-for-entertaining"],
    "locations": {
      "vic": {
        "price": 7.7,
        "promoText": " ",
        "packageSize": "250g",
        "packagePrice": "$30.80 per 1Kg"
      }
    }
  },
  {
    "id": "lemnos-twin-packs-haloumi",
    "brand": "Lemnos",
    "name": "Cyprus Style Cheese Haloumi 2 Pack",
    "imageUrl": "https://shop.coles.com.au/wcsstore/Coles-CAS/images/3/2/7/3273189-th.jpg",
    "categories": ["entertaining-at-home", "dairy-eggs-meals"],
    "tags": ["chese-board-selections", "cheses-for-entertaining"],
    "locations": {
      "vic": {
        "price": 7.5,
        "promoText": " ",
        "packageSize": "200g",
        "packagePrice": "$37.50 per 1Kg"
      }
    }
  },
  {
    "id": "mersey-valley-vintage-club-cheese-cheddar-classic",
    "brand": "Mersey Valley",
    "name": "Classic Cheddar Cheese",
    "imageUrl": "https://shop.coles.com.au/wcsstore/Coles-CAS/images/4/5/1/4513200-th.jpg",
    "categories": ["entertaining-at-home", "dairy-eggs-meals"],
    "tags": ["chese-board-selections", "cheses-for-entertaining"],
    "locations": {
      "vic": {
        "price": 7.9,
        "promoText": " ",
        "packageSize": "235g",
        "packagePrice": "$33.62 per 1Kg"
      }
    }
  },
  {
    "id": "president-double-brie",
    "brand": "President",
    "name": "Double Brie",
    "imageUrl": "https://shop.coles.com.au/wcsstore/Coles-CAS/images/2/2/7/2274346-th.jpg",
    "categories": ["entertaining-at-home", "dairy-eggs-meals"],
    "tags": ["chese-board-selections", "cheses-for-entertaining"],
    "locations": {
      "vic": {
        "price": 5,
        "promoText": "$2.00 ",
        "packageSize": "200g",
        "packagePrice": "$25.00 per 1Kg"
      }
    }
  },
  {
    "id": "castello-fetta-cubes-in-brine",
    "brand": "Castello",
    "name": "Fetta Cubes In Brine",
    "imageUrl": "https://shop.coles.com.au/wcsstore/Coles-CAS/images/3/2/7/3272889-th.jpg",
    "categories": ["entertaining-at-home", "dairy-eggs-meals"],
    "tags": ["chese-board-selections", "cheses-for-entertaining"],
    "locations": {
      "vic": {
        "price": 4.5,
        "promoText": "$0.50 ",
        "packageSize": "430g",
        "packagePrice": "$10.47 per 1Kg"
      }
    }
  },
  {
    "id": "coles-traditional-bocconcini",
    "brand": "Coles",
    "name": "Traditional Bocconcini",
    "imageUrl": "https://shop.coles.com.au/wcsstore/Coles-CAS/images/2/4/6/2466460-th.jpg",
    "categories": ["entertaining-at-home", "dairy-eggs-meals"],
    "tags": ["chese-board-selections", "cheses-for-entertaining"],
    "locations": {
      "vic": {
        "price": 4,
        "promoText": " ",
        "packageSize": "210g",
        "packagePrice": "$19.05 per 1Kg"
      }
    }
  },
  {
    "id": "dodoni-cheese-feta-greek-9728587p",
    "brand": "Dodoni",
    "name": "Greek Fetta Cheese",
    "imageUrl": "https://shop.coles.com.au/wcsstore/Coles-CAS/images/9/7/2/9728587-th.jpg",
    "categories": ["entertaining-at-home", "dairy-eggs-meals"],
    "tags": ["chese-board-selections", "cheses-for-entertaining"],
    "locations": {
      "vic": {
        "price": 12,
        "promoText": "Was $16.00 on Nov 2017 ",
        "packageSize": "400g",
        "packagePrice": "$30.00 per 1Kg"
      }
    }
  },
  {
    "id": "lemnos-twin-pack-smooth-fetta",
    "brand": "Lemnos",
    "name": "Smooth Fetta 2 Pack",
    "imageUrl": "https://shop.coles.com.au/wcsstore/Coles-CAS/images/3/2/7/3273098-th.jpg",
    "categories": ["entertaining-at-home", "dairy-eggs-meals"],
    "tags": ["chese-board-selections", "cheses-for-entertaining"],
    "locations": {
      "vic": {
        "price": 5,
        "promoText": "$1.50 ",
        "packageSize": "200g",
        "packagePrice": "$25.00 per 1Kg"
      }
    }
  },
  {
    "id": "yarra-valley-persian-fetta",
    "brand": "Yarra Valley",
    "name": "Persian Fetta Cheese",
    "imageUrl": "https://shop.coles.com.au/wcsstore/Coles-CAS/images/2/7/9/2791280-th.jpg",
    "categories": ["entertaining-at-home", "dairy-eggs-meals"],
    "tags": ["chese-board-selections", "cheses-for-entertaining"],
    "locations": {
      "vic": {
        "price": 10,
        "promoText": " ",
        "packageSize": "350g",
        "packagePrice": "$28.57 per 1Kg"
      }
    }
  },
  {
    "id": "coles-brand-light-smooth-ricotta",
    "brand": "Coles",
    "name": "Light Smooth Ricotta",
    "imageUrl": "https://shop.coles.com.au/wcsstore/Coles-CAS/images/2/2/1/2212688-th.jpg",
    "categories": ["entertaining-at-home", "dairy-eggs-meals"],
    "tags": ["chese-board-selections", "cheses-for-entertaining"],
    "locations": {
      "vic": {
        "price": 3,
        "promoText": " ",
        "packageSize": "375g",
        "packagePrice": "$0.80 per 100G"
      }
    }
  },
  {
    "id": "coles-brand-smooth-ricotta-375g",
    "brand": "Coles",
    "name": "Smooth Ricotta",
    "imageUrl": "https://shop.coles.com.au/wcsstore/Coles-CAS/images/2/2/1/2212666-th.jpg",
    "categories": ["entertaining-at-home", "dairy-eggs-meals"],
    "tags": ["chese-board-selections", "cheses-for-entertaining"],
    "locations": {
      "vic": {
        "price": 3,
        "promoText": " ",
        "packageSize": "375g",
        "packagePrice": "$8.00 per 1Kg"
      }
    }
  },
  {
    "id": "south-cape-cheese-feta-greek",
    "brand": "South Cape",
    "name": "Greek Style Fetta",
    "imageUrl": "https://shop.coles.com.au/wcsstore/Coles-CAS/images/6/4/1/6416861-th.jpg",
    "categories": ["entertaining-at-home", "dairy-eggs-meals"],
    "tags": ["chese-board-selections", "cheses-for-entertaining"],
    "locations": {
      "vic": {
        "price": 5,
        "promoText": "Was $6.00 on Jun 2020 ",
        "packageSize": "200g",
        "packagePrice": "$25.00 per 1Kg"
      }
    }
  },
  {
    "id": "coles-french-goats-cheese",
    "brand": "Coles",
    "name": "Goat's Cheese",
    "imageUrl": "https://shop.coles.com.au/wcsstore/Coles-CAS/images/3/2/7/3275978-th.jpg",
    "categories": ["entertaining-at-home", "dairy-eggs-meals"],
    "tags": ["chese-board-selections", "cheses-for-entertaining"],
    "locations": {
      "vic": {
        "price": 4,
        "promoText": " ",
        "packageSize": "110g",
        "packagePrice": "$3.64 per 100G"
      }
    }
  },
  {
    "id": "jarlsberg-cheese-block-swiss-wedge",
    "brand": "Jarlsberg",
    "name": "Original Cheese Wedge",
    "imageUrl": "https://shop.coles.com.au/wcsstore/Coles-CAS/images/7/2/1/7214771-th.jpg",
    "categories": ["entertaining-at-home", "dairy-eggs-meals"],
    "tags": ["chese-board-selections", "cheses-for-entertaining"],
    "locations": {
      "vic": {
        "price": 7.7,
        "promoText": " ",
        "packageSize": "250g",
        "packagePrice": "$30.80 per 1Kg"
      }
    }
  },
  {
    "id": "castello-creamy-blue",
    "brand": "Castello",
    "name": "Creamy Blue Cheese",
    "imageUrl": "https://shop.coles.com.au/wcsstore/Coles-CAS/images/3/3/0/3301830-th.jpg",
    "categories": ["entertaining-at-home", "dairy-eggs-meals"],
    "tags": ["chese-board-selections", "cheses-for-entertaining"],
    "locations": {
      "vic": {
        "price": 11.5,
        "promoText": " ",
        "packageSize": "300g",
        "packagePrice": "$3.83 per 100G"
      }
    }
  },
  {
    "id": "coles-marinated-danish-fetta",
    "brand": "Coles",
    "name": "Marinated Danish Fetta",
    "imageUrl": "https://shop.coles.com.au/wcsstore/Coles-CAS/images/2/4/6/2466450-th.jpg",
    "categories": ["entertaining-at-home", "dairy-eggs-meals"],
    "tags": ["chese-board-selections", "cheses-for-entertaining"],
    "locations": {
      "vic": {
        "price": 5.3,
        "promoText": " ",
        "packageSize": "300g",
        "packagePrice": "$17.67 per 1Kg"
      }
    }
  },
  {
    "id": "jindi-cheese-camembert",
    "brand": "Jindi",
    "name": "Cheese Camembert",
    "imageUrl": "https://shop.coles.com.au/wcsstore/Coles-CAS/images/6/7/2/6725811-th.jpg",
    "categories": ["entertaining-at-home", "dairy-eggs-meals"],
    "tags": ["chese-board-selections", "cheses-for-entertaining"],
    "locations": {
      "vic": {
        "price": 7,
        "promoText": "Was $8.00 on May 2018 ",
        "packageSize": "200g",
        "packagePrice": "$35.00 per 1Kg"
      }
    }
  },
  {
    "id": "jindi-triple-cream-brie",
    "brand": "Jindi",
    "name": "Triple Cream Brie",
    "imageUrl": "https://shop.coles.com.au/wcsstore/Coles-CAS/images/8/1/1/8118740-th.jpg",
    "categories": ["entertaining-at-home", "dairy-eggs-meals"],
    "tags": ["chese-board-selections", "cheses-for-entertaining"],
    "locations": {
      "vic": {
        "price": 7,
        "promoText": "Was $8.00 on May 2018 ",
        "packageSize": "180g",
        "packagePrice": "$38.89 per 1Kg"
      }
    }
  },
  {
    "id": "lemnos-foods-cheese-haloumi-salt-reduced",
    "brand": "Lemnos",
    "name": "Cyprus Style Haloumi Cheese",
    "imageUrl": "https://shop.coles.com.au/wcsstore/Coles-CAS/images/1/4/6/1464357-th.jpg",
    "categories": ["entertaining-at-home", "dairy-eggs-meals"],
    "tags": ["chese-board-selections", "cheses-for-entertaining"],
    "locations": {
      "vic": {
        "price": 5.5,
        "promoText": "$1.50 ",
        "packageSize": "180g",
        "packagePrice": "$3.06 per 100G"
      }
    }
  },
  {
    "id": "lemnos-foods-cheese-fetta-portion-pack-2-pack",
    "brand": "Lemnos",
    "name": "Traditional Fetta Cheese 2 pack",
    "imageUrl": "https://shop.coles.com.au/wcsstore/Coles-CAS/images/1/4/6/1464346-th.jpg",
    "categories": ["entertaining-at-home", "dairy-eggs-meals"],
    "tags": ["chese-board-selections", "cheses-for-entertaining"],
    "locations": {
      "vic": {
        "price": 5,
        "promoText": "$1.50 ",
        "packageSize": "200g",
        "packagePrice": "$2.50 per 100G"
      }
    }
  },
  {
    "id": "liddells-lactose-free-spreadable-cream-cheese",
    "brand": "Liddells",
    "name": "Lactose Free Spreadable Cream Cheese",
    "imageUrl": "https://shop.coles.com.au/wcsstore/Coles-CAS/images/1/8/2/1828395-th.jpg",
    "categories": ["entertaining-at-home", "dairy-eggs-meals"],
    "tags": ["chese-board-selections", "cheses-for-entertaining"],
    "locations": {
      "vic": {
        "price": 4.4,
        "promoText": " ",
        "packageSize": "250g",
        "packagePrice": "$17.60 per 1Kg"
      }
    }
  },
  {
    "id": "mainland-on-the-go-cheese-tasty-crackers",
    "brand": "Mainland",
    "name": "On The Go Tasty Cheese & Crackers 4 Pack",
    "imageUrl": "https://shop.coles.com.au/wcsstore/Coles-CAS/images/5/4/1/5415670-th.jpg",
    "categories": ["entertaining-at-home", "dairy-eggs-meals"],
    "tags": ["chese-board-selections", "cheses-for-entertaining"],
    "locations": {
      "vic": {
        "price": 6,
        "promoText": " ",
        "packageSize": "120g",
        "packagePrice": ""
      }
    }
  },
  {
    "id": "mersey-valley-vintage-club-cheese-cheddar-pickled-onion",
    "brand": "Mersey Valley",
    "name": "Pickled Onion Cheddar Cheese",
    "imageUrl": "https://shop.coles.com.au/wcsstore/Coles-CAS/images/6/5/3/6533060-th.jpg",
    "categories": ["entertaining-at-home", "dairy-eggs-meals"],
    "tags": ["chese-board-selections", "cheses-for-entertaining"],
    "locations": {
      "vic": {
        "price": 7.9,
        "promoText": " ",
        "packageSize": "235g",
        "packagePrice": "$33.62 per 1Kg"
      }
    }
  },
  {
    "id": "my-life-biocheese-cheddar-slices",
    "brand": "My Life",
    "name": "Bio Cheese Dairy Free Cheddar Flavour Slices",
    "imageUrl": "https://shop.coles.com.au/wcsstore/Coles-CAS/images/3/2/7/3274782-th.jpg",
    "categories": ["entertaining-at-home", "dairy-eggs-meals"],
    "tags": ["chese-board-selections", "cheses-for-entertaining"],
    "locations": {
      "vic": {
        "price": 8,
        "promoText": " ",
        "packageSize": "200g",
        "packagePrice": "$40.00 per 1Kg"
      }
    }
  },
  {
    "id": "merediths-goats-cheese-chevre",
    "brand": "Meredith Dairy",
    "name": "Fresh Chevre Goat Cheese",
    "imageUrl": "https://shop.coles.com.au/wcsstore/Coles-CAS/images/3/2/7/3275945-th.jpg",
    "categories": ["entertaining-at-home", "dairy-eggs-meals"],
    "tags": ["chese-board-selections", "cheses-for-entertaining"],
    "locations": {
      "vic": {
        "price": 5,
        "promoText": " ",
        "packageSize": "80g",
        "packagePrice": "$62.50 per 1Kg"
      }
    }
  },
  {
    "id": "mersey-valley-vintage-club-cheddar",
    "brand": "Mersey Valley",
    "name": "Original Cheddar Cheese",
    "imageUrl": "https://shop.coles.com.au/wcsstore/Coles-CAS/images/6/5/8/6580253-th.jpg",
    "categories": ["entertaining-at-home", "dairy-eggs-meals"],
    "tags": ["chese-board-selections", "cheses-for-entertaining"],
    "locations": {
      "vic": {
        "price": 4.7,
        "promoText": "$1.60 ",
        "packageSize": "180g",
        "packagePrice": "$26.11 per 1Kg"
      }
    }
  },
  {
    "id": "mersey-valley-cheese-cheddar-original",
    "brand": "Mersey Valley",
    "name": "Original Cheddar Cheese",
    "imageUrl": "https://shop.coles.com.au/wcsstore/Coles-CAS/images/6/5/3/6533005-th.jpg",
    "categories": ["entertaining-at-home", "dairy-eggs-meals"],
    "tags": ["chese-board-selections", "cheses-for-entertaining"],
    "locations": {
      "vic": {
        "price": 7.9,
        "promoText": " ",
        "packageSize": "235g",
        "packagePrice": "$33.62 per 1Kg"
      }
    }
  },
  {
    "id": "perfect-italiano-cheese-ricotta-smooth",
    "brand": "Perfect Italiano",
    "name": "Ricotta",
    "imageUrl": "https://shop.coles.com.au/wcsstore/Coles-CAS/images/6/8/3/68321-th.jpg",
    "categories": ["entertaining-at-home", "dairy-eggs-meals"],
    "tags": ["chese-board-selections", "cheses-for-entertaining"],
    "locations": {
      "vic": {
        "price": 6.25,
        "promoText": " ",
        "packageSize": "500g",
        "packagePrice": "$1.25 per 100G"
      }
    }
  },
  {
    "id": "south-cape-cheese-wedge-gouda",
    "brand": "South Cape",
    "name": "Mellow & Creamy Gouda Cheese Wedge",
    "imageUrl": "https://shop.coles.com.au/wcsstore/Coles-CAS/images/7/7/6/7768434-th.jpg",
    "categories": ["entertaining-at-home", "dairy-eggs-meals"],
    "tags": ["chese-board-selections", "cheses-for-entertaining"],
    "locations": {
      "vic": {
        "price": 4.7,
        "promoText": "$1.70 ",
        "packageSize": "200g",
        "packagePrice": "$23.50 per 1Kg"
      }
    }
  },
  {
    "id": "lemnos-cheese-haloumi-organic",
    "brand": "Lemnos",
    "name": "Organic Haloumi",
    "imageUrl": "https://shop.coles.com.au/wcsstore/Coles-CAS/images/4/9/9/4998880-th.jpg",
    "categories": ["entertaining-at-home", "dairy-eggs-meals"],
    "tags": ["chese-board-selections", "cheses-for-entertaining"],
    "locations": {
      "vic": {
        "price": 5.5,
        "promoText": "$1.50 ",
        "packageSize": "180g",
        "packagePrice": "$30.56 per 1Kg"
      }
    }
  },
  {
    "id": "mainland-cheese-and-rice-crackers-4pk",
    "brand": "Mainland",
    "name": "Munchables Tasty Cheese & Rice Crackers 4 Pack",
    "imageUrl": "https://shop.coles.com.au/wcsstore/Coles-CAS/images/3/2/7/3273597-th.jpg",
    "categories": ["entertaining-at-home", "dairy-eggs-meals"],
    "tags": ["chese-board-selections", "cheses-for-entertaining"],
    "locations": {
      "vic": {
        "price": 6,
        "promoText": " ",
        "packageSize": "96g",
        "packagePrice": ""
      }
    }
  },
  {
    "id": "mersey-valley-vintage-club-cheese-cheddar-extra-tasty",
    "brand": "Mersey Valley",
    "name": "Classic Cheddar Cheese",
    "imageUrl": "https://shop.coles.com.au/wcsstore/Coles-CAS/images/6/5/8/6580526-th.jpg",
    "categories": ["entertaining-at-home", "dairy-eggs-meals"],
    "tags": ["chese-board-selections", "cheses-for-entertaining"],
    "locations": {
      "vic": {
        "price": 4.7,
        "promoText": "$1.60 ",
        "packageSize": "180g",
        "packagePrice": "$26.11 per 1Kg"
      }
    }
  },
  {
    "id": "south-cape-cheese-wedge-havarti",
    "brand": "South Cape",
    "name": "Buttery & Tangy Havarti Cheese Wedge",
    "imageUrl": "https://shop.coles.com.au/wcsstore/Coles-CAS/images/7/7/6/7768365-th.jpg",
    "categories": ["entertaining-at-home", "dairy-eggs-meals"],
    "tags": ["chese-board-selections", "cheses-for-entertaining"],
    "locations": {
      "vic": {
        "price": 4.7,
        "promoText": "$1.70 ",
        "packageSize": "200g",
        "packagePrice": "$23.50 per 1Kg"
      }
    }
  },
  {
    "id": "south-cape-cheese-feta-greek-reduced-fat",
    "brand": "South Cape",
    "name": "Reduced Fat Greek Style Fetta",
    "imageUrl": "https://shop.coles.com.au/wcsstore/Coles-CAS/images/6/4/1/6416883-th.jpg",
    "categories": ["entertaining-at-home", "dairy-eggs-meals"],
    "tags": ["chese-board-selections", "cheses-for-entertaining"],
    "locations": {
      "vic": {
        "price": 5,
        "promoText": "Was $6.00 on Jun 2020 ",
        "packageSize": "200g",
        "packagePrice": "$25.00 per 1Kg"
      }
    }
  },
  {
    "id": "tasmanian-heritage-cheese-brie",
    "brand": "Tasmanian Heritage",
    "name": "Double Brie",
    "imageUrl": "https://shop.coles.com.au/wcsstore/Coles-CAS/images/6/0/7/6079127-th.jpg",
    "categories": ["entertaining-at-home", "dairy-eggs-meals"],
    "tags": ["chese-board-selections", "cheses-for-entertaining"],
    "locations": {
      "vic": {
        "price": 11.8,
        "promoText": " ",
        "packageSize": "250g",
        "packagePrice": "$47.20 per 1Kg"
      }
    }
  },
  {
    "id": "bega-cheese-snack-cheddar-stringers-12-pack",
    "brand": "Bega",
    "name": "Stringers Cheddar Cheese 8 pack",
    "imageUrl": "https://shop.coles.com.au/wcsstore/Coles-CAS/images/7/6/2/7626699-th.jpg",
    "categories": ["entertaining-at-home", "dairy-eggs-meals"],
    "tags": ["chese-board-selections", "cheses-for-entertaining"],
    "locations": {
      "vic": {
        "price": 5.5,
        "promoText": " ",
        "packageSize": "160g",
        "packagePrice": "$34.38 per 1Kg"
      }
    }
  },
  {
    "id": "chrystal-fresh-cheese-platter-australian-selections",
    "brand": "Chrystal Fresh",
    "name": "Multi Variety Selection Cheeseboard",
    "imageUrl": "https://shop.coles.com.au/wcsstore/Coles-CAS/images/8/9/9/8997754-th.jpg",
    "categories": [
      "entertaining-at-home",
      "meat-seafood-deli",
      "dairy-eggs-meals"
    ],
    "tags": ["chese-board-selections", "cheses-for-entertaining"],
    "locations": {
      "vic": {
        "price": 10.5,
        "promoText": " ",
        "packageSize": "275g",
        "packagePrice": "$38.18 per 1Kg"
      }
    }
  },
  {
    "id": "coles-cheese-cream-spreadable-lite",
    "brand": "Coles",
    "name": "Cream Cheese Lite",
    "imageUrl": "https://shop.coles.com.au/wcsstore/Coles-CAS/images/8/5/8/8588926-th.jpg",
    "categories": ["entertaining-at-home", "dairy-eggs-meals"],
    "tags": ["chese-board-selections", "cheses-for-entertaining"],
    "locations": {
      "vic": {
        "price": 2.75,
        "promoText": " ",
        "packageSize": "250g",
        "packagePrice": "$11.00 per 1Kg"
      }
    }
  },
  {
    "id": "mainland-munchables-cheese-snack-tasty-biscuits",
    "brand": "Mainland",
    "name": "Munchables Tasty Cheese & Crackers 4 pack",
    "imageUrl": "https://shop.coles.com.au/wcsstore/Coles-CAS/images/6/5/7/6577500-th.jpg",
    "categories": ["entertaining-at-home", "dairy-eggs-meals"],
    "tags": ["chese-board-selections", "cheses-for-entertaining"],
    "locations": {
      "vic": {
        "price": 6,
        "promoText": " ",
        "packageSize": "120g",
        "packagePrice": ""
      }
    }
  },
  {
    "id": "kraft-philadelphia-cheese-cream-spreadable-light",
    "brand": "Philadelphia",
    "name": "Light Cream Cheese Block",
    "imageUrl": "https://shop.coles.com.au/wcsstore/Coles-CAS/images/5/5/9/5590885-th.jpg",
    "categories": ["entertaining-at-home", "dairy-eggs-meals"],
    "tags": ["chese-board-selections", "cheses-for-entertaining"],
    "locations": {
      "vic": {
        "price": 4.7,
        "promoText": " ",
        "packageSize": "250g",
        "packagePrice": "$18.80 per 1Kg"
      }
    }
  },
  {
    "id": "coles-mascarpone",
    "brand": "Coles",
    "name": "Soft & Creamy Mascarpone",
    "imageUrl": "https://shop.coles.com.au/wcsstore/Coles-CAS/images/2/2/1/2212600-th.jpg",
    "categories": ["entertaining-at-home", "dairy-eggs-meals"],
    "tags": ["chese-board-selections", "cheses-for-entertaining"],
    "locations": {
      "vic": {
        "price": 4,
        "promoText": " ",
        "packageSize": "250g",
        "packagePrice": "$16.00 per 1Kg"
      }
    }
  },
  {
    "id": "lemnos-cheese-feta-smooth",
    "brand": "Lemnos",
    "name": "Smooth Fetta Cheese",
    "imageUrl": "https://shop.coles.com.au/wcsstore/Coles-CAS/images/9/7/2/9728565-th.jpg",
    "categories": ["entertaining-at-home", "dairy-eggs-meals"],
    "tags": ["chese-board-selections", "cheses-for-entertaining"],
    "locations": {
      "vic": {
        "price": 5,
        "promoText": " ",
        "packageSize": "200g",
        "packagePrice": "$2.50 per 100G"
      }
    }
  },
  {
    "id": "maggie-beer-paste-quince",
    "brand": "Maggie Beer",
    "name": "Quince Paste",
    "imageUrl": "https://shop.coles.com.au/wcsstore/Coles-CAS/images/8/1/3/8133052-th.jpg",
    "categories": ["entertaining-at-home", "dairy-eggs-meals"],
    "tags": ["chese-board-selections", "cheses-for-entertaining"],
    "locations": {
      "vic": {
        "price": 6,
        "promoText": " ",
        "packageSize": "100g",
        "packagePrice": "$60.00 per 1Kg"
      }
    }
  },
  {
    "id": "my-life-original-biocheese",
    "brand": "My Life",
    "name": "Gluten Free Original Bio Cheese",
    "imageUrl": "https://shop.coles.com.au/wcsstore/Coles-CAS/images/2/2/1/2212575-th.jpg",
    "categories": ["entertaining-at-home", "dairy-eggs-meals"],
    "tags": ["chese-board-selections", "cheses-for-entertaining"],
    "locations": {
      "vic": {
        "price": 6.5,
        "promoText": "Was $7.60 on Sep 2019 ",
        "packageSize": "200g",
        "packagePrice": "$32.50 per 1Kg"
      }
    }
  },
  {
    "id": "my-life-biocheese-cheddar-shredded",
    "brand": "My Life",
    "name": "Bio Cheese Dairy Free Shredded Cheddar Cheese",
    "imageUrl": "https://shop.coles.com.au/wcsstore/Coles-CAS/images/3/2/7/3274760-th.jpg",
    "categories": ["entertaining-at-home", "dairy-eggs-meals"],
    "tags": ["chese-board-selections", "cheses-for-entertaining"],
    "locations": {
      "vic": {
        "price": 8,
        "promoText": " ",
        "packageSize": "200g",
        "packagePrice": "$40.00 per 1Kg"
      }
    }
  },
  {
    "id": "president-camembert",
    "brand": "President",
    "name": "Camembert",
    "imageUrl": "https://shop.coles.com.au/wcsstore/Coles-CAS/images/2/2/7/2274357-th.jpg",
    "categories": ["entertaining-at-home", "dairy-eggs-meals"],
    "tags": ["chese-board-selections", "cheses-for-entertaining"],
    "locations": {
      "vic": {
        "price": 5,
        "promoText": "$2.00 ",
        "packageSize": "200g",
        "packagePrice": "$25.00 per 1Kg"
      }
    }
  },
  {
    "id": "south-cape-cheese-brie",
    "brand": "South Cape",
    "name": "Brie",
    "imageUrl": "https://shop.coles.com.au/wcsstore/Coles-CAS/images/8/1/6/8166936-th.jpg",
    "categories": ["entertaining-at-home", "dairy-eggs-meals"],
    "tags": ["chese-board-selections", "cheses-for-entertaining"],
    "locations": {
      "vic": {
        "price": 6,
        "promoText": " ",
        "packageSize": "200g",
        "packagePrice": "$30.00 per 1Kg"
      }
    }
  },
  {
    "id": "tasmanian-heritage-cheese-camembert",
    "brand": "Tasmanian Heritage",
    "name": "Camembert",
    "imageUrl": "https://shop.coles.com.au/wcsstore/Coles-CAS/images/9/1/6/91673-th.jpg",
    "categories": ["entertaining-at-home", "dairy-eggs-meals"],
    "tags": ["chese-board-selections", "cheses-for-entertaining"],
    "locations": {
      "vic": {
        "price": 5.25,
        "promoText": " ",
        "packageSize": "125g",
        "packagePrice": "$42.00 per 1Kg"
      }
    }
  },
  {
    "id": "australian-gold-cheese-brie",
    "brand": "Australian Gold",
    "name": "Creamy Brie Cheese",
    "imageUrl": "https://shop.coles.com.au/wcsstore/Coles-CAS/images/8/0/8/8085619-th.jpg",
    "categories": ["entertaining-at-home", "dairy-eggs-meals"],
    "tags": ["chese-board-selections", "cheses-for-entertaining"],
    "locations": {
      "vic": {
        "price": 3.6,
        "promoText": " ",
        "packageSize": "115g",
        "packagePrice": "$31.30 per 1Kg"
      }
    }
  },
  {
    "id": "castello-double-cream-brie",
    "brand": "Castello",
    "name": "Double Cream Brie Cheese",
    "imageUrl": "https://shop.coles.com.au/wcsstore/Coles-CAS/images/3/4/7/3479311-th.jpg",
    "categories": ["entertaining-at-home", "dairy-eggs-meals"],
    "tags": ["chese-board-selections", "cheses-for-entertaining"],
    "locations": {
      "vic": {
        "price": 11.5,
        "promoText": " ",
        "packageSize": "300g",
        "packagePrice": "$38.33 per 1Kg"
      }
    }
  },
  {
    "id": "coles-regular-cream-cheese-block",
    "brand": "Coles",
    "name": "Regular Cream Cheese Block",
    "imageUrl": "https://shop.coles.com.au/wcsstore/Coles-CAS/images/2/4/8/2486672-th.jpg",
    "categories": ["entertaining-at-home", "dairy-eggs-meals"],
    "tags": ["chese-board-selections", "cheses-for-entertaining"],
    "locations": {
      "vic": {
        "price": 3.3,
        "promoText": " ",
        "packageSize": "250g",
        "packagePrice": "$13.20 per 1Kg"
      }
    }
  },
  {
    "id": "cypriana-haloumi-block",
    "brand": "Cypriana",
    "name": "Haloumi Block",
    "imageUrl": "https://shop.coles.com.au/wcsstore/Coles-CAS/images/2/4/6/2465140-th.jpg",
    "categories": ["entertaining-at-home", "dairy-eggs-meals"],
    "tags": ["chese-board-selections", "cheses-for-entertaining"],
    "locations": {
      "vic": {
        "price": 17,
        "promoText": " ",
        "packageSize": "750g",
        "packagePrice": "$22.67 per 1Kg"
      }
    }
  },
  {
    "id": "south-cape-cheese-platter-selections",
    "brand": "South Cape",
    "name": "Cheese Selection Platter",
    "imageUrl": "https://shop.coles.com.au/wcsstore/Coles-CAS/images/8/1/1/8116847-th.jpg",
    "categories": [
      "entertaining-at-home",
      "meat-seafood-deli",
      "dairy-eggs-meals"
    ],
    "tags": ["chese-board-selections", "cheses-for-entertaining"],
    "locations": {
      "vic": {
        "price": 16.8,
        "promoText": " ",
        "packageSize": "435g",
        "packagePrice": "$38.62 per 1Kg"
      }
    }
  },
  {
    "id": "south-cape-cheese-cream-apricot-almond",
    "brand": "South Cape",
    "name": "Apricot & Almond Cream Cheese With Sweet Papaya",
    "imageUrl": "https://shop.coles.com.au/wcsstore/Coles-CAS/images/6/5/8/6581201-th.jpg",
    "categories": ["entertaining-at-home", "dairy-eggs-meals"],
    "tags": ["chese-board-selections", "cheses-for-entertaining"],
    "locations": {
      "vic": {
        "price": 3.6,
        "promoText": "$1.00 ",
        "packageSize": "200g",
        "packagePrice": "$18.00 per 1Kg"
      }
    }
  },
  {
    "id": "south-cape-cheese-cream-spring-onion-chive",
    "brand": "South Cape",
    "name": "Spring Onion & Chive Cream Cheese",
    "imageUrl": "https://shop.coles.com.au/wcsstore/Coles-CAS/images/6/5/8/6581256-th.jpg",
    "categories": ["entertaining-at-home", "dairy-eggs-meals"],
    "tags": ["chese-board-selections", "cheses-for-entertaining"],
    "locations": {
      "vic": {
        "price": 3.6,
        "promoText": "$1.00 ",
        "packageSize": "200g",
        "packagePrice": "$18.00 per 1Kg"
      }
    }
  },
  {
    "id": "south-cape-cheese-feta-tasmanian",
    "brand": "South Cape",
    "name": "Danish Style Fetta",
    "imageUrl": "https://shop.coles.com.au/wcsstore/Coles-CAS/images/7/1/1/7117243-th.jpg",
    "categories": ["entertaining-at-home", "dairy-eggs-meals"],
    "tags": ["chese-board-selections", "cheses-for-entertaining"],
    "locations": {
      "vic": {
        "price": 5,
        "promoText": "Was $6.00 on Jun 2020 ",
        "packageSize": "200g",
        "packagePrice": "$25.00 per 1Kg"
      }
    }
  },
  {
    "id": "south-cape-cheese-feta-tasmanian-danish-style-reduced-fat",
    "brand": "South Cape",
    "name": "Danish Style Fetta Reduced Fat",
    "imageUrl": "https://shop.coles.com.au/wcsstore/Coles-CAS/images/4/5/3/4539521-th.jpg",
    "categories": ["entertaining-at-home", "dairy-eggs-meals"],
    "tags": ["chese-board-selections", "cheses-for-entertaining"],
    "locations": {
      "vic": {
        "price": 5,
        "promoText": "Was $6.00 on Jun 2020 ",
        "packageSize": "200g",
        "packagePrice": "$25.00 per 1Kg"
      }
    }
  },
  {
    "id": "south-cape-marinated-fetta",
    "brand": "South Cape",
    "name": "Classic Marinated Fetta",
    "imageUrl": "https://shop.coles.com.au/wcsstore/Coles-CAS/images/7/3/6/7363818-th.jpg",
    "categories": ["entertaining-at-home", "dairy-eggs-meals"],
    "tags": ["chese-board-selections", "cheses-for-entertaining"],
    "locations": {
      "vic": {
        "price": 10,
        "promoText": "Was $11.90 on Mar 2018 ",
        "packageSize": "350g",
        "packagePrice": "$28.57 per 1Kg"
      }
    }
  },
  {
    "id": "south-cape-cheese-camembert-5269091p",
    "brand": "South Cape",
    "name": "Camembert Cheese",
    "imageUrl": "https://shop.coles.com.au/wcsstore/Coles-CAS/images/5/2/6/5269091-th.jpg",
    "categories": ["entertaining-at-home", "dairy-eggs-meals"],
    "tags": ["chese-board-selections", "cheses-for-entertaining"],
    "locations": {
      "vic": {
        "price": 6,
        "promoText": " ",
        "packageSize": "200g",
        "packagePrice": "$30.00 per 1Kg"
      }
    }
  },
  {
    "id": "wattle-valley-haloumi",
    "brand": "Wattle Valley",
    "name": "Haloumi",
    "imageUrl": "https://shop.coles.com.au/wcsstore/Coles-CAS/images/1/8/6/1865890-th.jpg",
    "categories": ["entertaining-at-home", "dairy-eggs-meals"],
    "tags": ["chese-board-selections", "cheses-for-entertaining"],
    "locations": {
      "vic": {
        "price": 6.5,
        "promoText": " ",
        "packageSize": "180g",
        "packagePrice": "$36.11 per 1Kg"
      }
    }
  },
  {
    "id": "australian-gold-cheese-camembert",
    "brand": "Australian Gold",
    "name": "Creamy Camembert Cheese",
    "imageUrl": "https://shop.coles.com.au/wcsstore/Coles-CAS/images/8/0/8/8083147-th.jpg",
    "categories": ["entertaining-at-home", "dairy-eggs-meals"],
    "tags": ["chese-board-selections", "cheses-for-entertaining"],
    "locations": {
      "vic": {
        "price": 3.6,
        "promoText": " ",
        "packageSize": "115g",
        "packagePrice": "$3.13 per 100G"
      }
    }
  },
  {
    "id": "coles-cheese-cream-apricot-almond",
    "brand": "Coles",
    "name": "Apricot & Almond Cheese",
    "imageUrl": "https://shop.coles.com.au/wcsstore/Coles-CAS/images/7/7/8/7781240-th.jpg",
    "categories": ["entertaining-at-home", "dairy-eggs-meals"],
    "tags": ["chese-board-selections", "cheses-for-entertaining"],
    "locations": {
      "vic": {
        "price": 3,
        "promoText": " ",
        "packageSize": "190g",
        "packagePrice": "$15.79 per 1Kg"
      }
    }
  },
  {
    "id": "south-cape-cheese-trilogy-summer-herbs",
    "brand": "South Cape",
    "name": "Summer Herbs Sun Dried Tomato Trilogy Cheddar Cheese",
    "imageUrl": "https://shop.coles.com.au/wcsstore/Coles-CAS/images/6/5/7/6578069-th.jpg",
    "categories": ["entertaining-at-home", "dairy-eggs-meals"],
    "tags": ["chese-board-selections", "cheses-for-entertaining"],
    "locations": {
      "vic": {
        "price": 5,
        "promoText": " ",
        "packageSize": "140g",
        "packagePrice": "$35.71 per 1Kg"
      }
    }
  },
  {
    "id": "south-cape-cheese-feta-crumbled",
    "brand": "South Cape",
    "name": "Classic Crumbled Fetta Cheese",
    "imageUrl": "https://shop.coles.com.au/wcsstore/Coles-CAS/images/5/1/9/5194378-th.jpg",
    "categories": ["entertaining-at-home", "dairy-eggs-meals"],
    "tags": ["chese-board-selections", "cheses-for-entertaining"],
    "locations": {
      "vic": {
        "price": 8.2,
        "promoText": " ",
        "packageSize": "200g",
        "packagePrice": "$41.00 per 1Kg"
      }
    }
  },
  {
    "id": "tasmanian-heritage-cheese-camembert-9045223p",
    "brand": "Tasmanian Heritage",
    "name": "Camembert",
    "imageUrl": "https://shop.coles.com.au/wcsstore/Coles-CAS/images/9/0/4/9045223-th.jpg",
    "categories": ["entertaining-at-home", "dairy-eggs-meals"],
    "tags": ["chese-board-selections", "cheses-for-entertaining"],
    "locations": {
      "vic": {
        "price": 11.8,
        "promoText": " ",
        "packageSize": "250g",
        "packagePrice": "$47.20 per 1Kg"
      }
    }
  },
  {
    "id": "coles-giant-pitted-kalamata-olives",
    "brand": "Coles",
    "name": "Greek Kalamata Olives",
    "imageUrl": "https://shop.coles.com.au/wcsstore/Coles-CAS/images/3/0/6/3066967-th.jpg",
    "categories": ["entertaining-at-home", "meat-seafood-deli"],
    "tags": ["chese-board-selections", "antipasto-olives-for-entertaining"],
    "locations": {
      "vic": {
        "price": 3.5,
        "promoText": " ",
        "packageSize": "140g",
        "packagePrice": "$25.00 per 1Kg"
      }
    }
  },
  {
    "id": "coles-mediterranean-olives",
    "brand": "Coles Deli",
    "name": "Mediterranean Mixed Olives",
    "imageUrl": "https://shop.coles.com.au/wcsstore/Coles-CAS/images/3/0/6/3066934-th.jpg",
    "categories": ["entertaining-at-home", "meat-seafood-deli"],
    "tags": ["chese-board-selections", "antipasto-olives-for-entertaining"],
    "locations": {
      "vic": {
        "price": 3.5,
        "promoText": " ",
        "packageSize": "130g",
        "packagePrice": "$26.92 per 1Kg"
      }
    }
  },
  {
    "id": "coles-baby-bell-peppers-cream-cheese",
    "brand": "Coles Deli",
    "name": "Baby Bell Peppers Stuffed With Cream Cheese",
    "imageUrl": "https://shop.coles.com.au/wcsstore/Coles-CAS/images/3/0/6/3066990-th.jpg",
    "categories": ["entertaining-at-home", "meat-seafood-deli"],
    "tags": ["chese-board-selections", "antipasto-olives-for-entertaining"],
    "locations": {
      "vic": {
        "price": 3.5,
        "promoText": " ",
        "packageSize": "150g",
        "packagePrice": "$23.33 per 1Kg"
      }
    }
  },
  {
    "id": "coles-green-olives-chilli-garlic",
    "brand": "Coles Deli",
    "name": "Garlic And Chilli Green Olives",
    "imageUrl": "https://shop.coles.com.au/wcsstore/Coles-CAS/images/3/0/6/3066956-th.jpg",
    "categories": ["entertaining-at-home", "meat-seafood-deli"],
    "tags": ["chese-board-selections", "antipasto-olives-for-entertaining"],
    "locations": {
      "vic": {
        "price": 3.5,
        "promoText": " ",
        "packageSize": "130g",
        "packagePrice": "$26.92 per 1Kg"
      }
    }
  },
  {
    "id": "coles-semi-dried-tomatoes-fresh-basil",
    "brand": "Coles Deli",
    "name": "Semi Dried Tomatoes With Basil",
    "imageUrl": "https://shop.coles.com.au/wcsstore/Coles-CAS/images/3/0/6/3066876-th.jpg",
    "categories": ["entertaining-at-home", "meat-seafood-deli"],
    "tags": ["chese-board-selections", "antipasto-olives-for-entertaining"],
    "locations": {
      "vic": {
        "price": 3.5,
        "promoText": " ",
        "packageSize": "170g",
        "packagePrice": "$20.59 per 1Kg"
      }
    }
  },
  {
    "id": "coles-green-olives-danish-fetta",
    "brand": "Coles Deli",
    "name": "Green Olives Stuffed with Danish Style Fetta",
    "imageUrl": "https://shop.coles.com.au/wcsstore/Coles-CAS/images/3/2/0/3209714-th.jpg",
    "categories": ["entertaining-at-home", "meat-seafood-deli"],
    "tags": ["chese-board-selections", "antipasto-olives-for-entertaining"],
    "locations": {
      "vic": {
        "price": 3.5,
        "promoText": " ",
        "packageSize": "120g",
        "packagePrice": "$29.17 per 1Kg"
      }
    }
  },
  {
    "id": "coles-split-green-olives",
    "brand": "Coles Deli",
    "name": "Marinated Split Green Olives",
    "imageUrl": "https://shop.coles.com.au/wcsstore/Coles-CAS/images/3/0/6/3066945-th.jpg",
    "categories": ["entertaining-at-home", "meat-seafood-deli"],
    "tags": ["chese-board-selections", "antipasto-olives-for-entertaining"],
    "locations": {
      "vic": {
        "price": 3.5,
        "promoText": " ",
        "packageSize": "110g",
        "packagePrice": "$31.82 per 1Kg"
      }
    }
  },
  {
    "id": "olives-kalamata-colossal-2917184p",
    "brand": "Coles Deli",
    "name": "Colossal Kalamata Olives",
    "imageUrl": "https://shop.coles.com.au/wcsstore/Coles-CAS/images/2/9/1/2917184-th.jpg",
    "categories": ["entertaining-at-home", "meat-seafood-deli"],
    "tags": ["chese-board-selections", "antipasto-olives-for-entertaining"],
    "locations": {
      "vic": {
        "price": 3.5,
        "promoText": " ",
        "packageSize": "150g",
        "packagePrice": "$23.33 per 1Kg"
      }
    }
  },
  {
    "id": "coles-skinpack-capsicum",
    "brand": "Coles",
    "name": "Roasted Capsicum",
    "imageUrl": "https://shop.coles.com.au/wcsstore/Coles-CAS/images/3/6/0/3605358-th.jpg",
    "categories": ["entertaining-at-home", "meat-seafood-deli"],
    "tags": ["chese-board-selections", "antipasto-olives-for-entertaining"],
    "locations": {
      "vic": {
        "price": 5,
        "promoText": " ",
        "packageSize": "160g",
        "packagePrice": "$3.13 per 100G"
      }
    }
  },
  {
    "id": "coles-semi-dried-tomatoes-fetta-kalamata",
    "brand": "Coles Deli",
    "name": "Antipasto Mix",
    "imageUrl": "https://shop.coles.com.au/wcsstore/Coles-CAS/images/3/0/6/3066912-th.jpg",
    "categories": ["entertaining-at-home", "meat-seafood-deli"],
    "tags": ["chese-board-selections", "antipasto-olives-for-entertaining"],
    "locations": {
      "vic": {
        "price": 3.5,
        "promoText": " ",
        "packageSize": "145g",
        "packagePrice": "$24.14 per 1Kg"
      }
    }
  },
  {
    "id": "maggie-beer-pheasant-farm-pate-3115971p",
    "brand": "Maggie Beer",
    "name": "Pheasant Farm Pate",
    "imageUrl": "https://shop.coles.com.au/wcsstore/Coles-CAS/images/3/1/1/3115971-th.jpg",
    "categories": ["entertaining-at-home", "dairy-eggs-meals"],
    "tags": ["chese-board-selections", "antipasto-olives-for-entertaining"],
    "locations": {
      "vic": {
        "price": 7,
        "promoText": " ",
        "packageSize": "120g",
        "packagePrice": "$5.83 per 100G"
      }
    }
  },
  {
    "id": "normandie-mixed-pate-pods-4-pack",
    "brand": "Normandie",
    "name": "Mixed Pate Pods 4 pack",
    "imageUrl": "https://shop.coles.com.au/wcsstore/Coles-CAS/images/1/8/6/1861619-th.jpg",
    "categories": ["entertaining-at-home", "dairy-eggs-meals"],
    "tags": ["chese-board-selections", "antipasto-olives-for-entertaining"],
    "locations": {
      "vic": {
        "price": 6.5,
        "promoText": " ",
        "packageSize": "200g",
        "packagePrice": "$3.25 per 100G"
      }
    }
  },
  {
    "id": "coles-sicilian-olives-with-lemon-garlic",
    "brand": "Coles",
    "name": "Sicilian Olives With Lemon & Garlic",
    "imageUrl": "https://shop.coles.com.au/wcsstore/ColesResponsiveStorefrontAssetStore/dist/ccfc54aed6e361b650bcf0582f7b576b/img/img_product-placeholder.png",
    "categories": ["entertaining-at-home", "meat-seafood-deli"],
    "tags": ["chese-board-selections", "antipasto-olives-for-entertaining"],
    "locations": {
      "vic": {
        "price": 3.5,
        "promoText": " ",
        "packageSize": "115g",
        "packagePrice": "$30.43 per 1Kg"
      }
    }
  },
  {
    "id": "marinated-whole-button-mushrooms-with-rosemary",
    "brand": "Coles",
    "name": "Marinated Whole Button Mushrooms With Rosemary",
    "imageUrl": "https://shop.coles.com.au/wcsstore/ColesResponsiveStorefrontAssetStore/dist/ccfc54aed6e361b650bcf0582f7b576b/img/img_product-placeholder.png",
    "categories": ["entertaining-at-home", "meat-seafood-deli"],
    "tags": ["chese-board-selections", "antipasto-olives-for-entertaining"],
    "locations": {
      "vic": {
        "price": 5,
        "promoText": " ",
        "packageSize": "110g",
        "packagePrice": "$4.55 per 100G"
      }
    }
  },
  {
    "id": "ringpull-olive-feta-capsicum",
    "brand": "Coles",
    "name": "Triple Layer Antipasto",
    "imageUrl": "https://shop.coles.com.au/wcsstore/Coles-CAS/images/3/6/0/3605370-th.jpg",
    "categories": ["entertaining-at-home", "meat-seafood-deli"],
    "tags": ["chese-board-selections", "antipasto-olives-for-entertaining"],
    "locations": {
      "vic": {
        "price": 6,
        "promoText": " ",
        "packageSize": "230g",
        "packagePrice": "$2.61 per 100G"
      }
    }
  },
  {
    "id": "coles-roasted-capsicum",
    "brand": "Coles Deli",
    "name": "Roasted Capsicum",
    "imageUrl": "https://shop.coles.com.au/wcsstore/Coles-CAS/images/3/0/6/3066923-th.jpg",
    "categories": ["entertaining-at-home", "meat-seafood-deli"],
    "tags": ["chese-board-selections", "antipasto-olives-for-entertaining"],
    "locations": {
      "vic": {
        "price": 0,
        "promoText": " ",
        "packageSize": "135g",
        "packagePrice": ""
      }
    }
  },
  {
    "id": "coles-deli-express-pork-pate",
    "brand": "Coles Deli",
    "name": "RSPCA Approved Pork and Red Wine Pate",
    "imageUrl": "https://shop.coles.com.au/wcsstore/Coles-CAS/images/3/3/1/3310296-th.jpg",
    "categories": ["entertaining-at-home", "dairy-eggs-meals"],
    "tags": ["chese-board-selections", "antipasto-olives-for-entertaining"],
    "locations": {
      "vic": {
        "price": 5,
        "promoText": " ",
        "packageSize": "120g",
        "packagePrice": "$4.17 per 100G"
      }
    }
  },
  {
    "id": "coles-deli-express-chicken-pate",
    "brand": "Coles Deli",
    "name": "Chicken Pate With Black Pepper",
    "imageUrl": "https://shop.coles.com.au/wcsstore/Coles-CAS/images/3/3/1/3310285-th.jpg",
    "categories": ["entertaining-at-home", "dairy-eggs-meals"],
    "tags": ["chese-board-selections", "antipasto-olives-for-entertaining"],
    "locations": {
      "vic": {
        "price": 5,
        "promoText": " ",
        "packageSize": "120g",
        "packagePrice": "$4.17 per 100G"
      }
    }
  },
  {
    "id": "dolmanades-12pack-large",
    "brand": "Coles Deli",
    "name": "Dolmanades Large Round 12 Pack",
    "imageUrl": "https://shop.coles.com.au/wcsstore/ColesResponsiveStorefrontAssetStore/dist/ccfc54aed6e361b650bcf0582f7b576b/img/img_product-placeholder.png",
    "categories": ["entertaining-at-home", "meat-seafood-deli"],
    "tags": ["chese-board-selections", "antipasto-olives-for-entertaining"],
    "locations": {
      "vic": {
        "price": 7,
        "promoText": " ",
        "packageSize": "280g",
        "packagePrice": "$2.50 per 100G"
      }
    }
  },
  {
    "id": "maggie-beer-duck-orange-pate-3116056p",
    "brand": "Maggie Beer",
    "name": "Duck & Orange Pate",
    "imageUrl": "https://shop.coles.com.au/wcsstore/Coles-CAS/images/3/1/1/3116056-th.jpg",
    "categories": ["entertaining-at-home", "dairy-eggs-meals"],
    "tags": ["chese-board-selections", "antipasto-olives-for-entertaining"],
    "locations": {
      "vic": {
        "price": 7,
        "promoText": " ",
        "packageSize": "120g",
        "packagePrice": "$5.83 per 100G"
      }
    }
  },
  {
    "id": "coles-english-sliced-ham-2260476p",
    "brand": "Coles",
    "name": "Sliced English Ham 4 Pack",
    "imageUrl": "https://shop.coles.com.au/wcsstore/Coles-CAS/images/2/2/6/2260476-th.jpg",
    "categories": [
      "entertaining-at-home",
      "meat-seafood-deli",
      "dairy-eggs-meals"
    ],
    "tags": ["chese-board-selections", "cured-meats"],
    "locations": {
      "vic": {
        "price": 5.5,
        "promoText": " ",
        "packageSize": "400g",
        "packagePrice": "$13.75 per 1Kg"
      }
    }
  },
  {
    "id": "don-ham-double-smoked-shaved",
    "brand": "Don",
    "name": "Double Smoked Sliced Leg Ham",
    "imageUrl": "https://shop.coles.com.au/wcsstore/Coles-CAS/images/7/4/3/7433265-th.jpg",
    "categories": [
      "entertaining-at-home",
      "meat-seafood-deli",
      "dairy-eggs-meals"
    ],
    "tags": ["chese-board-selections", "cured-meats"],
    "locations": {
      "vic": {
        "price": 6.4,
        "promoText": " ",
        "packageSize": "250g",
        "packagePrice": "$25.60 per 1Kg"
      }
    }
  },
  {
    "id": "coles-honey-sliced-ham-2260465p",
    "brand": "Coles",
    "name": "Sliced Honey Ham 4 pack",
    "imageUrl": "https://shop.coles.com.au/wcsstore/Coles-CAS/images/2/2/6/2260465-th.jpg",
    "categories": [
      "entertaining-at-home",
      "meat-seafood-deli",
      "dairy-eggs-meals"
    ],
    "tags": ["chese-board-selections", "cured-meats"],
    "locations": {
      "vic": {
        "price": 5.5,
        "promoText": " ",
        "packageSize": "400g",
        "packagePrice": "$13.75 per 1Kg"
      }
    }
  },
  {
    "id": "don-ham-english-shaved",
    "brand": "Don",
    "name": "English Style Sliced Leg Ham",
    "imageUrl": "https://shop.coles.com.au/wcsstore/Coles-CAS/images/7/4/3/7433232-th.jpg",
    "categories": [
      "entertaining-at-home",
      "meat-seafood-deli",
      "dairy-eggs-meals"
    ],
    "tags": ["chese-board-selections", "cured-meats"],
    "locations": {
      "vic": {
        "price": 6.4,
        "promoText": " ",
        "packageSize": "250g",
        "packagePrice": "$25.60 per 1Kg"
      }
    }
  },
  {
    "id": "coles-ssf-honey-ham-3053513p",
    "brand": "Coles",
    "name": "Gluten Free Honey Sliced Ham",
    "imageUrl": "https://shop.coles.com.au/wcsstore/Coles-CAS/images/3/0/5/3053513-th.jpg",
    "categories": [
      "entertaining-at-home",
      "meat-seafood-deli",
      "dairy-eggs-meals"
    ],
    "tags": ["chese-board-selections", "cured-meats"],
    "locations": {
      "vic": {
        "price": 2,
        "promoText": " ",
        "packageSize": "100g",
        "packagePrice": "$2.00 per 100G"
      }
    }
  },
  {
    "id": "don-double-smoked-ham",
    "brand": "Don",
    "name": "Double Smoked Sliced Ham 4 Pack",
    "imageUrl": "https://shop.coles.com.au/wcsstore/Coles-CAS/images/1/9/5/1952179-th.jpg",
    "categories": [
      "entertaining-at-home",
      "meat-seafood-deli",
      "dairy-eggs-meals"
    ],
    "tags": ["chese-board-selections", "cured-meats"],
    "locations": {
      "vic": {
        "price": 7,
        "promoText": " ",
        "packageSize": "400g",
        "packagePrice": "$17.50 per 1Kg"
      }
    }
  },
  {
    "id": "primo-danish-salami",
    "brand": "Primo",
    "name": "Gluten Free Thinly Sliced Danish Mild Salami",
    "imageUrl": "https://shop.coles.com.au/wcsstore/Coles-CAS/images/2/8/0/2807856-th.jpg",
    "categories": [
      "entertaining-at-home",
      "meat-seafood-deli",
      "dairy-eggs-meals"
    ],
    "tags": ["chese-board-selections", "cured-meats"],
    "locations": {
      "vic": {
        "price": 3.25,
        "promoText": " ",
        "packageSize": "80g",
        "packagePrice": "$4.06 per 100G"
      }
    }
  },
  {
    "id": "coles-ssf-english-jam",
    "brand": "Coles",
    "name": "Gluten Free English Sliced Ham",
    "imageUrl": "https://shop.coles.com.au/wcsstore/Coles-CAS/images/3/0/5/3053353-th.jpg",
    "categories": [
      "entertaining-at-home",
      "meat-seafood-deli",
      "dairy-eggs-meals"
    ],
    "tags": ["chese-board-selections", "cured-meats"],
    "locations": {
      "vic": {
        "price": 2,
        "promoText": " ",
        "packageSize": "100g",
        "packagePrice": "$2.00 per 100G"
      }
    }
  },
  {
    "id": "don-ham-champagne",
    "brand": "Don",
    "name": "Gluten Free Champagne Thinly Sliced Leg Ham",
    "imageUrl": "https://shop.coles.com.au/wcsstore/Coles-CAS/images/9/2/4/9242745-th.jpg",
    "categories": [
      "entertaining-at-home",
      "meat-seafood-deli",
      "dairy-eggs-meals"
    ],
    "tags": ["chese-board-selections", "cured-meats"],
    "locations": {
      "vic": {
        "price": 6.4,
        "promoText": " ",
        "packageSize": "250g",
        "packagePrice": "$25.60 per 1Kg"
      }
    }
  },
  {
    "id": "coles--ssf-hgp-free-mild-salami",
    "brand": "Coles",
    "name": "Gluten Free Sliced Salami",
    "imageUrl": "https://shop.coles.com.au/wcsstore/Coles-CAS/images/2/8/0/2807277-th.jpg",
    "categories": [
      "entertaining-at-home",
      "meat-seafood-deli",
      "dairy-eggs-meals"
    ],
    "tags": ["chese-board-selections", "cured-meats"],
    "locations": {
      "vic": {
        "price": 7,
        "promoText": " ",
        "packageSize": "200g",
        "packagePrice": "$3.50 per 100G"
      }
    }
  },
  {
    "id": "primo-pepperoni",
    "brand": "Primo",
    "name": "Gluten Free Thinly Sliced Pepperoni Hot Salami",
    "imageUrl": "https://shop.coles.com.au/wcsstore/Coles-CAS/images/2/8/0/2808735-th.jpg",
    "categories": [
      "entertaining-at-home",
      "meat-seafood-deli",
      "dairy-eggs-meals"
    ],
    "tags": ["chese-board-selections", "cured-meats"],
    "locations": {
      "vic": {
        "price": 3.25,
        "promoText": " ",
        "packageSize": "80g",
        "packagePrice": "$40.63 per 1Kg"
      }
    }
  },
  {
    "id": "don-chorizo",
    "brand": "Don",
    "name": "Chorizo",
    "imageUrl": "https://shop.coles.com.au/wcsstore/Coles-CAS/images/1/5/0/1500360-th.jpg",
    "categories": [
      "entertaining-at-home",
      "meat-seafood-deli",
      "dairy-eggs-meals"
    ],
    "tags": ["chese-board-selections", "cured-meats"],
    "locations": {
      "vic": {
        "price": 8,
        "promoText": " ",
        "packageSize": "375g",
        "packagePrice": "$21.33 per 1Kg"
      }
    }
  },
  {
    "id": "primo-sticks-original",
    "brand": "Primo",
    "name": "Gluten Free Original Twiggy Sticks",
    "imageUrl": "https://shop.coles.com.au/wcsstore/Coles-CAS/images/6/9/9/6996841-th.jpg",
    "categories": [
      "entertaining-at-home",
      "meat-seafood-deli",
      "dairy-eggs-meals"
    ],
    "tags": ["chese-board-selections", "cured-meats"],
    "locations": {
      "vic": {
        "price": 6.5,
        "promoText": " ",
        "packageSize": "200g",
        "packagePrice": "$32.50 per 1Kg"
      }
    }
  },
  {
    "id": "primo-double-smoked-ham",
    "brand": "Primo",
    "name": "Gluten Free Thinly Sliced Double Smoked Leg Ham",
    "imageUrl": "https://shop.coles.com.au/wcsstore/Coles-CAS/images/2/8/1/2819436-th.jpg",
    "categories": [
      "entertaining-at-home",
      "meat-seafood-deli",
      "dairy-eggs-meals"
    ],
    "tags": ["chese-board-selections", "cured-meats"],
    "locations": {
      "vic": {
        "price": 3.25,
        "promoText": " ",
        "packageSize": "100g",
        "packagePrice": "$3.25 per 100G"
      }
    }
  },
  {
    "id": "primo-cheese-kransy",
    "brand": "Primo",
    "name": "Gluten Free Cheese Kransky",
    "imageUrl": "https://shop.coles.com.au/wcsstore/Coles-CAS/images/2/8/0/2807460-th.jpg",
    "categories": [
      "entertaining-at-home",
      "meat-seafood-deli",
      "dairy-eggs-meals"
    ],
    "tags": ["chese-board-selections", "cured-meats"],
    "locations": {
      "vic": {
        "price": 4.5,
        "promoText": " ",
        "packageSize": "250g",
        "packagePrice": "$1.80 per 100G"
      }
    }
  },
  {
    "id": "primo-ham-english-sliced-8145856p",
    "brand": "Primo",
    "name": "Gluten Free Thinly Sliced Unsmoked Leg Ham",
    "imageUrl": "https://shop.coles.com.au/wcsstore/Coles-CAS/images/8/1/4/8145856-th.jpg",
    "categories": [
      "entertaining-at-home",
      "meat-seafood-deli",
      "dairy-eggs-meals"
    ],
    "tags": ["chese-board-selections", "cured-meats"],
    "locations": {
      "vic": {
        "price": 3.25,
        "promoText": " ",
        "packageSize": "100g",
        "packagePrice": "$3.25 per 100G"
      }
    }
  },
  {
    "id": "coles-pepperoni",
    "brand": "Coles",
    "name": "Gluten Free Sliced Pepperoni",
    "imageUrl": "https://shop.coles.com.au/wcsstore/Coles-CAS/images/2/8/0/2807120-th.jpg",
    "categories": [
      "entertaining-at-home",
      "meat-seafood-deli",
      "dairy-eggs-meals"
    ],
    "tags": ["chese-board-selections", "cured-meats"],
    "locations": {
      "vic": {
        "price": 6.5,
        "promoText": " ",
        "packageSize": "200g",
        "packagePrice": "$32.50 per 1Kg"
      }
    }
  },
  {
    "id": "don-ham-honey-roasted-shaved",
    "brand": "Don",
    "name": "Honey Roasted Sliced Leg Ham",
    "imageUrl": "https://shop.coles.com.au/wcsstore/Coles-CAS/images/7/4/3/7433243-th.jpg",
    "categories": ["entertaining-at-home", "dairy-eggs-meals"],
    "tags": ["chese-board-selections", "cured-meats"],
    "locations": {
      "vic": {
        "price": 6.4,
        "promoText": " ",
        "packageSize": "250g",
        "packagePrice": "$25.60 per 1Kg"
      }
    }
  },
  {
    "id": "primo-champagne-ham",
    "brand": "Primo",
    "name": "Gluten Free Thinly Sliced Champagne Leg Ham",
    "imageUrl": "https://shop.coles.com.au/wcsstore/Coles-CAS/images/3/0/5/3055086-th.jpg",
    "categories": [
      "entertaining-at-home",
      "meat-seafood-deli",
      "dairy-eggs-meals"
    ],
    "tags": ["chese-board-selections", "cured-meats"],
    "locations": {
      "vic": {
        "price": 3.25,
        "promoText": " ",
        "packageSize": "100g",
        "packagePrice": "$3.25 per 100G"
      }
    }
  },
  {
    "id": "primo-ham-shredded-twin-pack",
    "brand": "Primo",
    "name": "Shredded Ham Twin Pack",
    "imageUrl": "https://shop.coles.com.au/wcsstore/Coles-CAS/images/8/1/4/8146087-th.jpg",
    "categories": [
      "entertaining-at-home",
      "meat-seafood-deli",
      "dairy-eggs-meals"
    ],
    "tags": ["chese-board-selections", "cured-meats"],
    "locations": {
      "vic": {
        "price": 4.6,
        "promoText": " ",
        "packageSize": "300g",
        "packagePrice": "$15.33 per 1Kg"
      }
    }
  },
  {
    "id": "primo-kransky-3053965p",
    "brand": "Primo",
    "name": "Gluten Free Classic Kransky",
    "imageUrl": "https://shop.coles.com.au/wcsstore/Coles-CAS/images/3/0/5/3053965-th.jpg",
    "categories": [
      "entertaining-at-home",
      "meat-seafood-deli",
      "dairy-eggs-meals"
    ],
    "tags": ["chese-board-selections", "cured-meats"],
    "locations": {
      "vic": {
        "price": 4.5,
        "promoText": " ",
        "packageSize": "250g",
        "packagePrice": "$18.00 per 1Kg"
      }
    }
  },
  {
    "id": "primo-kabana-party-bites",
    "brand": "Primo",
    "name": "Gluten Free Classic Kabana Bites",
    "imageUrl": "https://shop.coles.com.au/wcsstore/Coles-CAS/images/4/2/3/4238161-th.jpg",
    "categories": [
      "entertaining-at-home",
      "meat-seafood-deli",
      "dairy-eggs-meals"
    ],
    "tags": ["chese-board-selections", "cured-meats"],
    "locations": {
      "vic": {
        "price": 4.4,
        "promoText": " ",
        "packageSize": "200g",
        "packagePrice": "$22.00 per 1Kg"
      }
    }
  },
  {
    "id": "hans-salami-sticks-mild",
    "brand": "Hans",
    "name": "Striker Salami Sticks Mild",
    "imageUrl": "https://shop.coles.com.au/wcsstore/Coles-CAS/images/6/0/9/6091177-th.jpg",
    "categories": [
      "entertaining-at-home",
      "meat-seafood-deli",
      "dairy-eggs-meals"
    ],
    "tags": ["chese-board-selections", "cured-meats"],
    "locations": {
      "vic": {
        "price": 1,
        "promoText": " ",
        "packageSize": "15g",
        "packagePrice": "$6.67 per 100G"
      }
    }
  },
  {
    "id": "primo-spanish-tapas-platter",
    "brand": "Primo",
    "name": "Spanish Style Tapas Platter",
    "imageUrl": "https://shop.coles.com.au/wcsstore/Coles-CAS/images/3/5/0/3506797-th.jpg",
    "categories": [
      "entertaining-at-home",
      "meat-seafood-deli",
      "dairy-eggs-meals"
    ],
    "tags": ["chese-board-selections", "cured-meats"],
    "locations": {
      "vic": {
        "price": 7,
        "promoText": " ",
        "packageSize": "100g",
        "packagePrice": "$70.00 per 1Kg"
      }
    }
  },
  {
    "id": "coles-rspca-free-range-chicken-breast-large-pack",
    "brand": "Coles",
    "name": "Free Range RSPCA Approved Chicken Breast Fillet Large Pack",
    "imageUrl": "https://shop.coles.com.au/wcsstore/Coles-CAS/images/3/2/2/3227410-th.jpg",
    "categories": ["entertaining-at-home", "meat-seafood-deli"],
    "tags": ["barbeque", "meat-for-entertaining"],
    "locations": {
      "vic": {
        "price": 15.4,
        "promoText": " ",
        "packageSize": "approx. 1.1Kg",
        "packagePrice": "$14.00 per 1Kg"
      }
    }
  },
  {
    "id": "steggles-turkey-rissoles",
    "brand": "Steggles",
    "name": "Turkey Rissoles",
    "imageUrl": "https://shop.coles.com.au/wcsstore/Coles-CAS/images/1/8/3/1833566-th.jpg",
    "categories": ["entertaining-at-home", "meat-seafood-deli"],
    "tags": ["barbeque", "meat-for-entertaining"],
    "locations": {
      "vic": {
        "price": 6.5,
        "promoText": " ",
        "packageSize": "400g",
        "packagePrice": "$16.25 per 1Kg"
      }
    }
  },
  {
    "id": "coles-rspca-approved-chicken-breast-fillets-large-pack",
    "brand": "Coles",
    "name": "RSPCA Approved Chicken Breast Fillets Large Pack",
    "imageUrl": "https://shop.coles.com.au/wcsstore/Coles-CAS/images/2/2/6/2263179-th.jpg",
    "categories": ["entertaining-at-home", "meat-seafood-deli"],
    "tags": ["barbeque", "meat-for-entertaining"],
    "locations": {
      "vic": {
        "price": 10.45,
        "promoText": " ",
        "packageSize": "approx. 1.1kg",
        "packagePrice": "$9.50 per 1Kg"
      }
    }
  },
  {
    "id": "lilydale--free-range-chicken-tenderloins",
    "brand": "Lilydale",
    "name": "Free Range Chicken Tenderloins",
    "imageUrl": "https://shop.coles.com.au/wcsstore/Coles-CAS/images/1/8/3/1833384-th.jpg",
    "categories": ["entertaining-at-home", "meat-seafood-deli"],
    "tags": ["barbeque", "meat-for-entertaining"],
    "locations": {
      "vic": {
        "price": 10.9,
        "promoText": " ",
        "packageSize": "500g",
        "packagePrice": "$21.80 per 1Kg"
      }
    }
  },
  {
    "id": "coles-butcher-sausages-thin-bbq-7580190p",
    "brand": "Coles",
    "name": "Thin Beef BBQ Sausages 8 pack",
    "imageUrl": "https://shop.coles.com.au/wcsstore/Coles-CAS/images/7/5/8/7580190-th.jpg",
    "categories": ["entertaining-at-home", "meat-seafood-deli"],
    "tags": ["barbeque", "meat-for-entertaining"],
    "locations": {
      "vic": {
        "price": 5,
        "promoText": " ",
        "packageSize": "560g",
        "packagePrice": "$8.93 per 1Kg"
      }
    }
  },
  {
    "id": "lilydale-chicken-thigh-fillet-bulk",
    "brand": "Lilydale",
    "name": "Free Range Chicken Thigh Fillet Bulk",
    "imageUrl": "https://shop.coles.com.au/wcsstore/Coles-CAS/images/2/3/0/2303772-th.jpg",
    "categories": ["entertaining-at-home", "meat-seafood-deli"],
    "tags": ["barbeque", "meat-for-entertaining"],
    "locations": {
      "vic": {
        "price": 15,
        "promoText": " ",
        "packageSize": "approx. 1kg",
        "packagePrice": "$15.00 per 1Kg"
      }
    }
  },
  {
    "id": "lilydale-free-range-chicken-breast-fillet-skin-off",
    "brand": "Lilydale",
    "name": "Free Range Chicken Breast Fillet Skin Off",
    "imageUrl": "https://shop.coles.com.au/wcsstore/Coles-CAS/images/8/2/2/8227768-th.jpg",
    "categories": ["entertaining-at-home", "meat-seafood-deli"],
    "tags": ["barbeque", "meat-for-entertaining"],
    "locations": {
      "vic": {
        "price": 10.8,
        "promoText": " ",
        "packageSize": "approx. 600g",
        "packagePrice": "$18.00 per 1Kg"
      }
    }
  },
  {
    "id": "lilydale-chicken-breast-fillet-bulk",
    "brand": "Lilydale",
    "name": "Free Range Chicken Breast Fillet Bulk",
    "imageUrl": "https://shop.coles.com.au/wcsstore/Coles-CAS/images/2/3/0/2303750-th.jpg",
    "categories": ["entertaining-at-home", "meat-seafood-deli"],
    "tags": ["barbeque", "meat-for-entertaining"],
    "locations": {
      "vic": {
        "price": 15,
        "promoText": " ",
        "packageSize": "approx. 1kg",
        "packagePrice": "$15.00 per 1Kg"
      }
    }
  },
  {
    "id": "coles-rspca-approved-chicken-breast-fillets-small-pack",
    "brand": "Coles",
    "name": "RSPCA Approved Chicken Breast Fillets Small Pack",
    "imageUrl": "https://shop.coles.com.au/wcsstore/Coles-CAS/images/2/2/6/2263168-th.jpg",
    "categories": ["entertaining-at-home", "meat-seafood-deli"],
    "tags": ["barbeque", "meat-for-entertaining"],
    "locations": {
      "vic": {
        "price": 6,
        "promoText": " ",
        "packageSize": "approx. 500g",
        "packagePrice": "$12.00 per 1Kg"
      }
    }
  },
  {
    "id": "coles-lamb-shanks-2-pieces",
    "brand": "Coles",
    "name": "Lamb Shanks 2 Pack",
    "imageUrl": "https://shop.coles.com.au/wcsstore/Coles-CAS/images/9/2/6/9264533-th.jpg",
    "categories": ["entertaining-at-home", "meat-seafood-deli"],
    "tags": ["barbeque", "meat-for-entertaining"],
    "locations": {
      "vic": {
        "price": 11.24,
        "promoText": " ",
        "packageSize": "approx. 775g",
        "packagePrice": "$14.50 per 1Kg"
      }
    }
  },
  {
    "id": "lilydale-free-range-whole-chicken",
    "brand": "Lilydale",
    "name": "Free Range Whole Chicken",
    "imageUrl": "https://shop.coles.com.au/wcsstore/Coles-CAS/images/7/6/0/7607184-th.jpg",
    "categories": ["entertaining-at-home", "meat-seafood-deli"],
    "tags": ["barbeque", "meat-for-entertaining"],
    "locations": {
      "vic": {
        "price": 6.99,
        "promoText": "$3.17 ",
        "packageSize": "approx. 1.27kg",
        "packagePrice": "$5.50 per 1Kg"
      }
    }
  },
  {
    "id": "coles-rspca-free-range-chicken-thigh-large-pack",
    "brand": "Coles",
    "name": "RSPCA Approved Free Range Chicken Thigh Fillets",
    "imageUrl": "https://shop.coles.com.au/wcsstore/Coles-CAS/images/3/2/2/3228800-th.jpg",
    "categories": ["entertaining-at-home", "meat-seafood-deli"],
    "tags": ["barbeque", "meat-for-entertaining"],
    "locations": {
      "vic": {
        "price": 14,
        "promoText": " ",
        "packageSize": "approx. 1Kg",
        "packagePrice": "$14.00 per 1Kg"
      }
    }
  },
  {
    "id": "drovers-choice-beef-porterhouse-steak",
    "brand": "Drovers Choice",
    "name": "Beef Porterhouse Steak",
    "imageUrl": "https://shop.coles.com.au/wcsstore/Coles-CAS/images/2/2/9/2293282-th.jpg",
    "categories": ["entertaining-at-home", "meat-seafood-deli"],
    "tags": ["barbeque", "meat-for-entertaining"],
    "locations": {
      "vic": {
        "price": 16.5,
        "promoText": "$1.50 ",
        "packageSize": "approx. 750g",
        "packagePrice": "$22.00 per 1Kg"
      }
    }
  },
  {
    "id": "coles-lamb-cutlets-frenched-8940189p",
    "brand": "Coles",
    "name": "Lamb Cutlets Frenched",
    "imageUrl": "https://shop.coles.com.au/wcsstore/Coles-CAS/images/8/9/4/8940189-th.jpg",
    "categories": ["entertaining-at-home", "meat-seafood-deli"],
    "tags": ["barbeque", "meat-for-entertaining"],
    "locations": {
      "vic": {
        "price": 9,
        "promoText": " ",
        "packageSize": "approx. 180g",
        "packagePrice": "$50.00 per 1Kg"
      }
    }
  },
  {
    "id": "coles-rspca-approved-chicken-thigh-fillet-large-pack",
    "brand": "Coles",
    "name": "RSPCA Approved Chicken Thigh Fillet Skin Off",
    "imageUrl": "https://shop.coles.com.au/wcsstore/Coles-CAS/images/2/2/6/2263328-th.jpg",
    "categories": ["entertaining-at-home", "meat-seafood-deli"],
    "tags": ["barbeque", "meat-for-entertaining"],
    "locations": {
      "vic": {
        "price": 13.2,
        "promoText": "Was $14.40 on Sep 2019 ",
        "packageSize": "approx. 1.2kg",
        "packagePrice": "$11.00 per 1Kg"
      }
    }
  },
  {
    "id": "coles-rspca-approved-chicken-thigh-fillet-4-pack",
    "brand": "Coles",
    "name": "RSPCA Approved Chicken Thigh Fillets Small Pack",
    "imageUrl": "https://shop.coles.com.au/wcsstore/Coles-CAS/images/2/2/6/2263317-th.jpg",
    "categories": ["entertaining-at-home", "meat-seafood-deli"],
    "tags": ["barbeque", "meat-for-entertaining"],
    "locations": {
      "vic": {
        "price": 6.75,
        "promoText": " ",
        "packageSize": "approx. 500g",
        "packagePrice": "$13.50 per 1Kg"
      }
    }
  },
  {
    "id": "lilydale-free-range-chicken-thigh-fillet-skin-off",
    "brand": "Lilydale",
    "name": "Free Range Chicken Thigh Fillet Skin Off",
    "imageUrl": "https://shop.coles.com.au/wcsstore/Coles-CAS/images/8/2/2/8227735-th.jpg",
    "categories": ["entertaining-at-home", "meat-seafood-deli"],
    "tags": ["barbeque", "meat-for-entertaining"],
    "locations": {
      "vic": {
        "price": 9.27,
        "promoText": " ",
        "packageSize": "approx. 545g",
        "packagePrice": "$17.00 per 1Kg"
      }
    }
  },
  {
    "id": "coles-rspca-approved-wing-nibbles",
    "brand": "Coles",
    "name": "RSPCA Approved Chicken Wings Nibbles",
    "imageUrl": "https://shop.coles.com.au/wcsstore/Coles-CAS/images/2/0/2/2021544-th.jpg",
    "categories": ["entertaining-at-home", "meat-seafood-deli"],
    "tags": ["barbeque", "meat-for-entertaining"],
    "locations": {
      "vic": {
        "price": 4.75,
        "promoText": " ",
        "packageSize": "approx. 720g",
        "packagePrice": "$6.60 per 1Kg"
      }
    }
  },
  {
    "id": "coles-quick-cook-beef-scotch-fillet",
    "brand": "Coles",
    "name": "Quick Cook Beef Scotch Fillet Steak",
    "imageUrl": "https://shop.coles.com.au/wcsstore/Coles-CAS/images/3/2/9/3293561-th.jpg",
    "categories": ["entertaining-at-home", "meat-seafood-deli"],
    "tags": ["barbeque", "meat-for-entertaining"],
    "locations": {
      "vic": {
        "price": 7,
        "promoText": "Any 2 $12",
        "packageSize": "170g",
        "packagePrice": "$4.12 per 100G"
      }
    }
  },
  {
    "id": "coles-extra-trim-pork-fillets-2394687p",
    "brand": "Coles",
    "name": "Pork 9x5 Fillet",
    "imageUrl": "https://shop.coles.com.au/wcsstore/Coles-CAS/images/2/3/9/2394687-th.jpg",
    "categories": ["entertaining-at-home", "meat-seafood-deli"],
    "tags": ["barbeque", "meat-for-entertaining"],
    "locations": {
      "vic": {
        "price": 6.3,
        "promoText": " ",
        "packageSize": "approx. 300g",
        "packagePrice": "$21.00 per 1Kg"
      }
    }
  },
  {
    "id": "coles-beef-thyme-and-parsley-burgers",
    "brand": "Coles",
    "name": "Beef Thyme And Parsley Burgers",
    "imageUrl": "https://shop.coles.com.au/wcsstore/Coles-CAS/images/3/0/3/3034348-th.jpg",
    "categories": ["entertaining-at-home", "meat-seafood-deli"],
    "tags": ["barbeque", "meat-for-entertaining"],
    "locations": {
      "vic": {
        "price": 7.5,
        "promoText": "Any 2 $12",
        "packageSize": "500g",
        "packagePrice": "$15.00 per 1Kg"
      }
    }
  },
  {
    "id": "coles-cheseburger-sauce",
    "brand": "Coles",
    "name": "Special Cheeseburger Sauce",
    "imageUrl": "https://shop.coles.com.au/wcsstore/Coles-CAS/images/3/7/5/3755419-th.jpg",
    "categories": ["entertaining-at-home", "meat-seafood-deli"],
    "tags": ["barbeque", "meat-for-entertaining"],
    "locations": {
      "vic": {
        "price": 2.75,
        "promoText": " ",
        "packageSize": "375mL",
        "packagePrice": "$0.73 per 100mL"
      }
    }
  },
  {
    "id": "coles-quick-cook-beef-porterhouse",
    "brand": "Coles",
    "name": "Quick Cook Porterhouse Steak Beef",
    "imageUrl": "https://shop.coles.com.au/wcsstore/Coles-CAS/images/3/2/9/3293415-th.jpg",
    "categories": ["entertaining-at-home", "meat-seafood-deli"],
    "tags": ["barbeque", "meat-for-entertaining"],
    "locations": {
      "vic": {
        "price": 7,
        "promoText": "Any 2 $12",
        "packageSize": "180g",
        "packagePrice": "$3.89 per 100G"
      }
    }
  },
  {
    "id": "coles-beef-corned-silverside",
    "brand": "Coles",
    "name": "Silverside Corned Beef",
    "imageUrl": "https://shop.coles.com.au/wcsstore/Coles-CAS/images/4/3/4/434703-th.jpg",
    "categories": ["entertaining-at-home", "meat-seafood-deli"],
    "tags": ["barbeque", "meat-for-entertaining"],
    "locations": {
      "vic": {
        "price": 11.28,
        "promoText": " ",
        "packageSize": "approx. 1.40kg",
        "packagePrice": "$8.00 per 1Kg"
      }
    }
  },
  {
    "id": "coles-rspca-approved-medium-whole-chicken",
    "brand": "Coles",
    "name": "RSPCA Approved Medium Whole Chicken",
    "imageUrl": "https://shop.coles.com.au/wcsstore/Coles-CAS/images/2/7/8/2782438-th.jpg",
    "categories": ["entertaining-at-home", "meat-seafood-deli"],
    "tags": ["barbeque", "meat-for-entertaining"],
    "locations": {
      "vic": {
        "price": 6.43,
        "promoText": "Was $7.42 on Sep 2019 ",
        "packageSize": "approx. 1.65kg",
        "packagePrice": "$3.90 per 1Kg"
      }
    }
  },
  {
    "id": "coles--rspca-chicken-drumsticks-large-pack",
    "brand": "Coles",
    "name": "RSPCA Approved Chicken Drumsticks",
    "imageUrl": "https://shop.coles.com.au/wcsstore/Coles-CAS/images/2/9/2/2923835-th.jpg",
    "categories": ["entertaining-at-home", "meat-seafood-deli"],
    "tags": ["barbeque", "meat-for-entertaining"],
    "locations": {
      "vic": {
        "price": 5.9,
        "promoText": "Was $6.64 on Jun 2020 ",
        "packageSize": "approx. 1.475kg",
        "packagePrice": "$4.00 per 1Kg"
      }
    }
  },
  {
    "id": "coles-pork-leg-roast-easy-carve",
    "brand": "Coles",
    "name": "Pork Leg Roast Boneless",
    "imageUrl": "https://shop.coles.com.au/wcsstore/Coles-CAS/images/4/1/7/4174794-th.jpg",
    "categories": ["entertaining-at-home", "meat-seafood-deli"],
    "tags": ["barbeque", "meat-for-entertaining"],
    "locations": {
      "vic": {
        "price": 17.85,
        "promoText": "Was $21.00 on May 2020 ",
        "packageSize": "approx. 2.1kg",
        "packagePrice": "$8.50 per 1Kg"
      }
    }
  },
  {
    "id": "coles--rspca-approved-diced-chicken-breast",
    "brand": "Coles",
    "name": "RSPCA Approved Diced Chicken Breast",
    "imageUrl": "https://shop.coles.com.au/wcsstore/Coles-CAS/images/2/7/3/2736805-th.jpg",
    "categories": ["entertaining-at-home", "meat-seafood-deli"],
    "tags": ["barbeque", "meat-for-entertaining"],
    "locations": {
      "vic": {
        "price": 7,
        "promoText": " ",
        "packageSize": "500g",
        "packagePrice": "$14.00 per 1Kg"
      }
    }
  },
  {
    "id": "coles-bbq-beef-sausages",
    "brand": "Coles",
    "name": "Thin Beef BBQ Sausages 24 Pack",
    "imageUrl": "https://shop.coles.com.au/wcsstore/Coles-CAS/images/3/5/7/3577650-th.jpg",
    "categories": ["entertaining-at-home", "meat-seafood-deli"],
    "tags": ["barbeque", "meat-for-entertaining"],
    "locations": {
      "vic": {
        "price": 9,
        "promoText": "Was $9.50 on Jan 2020 ",
        "packageSize": "1.8kg",
        "packagePrice": "$5.00 per 1Kg"
      }
    }
  },
  {
    "id": "coles-lamb-loin-chops-8598985p",
    "brand": "Coles",
    "name": "Ready Retail 11x9 Lamb Loin Chops",
    "imageUrl": "https://shop.coles.com.au/wcsstore/Coles-CAS/images/8/5/9/8598985-th.jpg",
    "categories": ["entertaining-at-home", "meat-seafood-deli"],
    "tags": ["barbeque", "meat-for-entertaining"],
    "locations": {
      "vic": {
        "price": 24.3,
        "promoText": " ",
        "packageSize": "approx. 900g",
        "packagePrice": "$27.00 per 1Kg"
      }
    }
  },
  {
    "id": "coles-lamb-leg-roast-half-9246065p",
    "brand": "Coles",
    "name": "Lamb Half Leg Roast",
    "imageUrl": "https://shop.coles.com.au/wcsstore/Coles-CAS/images/9/2/4/9246065-th.jpg",
    "categories": ["entertaining-at-home", "meat-seafood-deli"],
    "tags": ["barbeque", "meat-for-entertaining"],
    "locations": {
      "vic": {
        "price": 23.4,
        "promoText": "$1.80 ",
        "packageSize": "approx. 1.8kg",
        "packagePrice": "$13.00 per 1Kg"
      }
    }
  },
  {
    "id": "coles-chicken-necks-1491280p",
    "brand": "Coles",
    "name": "RSPCA Approved Chicken Necks",
    "imageUrl": "https://shop.coles.com.au/wcsstore/Coles-CAS/images/1/4/9/1491280-th.jpg",
    "categories": ["entertaining-at-home", "meat-seafood-deli"],
    "tags": ["barbeque", "meat-for-entertaining"],
    "locations": {
      "vic": {
        "price": 6.05,
        "promoText": " ",
        "packageSize": "approx. 1.1kg",
        "packagePrice": "$5.50 per 1Kg"
      }
    }
  },
  {
    "id": "drovers-choice-beef-rump-steak",
    "brand": "Drovers Choice",
    "name": "Beef Rump Steak",
    "imageUrl": "https://shop.coles.com.au/wcsstore/Coles-CAS/images/2/2/9/2294208-th.jpg",
    "categories": ["entertaining-at-home", "meat-seafood-deli"],
    "tags": ["barbeque", "meat-for-entertaining"],
    "locations": {
      "vic": {
        "price": 23.75,
        "promoText": " ",
        "packageSize": "approx. 1.25kg",
        "packagePrice": "$19.00 per 1Kg"
      }
    }
  },
  {
    "id": "lilydale--chicken-breast-fillet-crumbed",
    "brand": "Lilydale",
    "name": "Free Range Chicken Breast Schnitzels",
    "imageUrl": "https://shop.coles.com.au/wcsstore/Coles-CAS/images/2/8/2/2829699-th.jpg",
    "categories": ["entertaining-at-home", "meat-seafood-deli"],
    "tags": ["barbeque", "meat-for-entertaining"],
    "locations": {
      "vic": {
        "price": 10.5,
        "promoText": " ",
        "packageSize": "400g",
        "packagePrice": "$26.25 per 1Kg"
      }
    }
  },
  {
    "id": "coles-chicken-roasting-portions-gourmet",
    "brand": "Coles",
    "name": "RSPCA Approved Chicken Portions With Herb Sprinkle",
    "imageUrl": "https://shop.coles.com.au/wcsstore/Coles-CAS/images/5/7/3/5736299-th.jpg",
    "categories": ["entertaining-at-home", "meat-seafood-deli"],
    "tags": ["barbeque", "meat-for-entertaining"],
    "locations": {
      "vic": {
        "price": 9.49,
        "promoText": " ",
        "packageSize": "approx. 1.46kg",
        "packagePrice": "$6.50 per 1Kg"
      }
    }
  },
  {
    "id": "coles-thin-beef-burgers-10-pack",
    "brand": "Coles",
    "name": "Beef BBQ Burgers 10 pack",
    "imageUrl": "https://shop.coles.com.au/wcsstore/Coles-CAS/images/2/8/1/2814953-th.jpg",
    "categories": ["entertaining-at-home", "meat-seafood-deli"],
    "tags": ["barbeque", "meat-for-entertaining"],
    "locations": {
      "vic": {
        "price": 9,
        "promoText": "Was $9.50 on Jan 2020 ",
        "packageSize": "1kg",
        "packagePrice": "$9.00 per 1Kg"
      }
    }
  },
  {
    "id": "coles-rspca-chicken-portions-southern-style",
    "brand": "Coles",
    "name": "RSPCA Approved Chicken Mixed Portions Southern Fried",
    "imageUrl": "https://shop.coles.com.au/wcsstore/Coles-CAS/images/3/1/7/3175576-th.jpg",
    "categories": ["entertaining-at-home", "meat-seafood-deli"],
    "tags": ["barbeque", "meat-for-entertaining"],
    "locations": {
      "vic": {
        "price": 9.9,
        "promoText": "$1.10 ",
        "packageSize": "approx 1.1 Kg",
        "packagePrice": "$9.00 per 1Kg"
      }
    }
  },
  {
    "id": "lilydale-chicken-mince",
    "brand": "Lilydale",
    "name": "Free Range Chicken Mince",
    "imageUrl": "https://shop.coles.com.au/wcsstore/Coles-CAS/images/7/5/8/7585263-th.jpg",
    "categories": ["entertaining-at-home", "meat-seafood-deli"],
    "tags": ["barbeque", "meat-for-entertaining"],
    "locations": {
      "vic": {
        "price": 9,
        "promoText": " ",
        "packageSize": "500g",
        "packagePrice": "$18.00 per 1Kg"
      }
    }
  },
  {
    "id": "coles-pork-loin-chops-5-6-pieces",
    "brand": "Coles",
    "name": "Pork Loin Chops",
    "imageUrl": "https://shop.coles.com.au/wcsstore/Coles-CAS/images/8/6/0/8600850-th.jpg",
    "categories": ["entertaining-at-home", "meat-seafood-deli"],
    "tags": ["barbeque", "meat-for-entertaining"],
    "locations": {
      "vic": {
        "price": 12.9,
        "promoText": "$2.23 ",
        "packageSize": "approx. 890g",
        "packagePrice": "$14.50 per 1Kg"
      }
    }
  },
  {
    "id": "coles-lamb-leg-steak-3580381p",
    "brand": "Coles",
    "name": "Lamb Leg Steak",
    "imageUrl": "https://shop.coles.com.au/wcsstore/Coles-CAS/images/3/5/8/3580381-th.jpg",
    "categories": ["entertaining-at-home", "meat-seafood-deli"],
    "tags": ["barbeque", "meat-for-entertaining"],
    "locations": {
      "vic": {
        "price": 7.5,
        "promoText": " ",
        "packageSize": "270g",
        "packagePrice": "$27.78 per 1Kg"
      }
    }
  },
  {
    "id": "coles-beef-sizzle-steak",
    "brand": "Coles",
    "name": "Beef Sizzle Steak",
    "imageUrl": "https://shop.coles.com.au/wcsstore/Coles-CAS/images/1/8/3/1832188-th.jpg",
    "categories": ["entertaining-at-home", "meat-seafood-deli"],
    "tags": ["barbeque", "meat-for-entertaining"],
    "locations": {
      "vic": {
        "price": 11,
        "promoText": " ",
        "packageSize": "400g",
        "packagePrice": "$2.75 per 100G"
      }
    }
  },
  {
    "id": "coles-beef-roast-bolar-blade",
    "brand": "Coles",
    "name": "Beef Bolar Blade Roast",
    "imageUrl": "https://shop.coles.com.au/wcsstore/Coles-CAS/images/8/6/0/8601456-th.jpg",
    "categories": ["entertaining-at-home", "meat-seafood-deli"],
    "tags": ["barbeque", "meat-for-entertaining"],
    "locations": {
      "vic": {
        "price": 16.97,
        "promoText": " ",
        "packageSize": "approx. 1.42kg",
        "packagePrice": "$11.95 per 1Kg"
      }
    }
  },
  {
    "id": "coles-beef-burgers",
    "brand": "Coles",
    "name": "Beef Burgers",
    "imageUrl": "https://shop.coles.com.au/wcsstore/Coles-CAS/images/2/5/6/2563875-th.jpg",
    "categories": ["entertaining-at-home", "meat-seafood-deli"],
    "tags": ["barbeque", "meat-for-entertaining"],
    "locations": {
      "vic": {
        "price": 7,
        "promoText": "Any 2 $12",
        "packageSize": "500g",
        "packagePrice": "$14.00 per 1Kg"
      }
    }
  },
  {
    "id": "coles-lamb-leg-roast",
    "brand": "Coles",
    "name": "Lamb Whole Leg Roast",
    "imageUrl": "https://shop.coles.com.au/wcsstore/Coles-CAS/images/9/2/4/9246021-th.jpg",
    "categories": ["entertaining-at-home", "meat-seafood-deli"],
    "tags": ["barbeque", "meat-for-entertaining"],
    "locations": {
      "vic": {
        "price": 30,
        "promoText": "$3.60 ",
        "packageSize": "approx. 2.4kg",
        "packagePrice": "$12.50 per 1Kg"
      }
    }
  },
  {
    "id": "coles-chicken-whole-extra-large",
    "brand": "Coles",
    "name": "RSPCA Approved Extra Large Whole Chicken",
    "imageUrl": "https://shop.coles.com.au/wcsstore/Coles-CAS/images/9/1/9/9196739-th.jpg",
    "categories": ["entertaining-at-home", "meat-seafood-deli"],
    "tags": ["barbeque", "meat-for-entertaining"],
    "locations": {
      "vic": {
        "price": 9.36,
        "promoText": "Was $10.80 on Sep 2019 ",
        "packageSize": "approx. 2.4kg",
        "packagePrice": "$3.90 per 1Kg"
      }
    }
  },
  {
    "id": "coles%09%09%09-salmon---fillets-skin-on-4-pack",
    "brand": "Coles",
    "name": "Tasmanian Salmon Boneless & Skin On 4 Pieces",
    "imageUrl": "https://shop.coles.com.au/wcsstore/Coles-CAS/images/1/5/4/1546564-th.jpg",
    "categories": ["entertaining-at-home", "meat-seafood-deli"],
    "tags": ["barbeque", "seafod-for-entertaining"],
    "locations": {
      "vic": {
        "price": 12,
        "promoText": "Was $13.00 on Apr 2020 ",
        "packageSize": "460g",
        "packagePrice": "$26.09 per 1Kg"
      }
    }
  },
  {
    "id": "john-west-lemon-herb-salmon",
    "brand": "John West",
    "name": "Tasmanian Atlantic Salmon Skinless With Lemon & Herb Crust 2 Pack",
    "imageUrl": "https://shop.coles.com.au/wcsstore/Coles-CAS/images/1/8/6/1861696-th.jpg",
    "categories": ["entertaining-at-home", "meat-seafood-deli"],
    "tags": ["barbeque", "seafod-for-entertaining"],
    "locations": {
      "vic": {
        "price": 15,
        "promoText": " ",
        "packageSize": "295g",
        "packagePrice": "$50.85 per 1Kg"
      }
    }
  },
  {
    "id": "coles-tasmanian-salmon-boneless-skin-on-2-pack",
    "brand": "Coles",
    "name": "Tasmanian Salmon Boneless & Skin On 2 Pieces",
    "imageUrl": "https://shop.coles.com.au/wcsstore/Coles-CAS/images/2/8/7/2878130-th.jpg",
    "categories": ["entertaining-at-home", "meat-seafood-deli"],
    "tags": ["barbeque", "seafod-for-entertaining"],
    "locations": {
      "vic": {
        "price": 10,
        "promoText": "Was $11.00 on Apr 2020 ",
        "packageSize": "280g",
        "packagePrice": "$3.57 per 100G"
      }
    }
  },
  {
    "id": "mt-john-west-garlic-prawns-270g",
    "brand": "John West",
    "name": "Peeled & Prepared Garlic & Herb Marinade Prawns",
    "imageUrl": "https://shop.coles.com.au/wcsstore/Coles-CAS/images/3/0/6/3061034-th.jpg",
    "categories": ["entertaining-at-home", "meat-seafood-deli"],
    "tags": ["barbeque", "seafod-for-entertaining"],
    "locations": {
      "vic": {
        "price": 12,
        "promoText": " ",
        "packageSize": "270g",
        "packagePrice": "$44.44 per 1Kg"
      }
    }
  },
  {
    "id": "coles%09%09%09-salmon-fillets-skin-off",
    "brand": "Coles",
    "name": "Tasmanian Salmon Boneless & Skin Off 2 Pack",
    "imageUrl": "https://shop.coles.com.au/wcsstore/Coles-CAS/images/1/5/5/1558144-th.jpg",
    "categories": ["entertaining-at-home", "meat-seafood-deli"],
    "tags": ["barbeque", "seafod-for-entertaining"],
    "locations": {
      "vic": {
        "price": 11,
        "promoText": "Was $12.00 on Apr 2020 ",
        "packageSize": "280g",
        "packagePrice": "$3.93 per 100G"
      }
    }
  },
  {
    "id": "coles-basa---fillets-2-pack",
    "brand": "Coles",
    "name": "Basa Fillets Boneless & Skin Off 2 Pack",
    "imageUrl": "https://shop.coles.com.au/wcsstore/Coles-CAS/images/1/5/6/1567000-th.jpg",
    "categories": ["entertaining-at-home", "meat-seafood-deli"],
    "tags": ["barbeque", "seafod-for-entertaining"],
    "locations": {
      "vic": {
        "price": 5,
        "promoText": " ",
        "packageSize": "260g",
        "packagePrice": "$1.92 per 100G"
      }
    }
  },
  {
    "id": "john-west-salmon-skin-on",
    "brand": "John West",
    "name": "Tasmanian Salmon Skin On Succulent Fillets 2 Pieces",
    "imageUrl": "https://shop.coles.com.au/wcsstore/Coles-CAS/images/2/5/3/2535235-th.jpg",
    "categories": ["entertaining-at-home", "meat-seafood-deli"],
    "tags": ["barbeque", "seafod-for-entertaining"],
    "locations": {
      "vic": {
        "price": 11,
        "promoText": "$2.00 ",
        "packageSize": "280g",
        "packagePrice": "$39.29 per 1Kg"
      }
    }
  },
  {
    "id": "seakist-salmon-skin-off-4-pk",
    "brand": "Seakist",
    "name": "Tasmanian Atlantic Salmon Skin Off 4 Pack",
    "imageUrl": "https://shop.coles.com.au/wcsstore/Coles-CAS/images/3/3/8/3387359-th.jpg",
    "categories": ["entertaining-at-home", "meat-seafood-deli"],
    "tags": ["barbeque", "seafod-for-entertaining"],
    "locations": {
      "vic": {
        "price": 16,
        "promoText": " ",
        "packageSize": "460g",
        "packagePrice": "$34.78 per 1Kg"
      }
    }
  },
  {
    "id": "i-j-raw-prawns-tail-off",
    "brand": "I&J",
    "name": "Raw Prawns Tail Off",
    "imageUrl": "https://shop.coles.com.au/wcsstore/Coles-CAS/images/3/5/8/3580166-th.jpg",
    "categories": ["entertaining-at-home"],
    "tags": ["barbeque", "seafod-for-entertaining"],
    "locations": {
      "vic": {
        "price": 19,
        "promoText": " ",
        "packageSize": "500g",
        "packagePrice": "$3.80 per 100G"
      }
    }
  },
  {
    "id": "john-west-barramundi-with-lemon-myrtle--275g",
    "brand": "John West",
    "name": "Barramundi With Lemon Myrtle & Murray River Salt Seasoning 2 Pack",
    "imageUrl": "https://shop.coles.com.au/wcsstore/Coles-CAS/images/3/0/6/3060949-th.jpg",
    "categories": ["entertaining-at-home", "meat-seafood-deli"],
    "tags": ["barbeque", "seafod-for-entertaining"],
    "locations": {
      "vic": {
        "price": 12,
        "promoText": " ",
        "packageSize": "275g",
        "packagePrice": "$4.36 per 100G"
      }
    }
  },
  {
    "id": "john-west-salmon------skin-off-2pk",
    "brand": "John West",
    "name": "Salmon Skinless Off Succulent Fillets 2 Pack",
    "imageUrl": "https://shop.coles.com.au/wcsstore/Coles-CAS/images/3/0/3/3039512-th.jpg",
    "categories": ["entertaining-at-home", "meat-seafood-deli"],
    "tags": ["barbeque", "seafod-for-entertaining"],
    "locations": {
      "vic": {
        "price": 14,
        "promoText": " ",
        "packageSize": "280g",
        "packagePrice": "$50.00 per 1Kg"
      }
    }
  },
  {
    "id": "john-west-salmon-alaskan-skin-on-280g",
    "brand": "John West",
    "name": "Wild Alaskan Red Sockeye Salmon Skin On",
    "imageUrl": "https://shop.coles.com.au/wcsstore/Coles-CAS/images/3/4/7/3479457-th.jpg",
    "categories": ["entertaining-at-home", "meat-seafood-deli"],
    "tags": ["barbeque", "seafod-for-entertaining"],
    "locations": {
      "vic": {
        "price": 15,
        "promoText": " ",
        "packageSize": "280g",
        "packagePrice": "$53.57 per 1Kg"
      }
    }
  },
  {
    "id": "coles-diced-tasmanian-salmon-300g",
    "brand": "Coles",
    "name": "Tasmanian Diced Salmon Boneless & Skin Off",
    "imageUrl": "https://shop.coles.com.au/wcsstore/Coles-CAS/images/3/0/5/3051493-th.jpg",
    "categories": ["entertaining-at-home", "meat-seafood-deli"],
    "tags": ["barbeque", "seafod-for-entertaining"],
    "locations": {
      "vic": {
        "price": 8,
        "promoText": " ",
        "packageSize": "300g",
        "packagePrice": "$26.67 per 1Kg"
      }
    }
  },
  {
    "id": "mt-john-west-seafood-selections",
    "brand": "John West",
    "name": "Seafood Selection",
    "imageUrl": "https://shop.coles.com.au/wcsstore/Coles-CAS/images/1/3/3/1336211-th.jpg",
    "categories": ["entertaining-at-home", "meat-seafood-deli"],
    "tags": ["barbeque", "seafod-for-entertaining"],
    "locations": {
      "vic": {
        "price": 8,
        "promoText": " ",
        "packageSize": "280g",
        "packagePrice": "$28.57 per 1Kg"
      }
    }
  },
  {
    "id": "i-j-raw-prawns-extra-large",
    "brand": "I&J",
    "name": "Raw Prawns Extra Large Tail On",
    "imageUrl": "https://shop.coles.com.au/wcsstore/Coles-CAS/images/3/5/8/3580177-th.jpg",
    "categories": ["entertaining-at-home"],
    "tags": ["barbeque", "seafod-for-entertaining"],
    "locations": {
      "vic": {
        "price": 22,
        "promoText": " ",
        "packageSize": "500g",
        "packagePrice": "$4.40 per 100G"
      }
    }
  },
  {
    "id": "john-west-salmon-lime-chilli--lemongrass-2pk",
    "brand": "John West",
    "name": "Salmon with Lemongrass, Kaffir Lime & Chilli Marinade",
    "imageUrl": "https://shop.coles.com.au/wcsstore/Coles-CAS/images/3/0/6/3061067-th.jpg",
    "categories": ["entertaining-at-home", "meat-seafood-deli"],
    "tags": ["barbeque", "seafod-for-entertaining"],
    "locations": {
      "vic": {
        "price": 14,
        "promoText": " ",
        "packageSize": "280g",
        "packagePrice": "$50.00 per 1Kg"
      }
    }
  },
  {
    "id": "coles-whiting---fillets-crumbed",
    "brand": "Coles",
    "name": "Crumbed Whiting Mini Fillets",
    "imageUrl": "https://shop.coles.com.au/wcsstore/Coles-CAS/images/1/5/8/1589884-th.jpg",
    "categories": ["entertaining-at-home", "meat-seafood-deli"],
    "tags": ["barbeque", "seafod-for-entertaining"],
    "locations": {
      "vic": {
        "price": 10,
        "promoText": " ",
        "packageSize": "285g",
        "packagePrice": "$35.09 per 1Kg"
      }
    }
  },
  {
    "id": "i-j-raw-prawns-tail-on",
    "brand": "I&J",
    "name": "Raw Prawns Tail On",
    "imageUrl": "https://shop.coles.com.au/wcsstore/Coles-CAS/images/3/5/8/3580290-th.jpg",
    "categories": ["entertaining-at-home"],
    "tags": ["barbeque", "seafod-for-entertaining"],
    "locations": {
      "vic": {
        "price": 19,
        "promoText": " ",
        "packageSize": "500g",
        "packagePrice": "$3.80 per 100G"
      }
    }
  },
  {
    "id": "coles-cooked-peeled-prawns-tail-on",
    "brand": "Coles",
    "name": "Prawns Cooked & Peeled Tail On",
    "imageUrl": "https://shop.coles.com.au/wcsstore/Coles-CAS/images/2/4/4/2442247-th.jpg",
    "categories": ["entertaining-at-home"],
    "tags": ["barbeque", "seafod-for-entertaining"],
    "locations": {
      "vic": {
        "price": 10,
        "promoText": " ",
        "packageSize": "350g",
        "packagePrice": "$28.57 per 1Kg"
      }
    }
  },
  {
    "id": "coles-cooked-peeled-prawns",
    "brand": "Coles",
    "name": "Frozen Cooked Peeled Prawns",
    "imageUrl": "https://shop.coles.com.au/wcsstore/Coles-CAS/images/2/4/4/2442236-th.jpg",
    "categories": ["entertaining-at-home"],
    "tags": ["barbeque", "seafod-for-entertaining"],
    "locations": {
      "vic": {
        "price": 10,
        "promoText": " ",
        "packageSize": "350g",
        "packagePrice": "$28.57 per 1Kg"
      }
    }
  },
  {
    "id": "i-j-cooked-peeled-prawns-tail-off",
    "brand": "I&J",
    "name": "The Finest Frozen Prawns Cooked & Peeled Tail Off",
    "imageUrl": "https://shop.coles.com.au/wcsstore/Coles-CAS/images/3/5/8/3580188-th.jpg",
    "categories": ["entertaining-at-home"],
    "tags": ["barbeque", "seafod-for-entertaining"],
    "locations": {
      "vic": {
        "price": 15,
        "promoText": "$4.00 ",
        "packageSize": "500g",
        "packagePrice": "$30.00 per 1Kg"
      }
    }
  },
  {
    "id": "john-west-australian-prawns-with-salt-pepper-marinade",
    "brand": "John West",
    "name": "Australian Prawns with Salt & Pepper Marinade",
    "imageUrl": "https://shop.coles.com.au/wcsstore/Coles-CAS/images/3/6/2/3628230-th.jpg",
    "categories": ["entertaining-at-home", "meat-seafood-deli"],
    "tags": ["barbeque", "seafod-for-entertaining"],
    "locations": {
      "vic": {
        "price": 13,
        "promoText": " ",
        "packageSize": "250g",
        "packagePrice": "$5.20 per 100G"
      }
    }
  },
  {
    "id": "john-west-prawns---with-cocktail-sauce",
    "brand": "John West",
    "name": "Prawns With Cocktail Sauce",
    "imageUrl": "https://shop.coles.com.au/wcsstore/Coles-CAS/images/1/5/4/1549143-th.jpg",
    "categories": ["entertaining-at-home", "meat-seafood-deli"],
    "tags": ["barbeque", "seafod-for-entertaining"],
    "locations": {
      "vic": {
        "price": 12,
        "promoText": " ",
        "packageSize": "260g",
        "packagePrice": "$46.15 per 1Kg"
      }
    }
  },
  {
    "id": "thomy-mayonnaise-delikatess",
    "brand": "Thomy",
    "name": "Delikatess Mayonnaise",
    "imageUrl": "https://shop.coles.com.au/wcsstore/Coles-CAS/images/5/0/3/5032117-th.jpg",
    "categories": ["entertaining-at-home"],
    "tags": ["barbeque", "condiments-marinades"],
    "locations": {
      "vic": {
        "price": 6,
        "promoText": " ",
        "packageSize": "470g",
        "packagePrice": "$1.28 per 100G"
      }
    }
  },
  {
    "id": "maggi-oyster-sauce",
    "brand": "Maggi",
    "name": "Oyster Sauce",
    "imageUrl": "https://shop.coles.com.au/wcsstore/Coles-CAS/images/5/1/9/5196996-th.jpg",
    "categories": ["entertaining-at-home"],
    "tags": ["barbeque", "condiments-marinades"],
    "locations": {
      "vic": {
        "price": 3,
        "promoText": " ",
        "packageSize": "275mL",
        "packagePrice": "$1.09 per 100mL"
      }
    }
  },
  {
    "id": "masterfoods-mustard-american-mild",
    "brand": "MasterFoods",
    "name": "Mild American Mustard Smooth & Tangy",
    "imageUrl": "https://shop.coles.com.au/wcsstore/Coles-CAS/images/8/8/3/8833305-th.jpg",
    "categories": ["entertaining-at-home"],
    "tags": ["barbeque", "condiments-marinades"],
    "locations": {
      "vic": {
        "price": 3.5,
        "promoText": "$0.65 ",
        "packageSize": "550g",
        "packagePrice": "$0.64 per 100G"
      }
    }
  },
  {
    "id": "masterfoods-sweet-chilli-sauce",
    "brand": "MasterFoods",
    "name": "Sweet Chilli Sauce",
    "imageUrl": "https://shop.coles.com.au/wcsstore/Coles-CAS/images/8/5/9/8592264-th.jpg",
    "categories": ["entertaining-at-home"],
    "tags": ["barbeque", "condiments-marinades"],
    "locations": {
      "vic": {
        "price": 2.8,
        "promoText": "$0.50 ",
        "packageSize": "500mL",
        "packagePrice": "$0.56 per 100mL"
      }
    }
  },
  {
    "id": "masterfoods-sauce-tartare",
    "brand": "MasterFoods",
    "name": "Traditional Tartare Sauce",
    "imageUrl": "https://shop.coles.com.au/wcsstore/Coles-CAS/images/1/9/0/190915-th.jpg",
    "categories": ["entertaining-at-home"],
    "tags": ["barbeque", "condiments-marinades"],
    "locations": {
      "vic": {
        "price": 2.4,
        "promoText": " ",
        "packageSize": "220g",
        "packagePrice": "$1.09 per 100G"
      }
    }
  },
  {
    "id": "masterfoods-mustard-dijon",
    "brand": "MasterFoods",
    "name": "Dijon Mustard",
    "imageUrl": "https://shop.coles.com.au/wcsstore/Coles-CAS/images/5/4/3/5434948-th.jpg",
    "categories": ["entertaining-at-home"],
    "tags": ["barbeque", "condiments-marinades"],
    "locations": {
      "vic": {
        "price": 2.5,
        "promoText": "$0.30 ",
        "packageSize": "170g",
        "packagePrice": "$1.47 per 100G"
      }
    }
  },
  {
    "id": "praise-whole-egg-mayonnaise",
    "brand": "Praise",
    "name": "Whole Egg Mayonnaise",
    "imageUrl": "https://shop.coles.com.au/wcsstore/Coles-CAS/images/5/2/9/5296593-th.jpg",
    "categories": ["entertaining-at-home"],
    "tags": ["barbeque", "condiments-marinades"],
    "locations": {
      "vic": {
        "price": 5,
        "promoText": " ",
        "packageSize": "335g",
        "packagePrice": "$1.49 per 100G"
      }
    }
  },
  {
    "id": "praise-coleslaw-dressing",
    "brand": "Praise",
    "name": "Coleslaw Dressing",
    "imageUrl": "https://shop.coles.com.au/wcsstore/Coles-CAS/images/9/8/2/9821061-th.jpg",
    "categories": ["entertaining-at-home"],
    "tags": ["barbeque", "condiments-marinades"],
    "locations": {
      "vic": {
        "price": 3,
        "promoText": "Was $3.50 on Oct 2017 ",
        "packageSize": "330mL",
        "packagePrice": "$0.91 per 100mL"
      }
    }
  },
  {
    "id": "fountain-sweet-chilli-sauce",
    "brand": "Fountain",
    "name": "Sweet Chilli Sauce",
    "imageUrl": "https://shop.coles.com.au/wcsstore/Coles-CAS/images/6/8/4/6849199-th.jpg",
    "categories": ["entertaining-at-home"],
    "tags": ["barbeque", "condiments-marinades"],
    "locations": {
      "vic": {
        "price": 2.7,
        "promoText": " ",
        "packageSize": "250mL",
        "packagePrice": "$1.08 per 100mL"
      }
    }
  },
  {
    "id": "praise-mayonnaise-traditional-squeezable-8733876p",
    "brand": "Praise",
    "name": "Traditional Squeezable Mayonnaise",
    "imageUrl": "https://shop.coles.com.au/wcsstore/Coles-CAS/images/8/7/3/8733876-th.jpg",
    "categories": ["entertaining-at-home"],
    "tags": ["barbeque", "condiments-marinades"],
    "locations": {
      "vic": {
        "price": 2.5,
        "promoText": "$0.90 ",
        "packageSize": "365g",
        "packagePrice": "$0.68 per 100G"
      }
    }
  },
  {
    "id": "praise-dressing-french",
    "brand": "Praise",
    "name": "French Dressing",
    "imageUrl": "https://shop.coles.com.au/wcsstore/Coles-CAS/images/9/8/2/9820998-th.jpg",
    "categories": ["entertaining-at-home"],
    "tags": ["barbeque", "condiments-marinades"],
    "locations": {
      "vic": {
        "price": 3,
        "promoText": "Was $3.50 on Oct 2017 ",
        "packageSize": "330mL",
        "packagePrice": "$0.91 per 100mL"
      }
    }
  },
  {
    "id": "praise-sauce-deli-style-aioli-classic",
    "brand": "Praise",
    "name": "Deli Style Classic Aioli",
    "imageUrl": "https://shop.coles.com.au/wcsstore/Coles-CAS/images/1/4/2/1423247-th.jpg",
    "categories": ["entertaining-at-home"],
    "tags": ["barbeque", "condiments-marinades"],
    "locations": {
      "vic": {
        "price": 3,
        "promoText": " ",
        "packageSize": "250mL",
        "packagePrice": "$1.20 per 100mL"
      }
    }
  },
  {
    "id": "fountain-soy-sauce",
    "brand": "Fountain",
    "name": "Soy Sauce",
    "imageUrl": "https://shop.coles.com.au/wcsstore/Coles-CAS/images/5/3/7/5377390-th.jpg",
    "categories": ["entertaining-at-home"],
    "tags": ["barbeque", "condiments-marinades"],
    "locations": {
      "vic": {
        "price": 2.7,
        "promoText": " ",
        "packageSize": "250mL",
        "packagePrice": "$1.08 per 100mL"
      }
    }
  },
  {
    "id": "masterfoods-tomato-sauce-squeeze",
    "brand": "MasterFoods",
    "name": "Tomato Sauce",
    "imageUrl": "https://shop.coles.com.au/wcsstore/Coles-CAS/images/7/7/1/7717331-th.jpg",
    "categories": ["entertaining-at-home"],
    "tags": ["barbeque", "condiments-marinades"],
    "locations": {
      "vic": {
        "price": 2.5,
        "promoText": "$0.45 ",
        "packageSize": "500mL",
        "packagePrice": "$0.50 per 100mL"
      }
    }
  },
  {
    "id": "heinz-tomato-ketchup-50-less-sugar",
    "brand": "Heinz",
    "name": "Tomato Ketchup 50% Less Sugar",
    "imageUrl": "https://shop.coles.com.au/wcsstore/Coles-CAS/images/3/0/9/3091330-th.jpg",
    "categories": ["entertaining-at-home"],
    "tags": ["barbeque", "condiments-marinades"],
    "locations": {
      "vic": {
        "price": 3.2,
        "promoText": " ",
        "packageSize": "500mL",
        "packagePrice": "$0.64 per 100mL"
      }
    }
  },
  {
    "id": "masterfoods-tomato-sauce-squeeze-salt-reduced",
    "brand": "MasterFoods",
    "name": "Salt Reduced Tomato Sauce",
    "imageUrl": "https://shop.coles.com.au/wcsstore/Coles-CAS/images/5/4/2/5427895-th.jpg",
    "categories": ["entertaining-at-home"],
    "tags": ["barbeque", "condiments-marinades"],
    "locations": {
      "vic": {
        "price": 2.5,
        "promoText": "$0.45 ",
        "packageSize": "475mL",
        "packagePrice": "$0.53 per 100mL"
      }
    }
  },
  {
    "id": "masterfoods-tomato-sauce-4870911p",
    "brand": "MasterFoods",
    "name": "Squeezy Tomato Sauce",
    "imageUrl": "https://shop.coles.com.au/wcsstore/Coles-CAS/images/4/8/7/4870911-th.jpg",
    "categories": ["entertaining-at-home"],
    "tags": ["barbeque", "condiments-marinades"],
    "locations": {
      "vic": {
        "price": 4,
        "promoText": "Was $4.69 on Nov 2017 ",
        "packageSize": "920mL",
        "packagePrice": "$0.43 per 100mL"
      }
    }
  },
  {
    "id": "coles-sauce-tomato-squeezy",
    "brand": "Coles",
    "name": "Tomato Squeezy Sauce",
    "imageUrl": "https://shop.coles.com.au/wcsstore/Coles-CAS/images/7/4/1/7413417-th.jpg",
    "categories": ["entertaining-at-home"],
    "tags": ["barbeque", "condiments-marinades"],
    "locations": {
      "vic": {
        "price": 1.5,
        "promoText": " ",
        "packageSize": "500mL",
        "packagePrice": "$0.30 per 100mL"
      }
    }
  },
  {
    "id": "cock-sauce-sriracha-hot-chilli",
    "brand": "Huy Fong Foods",
    "name": "Sriracha Hot Chilli Sauce",
    "imageUrl": "https://shop.coles.com.au/wcsstore/Coles-CAS/images/1/3/1/1315142-th.jpg",
    "categories": ["entertaining-at-home"],
    "tags": ["barbeque", "condiments-marinades"],
    "locations": {
      "vic": {
        "price": 5.5,
        "promoText": " ",
        "packageSize": "482g",
        "packagePrice": "$1.14 per 100G"
      }
    }
  },
  {
    "id": "maille-mustard-dijon",
    "brand": "Maille",
    "name": "Traditional Dijon Mustard",
    "imageUrl": "https://shop.coles.com.au/wcsstore/Coles-CAS/images/5/2/0/5201123-th.jpg",
    "categories": ["entertaining-at-home"],
    "tags": ["barbeque", "condiments-marinades"],
    "locations": {
      "vic": {
        "price": 4.2,
        "promoText": " ",
        "packageSize": "215g",
        "packagePrice": "$1.95 per 100G"
      }
    }
  },
  {
    "id": "kikkoman-soy-sauce",
    "brand": "Kikkoman",
    "name": "Soy Sauce",
    "imageUrl": "https://shop.coles.com.au/wcsstore/Coles-CAS/images/8/2/8/8280895-th.jpg",
    "categories": ["entertaining-at-home"],
    "tags": ["barbeque", "condiments-marinades"],
    "locations": {
      "vic": {
        "price": 5.55,
        "promoText": "$0.70 ",
        "packageSize": "600mL",
        "packagePrice": "$0.93 per 100mL"
      }
    }
  },
  {
    "id": "masterfoods-tomato-squeezy-sauce",
    "brand": "MasterFoods",
    "name": "Australian Grown Tomato Sauce",
    "imageUrl": "https://shop.coles.com.au/wcsstore/Coles-CAS/images/9/9/0/9905423-th.jpg",
    "categories": ["entertaining-at-home"],
    "tags": ["barbeque", "condiments-marinades"],
    "locations": {
      "vic": {
        "price": 3.15,
        "promoText": "Any 2 $5",
        "packageSize": "500mL",
        "packagePrice": "$0.63 per 100mL"
      }
    }
  },
  {
    "id": "maille-mustard-mild-wholegrain",
    "brand": "Maille",
    "name": "Mild Wholegrain Mustard",
    "imageUrl": "https://shop.coles.com.au/wcsstore/Coles-CAS/images/5/1/7/5179807-th.jpg",
    "categories": ["entertaining-at-home"],
    "tags": ["barbeque", "condiments-marinades"],
    "locations": {
      "vic": {
        "price": 4.2,
        "promoText": " ",
        "packageSize": "210g",
        "packagePrice": "$2.00 per 100G"
      }
    }
  },
  {
    "id": "masterfoods-barbeque-sauce-squeeze-7716441p",
    "brand": "MasterFoods",
    "name": "Barbecue Sauce",
    "imageUrl": "https://shop.coles.com.au/wcsstore/Coles-CAS/images/7/7/1/7716441-th.jpg",
    "categories": ["entertaining-at-home"],
    "tags": ["barbeque", "condiments-marinades"],
    "locations": {
      "vic": {
        "price": 2.5,
        "promoText": "$0.45 ",
        "packageSize": "500mL",
        "packagePrice": "$0.50 per 100mL"
      }
    }
  },
  {
    "id": "rosella-tomato-sauce-9735946p",
    "brand": "Rosella",
    "name": "Squeezy Tomato Sauce",
    "imageUrl": "https://shop.coles.com.au/wcsstore/Coles-CAS/images/9/7/3/9735946-th.jpg",
    "categories": ["entertaining-at-home"],
    "tags": ["barbeque", "condiments-marinades"],
    "locations": {
      "vic": {
        "price": 2.3,
        "promoText": " ",
        "packageSize": "500mL",
        "packagePrice": "$0.46 per 100mL"
      }
    }
  },
  {
    "id": "kikkoman-soy-sauce-salt-reduced-52897p",
    "brand": "Kikkoman",
    "name": "Salt Reduced Soy Sauce",
    "imageUrl": "https://shop.coles.com.au/wcsstore/Coles-CAS/images/5/2/8/52897-th.jpg",
    "categories": ["entertaining-at-home"],
    "tags": ["barbeque", "condiments-marinades"],
    "locations": {
      "vic": {
        "price": 5.5,
        "promoText": " ",
        "packageSize": "250mL",
        "packagePrice": "$2.20 per 100mL"
      }
    }
  },
  {
    "id": "beerenberg-chutney-tomato",
    "brand": "Beerenberg",
    "name": "Tomato Chutney",
    "imageUrl": "https://shop.coles.com.au/wcsstore/Coles-CAS/images/3/6/7/367446-th.jpg",
    "categories": ["entertaining-at-home"],
    "tags": ["barbeque", "condiments-marinades"],
    "locations": {
      "vic": {
        "price": 5.35,
        "promoText": " ",
        "packageSize": "260g",
        "packagePrice": "$2.06 per 100G"
      }
    }
  },
  {
    "id": "coles-traditional-mayonnaise",
    "brand": "Coles",
    "name": "Traditional Mayonnaise",
    "imageUrl": "https://shop.coles.com.au/wcsstore/Coles-CAS/images/2/4/5/2454767-th.jpg",
    "categories": ["entertaining-at-home"],
    "tags": ["barbeque", "condiments-marinades"],
    "locations": {
      "vic": {
        "price": 2.6,
        "promoText": " ",
        "packageSize": "470g",
        "packagePrice": "$0.55 per 100G"
      }
    }
  },
  {
    "id": "heinz-seriously-good-garlic-aioli-mayonnaise",
    "brand": "Heinz",
    "name": "Garlic Aioli Mayonnaise",
    "imageUrl": "https://shop.coles.com.au/wcsstore/Coles-CAS/images/2/0/6/2060262-th.jpg",
    "categories": ["entertaining-at-home"],
    "tags": ["barbeque", "condiments-marinades"],
    "locations": {
      "vic": {
        "price": 4,
        "promoText": " ",
        "packageSize": "295mL",
        "packagePrice": "$1.36 per 100mL"
      }
    }
  },
  {
    "id": "kikkoman-soy-sauce-459125p",
    "brand": "Kikkoman",
    "name": "Soy Sauce",
    "imageUrl": "https://shop.coles.com.au/wcsstore/Coles-CAS/images/4/5/9/459125-th.jpg",
    "categories": ["entertaining-at-home"],
    "tags": ["barbeque", "condiments-marinades"],
    "locations": {
      "vic": {
        "price": 8,
        "promoText": "Was $9.50 on May 2020 ",
        "packageSize": "1L",
        "packagePrice": "$8.00 per 1L"
      }
    }
  },
  {
    "id": "s-w-mayonnaise-real-whole-egg",
    "brand": "S&W",
    "name": "Real Whole Egg Mayonnaise",
    "imageUrl": "https://shop.coles.com.au/wcsstore/Coles-CAS/images/6/1/4/6144750-th.jpg",
    "categories": ["entertaining-at-home"],
    "tags": ["barbeque", "condiments-marinades"],
    "locations": {
      "vic": {
        "price": 6,
        "promoText": " ",
        "packageSize": "440g",
        "packagePrice": "$1.36 per 100G"
      }
    }
  },
  {
    "id": "trident-sweet-chilli-sauce",
    "brand": "Trident",
    "name": "Sweet Chilli Sauce",
    "imageUrl": "https://shop.coles.com.au/wcsstore/Coles-CAS/images/4/2/6/426670-th.jpg",
    "categories": ["entertaining-at-home"],
    "tags": ["barbeque", "condiments-marinades"],
    "locations": {
      "vic": {
        "price": 3,
        "promoText": " ",
        "packageSize": "285mL",
        "packagePrice": "$1.05 per 100mL"
      }
    }
  },
  {
    "id": "coles-dijon-mustard",
    "brand": "Coles",
    "name": "Dijon Mustard Smooth And Mild",
    "imageUrl": "https://shop.coles.com.au/wcsstore/Coles-CAS/images/2/4/2/2421473-th.jpg",
    "categories": ["entertaining-at-home"],
    "tags": ["barbeque", "condiments-marinades"],
    "locations": {
      "vic": {
        "price": 2,
        "promoText": " ",
        "packageSize": "200g",
        "packagePrice": "$1.00 per 100G"
      }
    }
  },
  {
    "id": "coles-garlic-aioli-mayonnaise",
    "brand": "Coles",
    "name": "Garlic Aioli",
    "imageUrl": "https://shop.coles.com.au/wcsstore/Coles-CAS/images/2/4/5/2454790-th.jpg",
    "categories": ["entertaining-at-home"],
    "tags": ["barbeque", "condiments-marinades"],
    "locations": {
      "vic": {
        "price": 2.75,
        "promoText": " ",
        "packageSize": "350g",
        "packagePrice": "$0.79 per 100G"
      }
    }
  },
  {
    "id": "coles-soy-sauce-2579434p",
    "brand": "Coles",
    "name": "Soy Sauce",
    "imageUrl": "https://shop.coles.com.au/wcsstore/Coles-CAS/images/2/5/7/2579434-th.jpg",
    "categories": ["entertaining-at-home"],
    "tags": ["barbeque", "condiments-marinades"],
    "locations": {
      "vic": {
        "price": 1.9,
        "promoText": " ",
        "packageSize": "500mL",
        "packagePrice": "$0.38 per 100mL"
      }
    }
  },
  {
    "id": "kikkoman-soy-sauce-gluten-free",
    "brand": "Kikkoman",
    "name": "Gluten Free Soy Sauce",
    "imageUrl": "https://shop.coles.com.au/wcsstore/Coles-CAS/images/7/8/3/7834131-th.jpg",
    "categories": ["entertaining-at-home"],
    "tags": ["barbeque", "condiments-marinades"],
    "locations": {
      "vic": {
        "price": 5,
        "promoText": " ",
        "packageSize": "250mL",
        "packagePrice": "$2.00 per 100mL"
      }
    }
  },
  {
    "id": "kikkoman-soy-sauce-128183p",
    "brand": "Kikkoman",
    "name": "Soy Sauce",
    "imageUrl": "https://shop.coles.com.au/wcsstore/Coles-CAS/images/1/2/8/128183-th.jpg",
    "categories": ["entertaining-at-home"],
    "tags": ["barbeque", "condiments-marinades"],
    "locations": {
      "vic": {
        "price": 4,
        "promoText": " ",
        "packageSize": "150mL",
        "packagePrice": "$2.67 per 100mL"
      }
    }
  },
  {
    "id": "masterfoods-squeezy-sauce-bbq-reduced-salt",
    "brand": "MasterFoods",
    "name": "BBQ Sauce Reduced Salt & Sugar",
    "imageUrl": "https://shop.coles.com.au/wcsstore/Coles-CAS/images/8/5/7/8575582-th.jpg",
    "categories": ["entertaining-at-home"],
    "tags": ["barbeque", "condiments-marinades"],
    "locations": {
      "vic": {
        "price": 2.5,
        "promoText": "$0.45 ",
        "packageSize": "500mL",
        "packagePrice": "$0.50 per 100mL"
      }
    }
  },
  {
    "id": "pearl-river-bridge-light-soy-sauce",
    "brand": "Pearl River Bridge",
    "name": "Light Soy Sauce",
    "imageUrl": "https://shop.coles.com.au/wcsstore/Coles-CAS/images/4/0/4/404542-th.jpg",
    "categories": ["entertaining-at-home"],
    "tags": ["barbeque", "condiments-marinades"],
    "locations": {
      "vic": {
        "price": 2.85,
        "promoText": " ",
        "packageSize": "500mL",
        "packagePrice": "$0.57 per 100mL"
      }
    }
  },
  {
    "id": "best-foods-mayonnaise-real-6499745p",
    "brand": "Best Foods",
    "name": "Real Mayonnaise",
    "imageUrl": "https://shop.coles.com.au/wcsstore/Coles-CAS/images/6/4/9/6499745-th.jpg",
    "categories": ["entertaining-at-home"],
    "tags": ["barbeque", "condiments-marinades"],
    "locations": {
      "vic": {
        "price": 6,
        "promoText": " ",
        "packageSize": "405g",
        "packagePrice": "$1.48 per 100G"
      }
    }
  },
  {
    "id": "coles-sauce-barbeque-squeezy",
    "brand": "Coles",
    "name": "Barbecue Squeezy Sauce",
    "imageUrl": "https://shop.coles.com.au/wcsstore/Coles-CAS/images/7/4/1/7413440-th.jpg",
    "categories": ["entertaining-at-home"],
    "tags": ["barbeque", "condiments-marinades"],
    "locations": {
      "vic": {
        "price": 1.5,
        "promoText": " ",
        "packageSize": "500mL",
        "packagePrice": "$0.30 per 100mL"
      }
    }
  },
  {
    "id": "lea-perrins-worcestershire-sauce",
    "brand": "Lea & Perrins",
    "name": "Worcestershire Sauce",
    "imageUrl": "https://shop.coles.com.au/wcsstore/Coles-CAS/images/5/3/1/5310752-th.jpg",
    "categories": ["entertaining-at-home"],
    "tags": ["barbeque", "condiments-marinades"],
    "locations": {
      "vic": {
        "price": 3.35,
        "promoText": " ",
        "packageSize": "290mL",
        "packagePrice": "$1.16 per 100mL"
      }
    }
  },
  {
    "id": "praise-mayonnaise-traditional-squeezable",
    "brand": "Praise",
    "name": "Traditional Mayonnaise",
    "imageUrl": "https://shop.coles.com.au/wcsstore/Coles-CAS/images/8/7/3/8734744-th.jpg",
    "categories": ["entertaining-at-home"],
    "tags": ["barbeque", "condiments-marinades"],
    "locations": {
      "vic": {
        "price": 3.5,
        "promoText": "Was $4.20 on Nov 2017 ",
        "packageSize": "490g",
        "packagePrice": "$0.71 per 100G"
      }
    }
  },
  {
    "id": "coles-brand-sauce-tomato",
    "brand": "Coles",
    "name": "Tomato Sauce",
    "imageUrl": "https://shop.coles.com.au/wcsstore/Coles-CAS/images/8/8/4/8849054-th.jpg",
    "categories": ["entertaining-at-home"],
    "tags": ["barbeque", "condiments-marinades"],
    "locations": {
      "vic": {
        "price": 4,
        "promoText": " ",
        "packageSize": "2L",
        "packagePrice": "$0.20 per 100mL"
      }
    }
  },
  {
    "id": "masterfoods-smokey-barbeque-sauce-squeeze",
    "brand": "MasterFoods",
    "name": "Smokey BBQ Sauce",
    "imageUrl": "https://shop.coles.com.au/wcsstore/Coles-CAS/images/5/4/2/5427884-th.jpg",
    "categories": ["entertaining-at-home"],
    "tags": ["barbeque", "condiments-marinades"],
    "locations": {
      "vic": {
        "price": 3.15,
        "promoText": "Any 2 $5",
        "packageSize": "500mL",
        "packagePrice": "$0.63 per 100mL"
      }
    }
  },
  {
    "id": "mcilhenny-tabasco-sauce-422599p",
    "brand": "Mc Ilhenny Co.",
    "name": "Tabasco Sauce",
    "imageUrl": "https://shop.coles.com.au/wcsstore/Coles-CAS/images/4/2/2/422599-th.jpg",
    "categories": ["entertaining-at-home"],
    "tags": ["barbeque", "condiments-marinades"],
    "locations": {
      "vic": {
        "price": 4.6,
        "promoText": " ",
        "packageSize": "60mL",
        "packagePrice": "$7.67 per 100mL"
      }
    }
  },
  {
    "id": "coles-sauce-apple",
    "brand": "Coles",
    "name": "Apple Sauce",
    "imageUrl": "https://shop.coles.com.au/wcsstore/Coles-CAS/images/6/5/5/6551211-th.jpg",
    "categories": ["entertaining-at-home"],
    "tags": ["barbeque", "condiments-marinades"],
    "locations": {
      "vic": {
        "price": 1.8,
        "promoText": " ",
        "packageSize": "375g",
        "packagePrice": "$0.48 per 100G"
      }
    }
  },
  {
    "id": "coles-brand-sauce-sweet-chilli",
    "brand": "Coles",
    "name": "Sweet Chilli Sauce",
    "imageUrl": "https://shop.coles.com.au/wcsstore/Coles-CAS/images/5/3/3/5332289-th.jpg",
    "categories": ["entertaining-at-home"],
    "tags": ["barbeque", "condiments-marinades"],
    "locations": {
      "vic": {
        "price": 1.79,
        "promoText": " ",
        "packageSize": "500mL",
        "packagePrice": "$0.36 per 100mL"
      }
    }
  },
  {
    "id": "coles-wholegrain-mustard",
    "brand": "Coles",
    "name": "Wholegrain Mustard",
    "imageUrl": "https://shop.coles.com.au/wcsstore/Coles-CAS/images/2/4/2/2421484-th.jpg",
    "categories": ["entertaining-at-home"],
    "tags": ["barbeque", "condiments-marinades"],
    "locations": {
      "vic": {
        "price": 2,
        "promoText": " ",
        "packageSize": "200g",
        "packagePrice": "$1.00 per 100G"
      }
    }
  },
  {
    "id": "hp-sauce-original-top-down",
    "brand": "HP",
    "name": "Original Sauce",
    "imageUrl": "https://shop.coles.com.au/wcsstore/Coles-CAS/images/9/8/9/9899750-th.jpg",
    "categories": ["entertaining-at-home"],
    "tags": ["barbeque", "condiments-marinades"],
    "locations": {
      "vic": {
        "price": 5,
        "promoText": " ",
        "packageSize": "390mL",
        "packagePrice": "$1.28 per 100mL"
      }
    }
  },
  {
    "id": "nandos-peri-peri-sauce-medium",
    "brand": "Nando's",
    "name": "Medium Peri-Peri Sauce",
    "imageUrl": "https://shop.coles.com.au/wcsstore/Coles-CAS/images/2/7/8/2789620-th.jpg",
    "categories": ["entertaining-at-home"],
    "tags": ["barbeque", "condiments-marinades"],
    "locations": {
      "vic": {
        "price": 5.75,
        "promoText": " ",
        "packageSize": "250g",
        "packagePrice": "$2.30 per 100G"
      }
    }
  },
  {
    "id": "paul-newmans-own-ranch-dressing",
    "brand": "Paul Newman's Own",
    "name": "Ranch Salad Dressing",
    "imageUrl": "https://shop.coles.com.au/wcsstore/Coles-CAS/images/5/2/6/5267766-th.jpg",
    "categories": ["entertaining-at-home"],
    "tags": ["barbeque", "condiments-marinades"],
    "locations": {
      "vic": {
        "price": 4,
        "promoText": " ",
        "packageSize": "250mL",
        "packagePrice": "$1.60 per 100mL"
      }
    }
  },
  {
    "id": "praise-mayonnaise-99%25-fat-free-squeezable",
    "brand": "Praise",
    "name": "Fat Free Traditional Mayonnaise",
    "imageUrl": "https://shop.coles.com.au/wcsstore/Coles-CAS/images/8/7/3/8735292-th.jpg",
    "categories": ["entertaining-at-home"],
    "tags": ["barbeque", "condiments-marinades"],
    "locations": {
      "vic": {
        "price": 2.5,
        "promoText": "$0.90 ",
        "packageSize": "410g",
        "packagePrice": "$0.61 per 100G"
      }
    }
  },
  {
    "id": "praise-mayonnaise-traditional",
    "brand": "Praise",
    "name": "Traditional Mayonnaise",
    "imageUrl": "https://shop.coles.com.au/wcsstore/Coles-CAS/images/2/3/6/236175-th.jpg",
    "categories": ["entertaining-at-home"],
    "tags": ["barbeque", "condiments-marinades"],
    "locations": {
      "vic": {
        "price": 4.2,
        "promoText": " ",
        "packageSize": "470g",
        "packagePrice": "$0.89 per 100G"
      }
    }
  },
  {
    "id": "three-threes-sauce-apple",
    "brand": "Three Threes",
    "name": "Apple Sauce",
    "imageUrl": "https://shop.coles.com.au/wcsstore/Coles-CAS/images/6/9/8/6986350-th.jpg",
    "categories": ["entertaining-at-home"],
    "tags": ["barbeque", "condiments-marinades"],
    "locations": {
      "vic": {
        "price": 2,
        "promoText": " ",
        "packageSize": "250g",
        "packagePrice": "$0.80 per 100G"
      }
    }
  },
  {
    "id": "coles-whole-egg-mayonnaise",
    "brand": "Coles",
    "name": "Whole Egg Mayonnaise With Free Range Egg",
    "imageUrl": "https://shop.coles.com.au/wcsstore/Coles-CAS/images/2/4/5/2454789-th.jpg",
    "categories": ["entertaining-at-home"],
    "tags": ["barbeque", "condiments-marinades"],
    "locations": {
      "vic": {
        "price": 2.85,
        "promoText": " ",
        "packageSize": "445g",
        "packagePrice": "$0.64 per 100G"
      }
    }
  },
  {
    "id": "fountain-tomato-sauce",
    "brand": "Fountain",
    "name": "Tomato Sauce",
    "imageUrl": "https://shop.coles.com.au/wcsstore/Coles-CAS/images/7/2/6/7265171-th.jpg",
    "categories": ["entertaining-at-home"],
    "tags": ["barbeque", "condiments-marinades"],
    "locations": {
      "vic": {
        "price": 6,
        "promoText": " ",
        "packageSize": "2L",
        "packagePrice": "$0.30 per 100mL"
      }
    }
  },
  {
    "id": "heinz-salad-cream",
    "brand": "Heinz",
    "name": "Salad Cream",
    "imageUrl": "https://shop.coles.com.au/wcsstore/Coles-CAS/images/2/0/8/208646-th.jpg",
    "categories": ["entertaining-at-home"],
    "tags": ["barbeque", "condiments-marinades"],
    "locations": {
      "vic": {
        "price": 2.9,
        "promoText": " ",
        "packageSize": "250g",
        "packagePrice": "$1.16 per 100G"
      }
    }
  },
  {
    "id": "hellmans-mayonnaise",
    "brand": "Hellmann's",
    "name": "Real Mayonnaise",
    "imageUrl": "https://shop.coles.com.au/wcsstore/Coles-CAS/images/4/7/0/4707648-th.jpg",
    "categories": ["entertaining-at-home"],
    "tags": ["barbeque", "condiments-marinades"],
    "locations": {
      "vic": {
        "price": 6.2,
        "promoText": " ",
        "packageSize": "400g",
        "packagePrice": "$1.55 per 100G"
      }
    }
  },
  {
    "id": "holbrooks-worcestershire-sauce",
    "brand": "Holbrooks",
    "name": "Worcestershire Sauce",
    "imageUrl": "https://shop.coles.com.au/wcsstore/Coles-CAS/images/1/8/0/180682-th.jpg",
    "categories": ["entertaining-at-home"],
    "tags": ["barbeque", "condiments-marinades"],
    "locations": {
      "vic": {
        "price": 4.5,
        "promoText": "$1.00 ",
        "packageSize": "500mL",
        "packagePrice": "$0.90 per 100mL"
      }
    }
  },
  {
    "id": "masterfoods-marinade-teriyaki",
    "brand": "MasterFoods",
    "name": "Teriyaki Marinade",
    "imageUrl": "https://shop.coles.com.au/wcsstore/Coles-CAS/images/7/7/4/7741507-th.jpg",
    "categories": ["entertaining-at-home"],
    "tags": ["barbeque", "condiments-marinades"],
    "locations": {
      "vic": {
        "price": 2.5,
        "promoText": " ",
        "packageSize": "375g",
        "packagePrice": "$0.67 per 100G"
      }
    }
  },
  {
    "id": "praise-caesar-salad-croutons",
    "brand": "Praise",
    "name": "Caesar Salad Croutons",
    "imageUrl": "https://shop.coles.com.au/wcsstore/Coles-CAS/images/6/0/1/6015930-th.jpg",
    "categories": ["entertaining-at-home"],
    "tags": ["barbeque", "condiments-marinades"],
    "locations": {
      "vic": {
        "price": 4,
        "promoText": " ",
        "packageSize": "150g",
        "packagePrice": "$2.67 per 100G"
      }
    }
  },
  {
    "id": "trident-thai-sweet-chilli-sauce",
    "brand": "Trident",
    "name": "Thai Sweet Chilli Sauce",
    "imageUrl": "https://shop.coles.com.au/wcsstore/Coles-CAS/images/5/5/2/5526955-th.jpg",
    "categories": ["entertaining-at-home"],
    "tags": ["barbeque", "condiments-marinades"],
    "locations": {
      "vic": {
        "price": 4.3,
        "promoText": " ",
        "packageSize": "730mL",
        "packagePrice": "$0.59 per 100mL"
      }
    }
  },
  {
    "id": "beerenberg-caramelised-onion",
    "brand": "Beerenberg",
    "name": "Caramelised Onion Chutney",
    "imageUrl": "https://shop.coles.com.au/wcsstore/Coles-CAS/images/6/8/7/6874957-th.jpg",
    "categories": ["entertaining-at-home"],
    "tags": ["barbeque", "condiments-marinades"],
    "locations": {
      "vic": {
        "price": 5,
        "promoText": " ",
        "packageSize": "280g",
        "packagePrice": "$1.79 per 100G"
      }
    }
  },
  {
    "id": "coles-sauce-cranberry",
    "brand": "Coles",
    "name": "Cranberry Sauce",
    "imageUrl": "https://shop.coles.com.au/wcsstore/Coles-CAS/images/6/5/5/6551186-th.jpg",
    "categories": ["entertaining-at-home"],
    "tags": ["barbeque", "condiments-marinades"],
    "locations": {
      "vic": {
        "price": 2.65,
        "promoText": " ",
        "packageSize": "275g",
        "packagePrice": "$0.96 per 100G"
      }
    }
  },
  {
    "id": "coles-sauce-oyster",
    "brand": "Coles",
    "name": "Oyster Sauce",
    "imageUrl": "https://shop.coles.com.au/wcsstore/Coles-CAS/images/5/3/3/5332234-th.jpg",
    "categories": ["entertaining-at-home"],
    "tags": ["barbeque", "condiments-marinades"],
    "locations": {
      "vic": {
        "price": 2.1,
        "promoText": " ",
        "packageSize": "300mL",
        "packagePrice": "$0.70 per 100mL"
      }
    }
  },
  {
    "id": "coles-coleslaw-dressing",
    "brand": "Coles",
    "name": "Coleslaw Dressing",
    "imageUrl": "https://shop.coles.com.au/wcsstore/Coles-CAS/images/2/4/5/2459352-th.jpg",
    "categories": ["entertaining-at-home"],
    "tags": ["barbeque", "condiments-marinades"],
    "locations": {
      "vic": {
        "price": 1.8,
        "promoText": " ",
        "packageSize": "300mL",
        "packagePrice": "$0.60 per 100mL"
      }
    }
  },
  {
    "id": "eta-barbeque-sauce-original",
    "brand": "ETA",
    "name": "Original Barbecue Sauce",
    "imageUrl": "https://shop.coles.com.au/wcsstore/Coles-CAS/images/2/3/4/234577-th.jpg",
    "categories": ["entertaining-at-home"],
    "tags": ["barbeque", "condiments-marinades"],
    "locations": {
      "vic": {
        "price": 2.75,
        "promoText": " ",
        "packageSize": "375mL",
        "packagePrice": "$0.73 per 100mL"
      }
    }
  },
  {
    "id": "heinz-seriously-good-original-mayonnaise",
    "brand": "Heinz",
    "name": "Original Mayonnaise",
    "imageUrl": "https://shop.coles.com.au/wcsstore/Coles-CAS/images/2/0/6/2060251-th.jpg",
    "categories": ["entertaining-at-home"],
    "tags": ["barbeque", "condiments-marinades"],
    "locations": {
      "vic": {
        "price": 4,
        "promoText": " ",
        "packageSize": "295mL",
        "packagePrice": "$1.36 per 100mL"
      }
    }
  },
  {
    "id": "ocean-spray-whole-berry-cranberry-sauce",
    "brand": "Ocean Spray",
    "name": "Whole Cranberry Sauce",
    "imageUrl": "https://shop.coles.com.au/wcsstore/Coles-CAS/images/2/7/7/277627-th.jpg",
    "categories": ["entertaining-at-home"],
    "tags": ["barbeque", "condiments-marinades"],
    "locations": {
      "vic": {
        "price": 3.55,
        "promoText": " ",
        "packageSize": "275g",
        "packagePrice": "$1.29 per 100G"
      }
    }
  },
  {
    "id": "praise-mayonnaise-whole-egg-9821345p",
    "brand": "Praise",
    "name": "Whole Egg Mayonnaise",
    "imageUrl": "https://shop.coles.com.au/wcsstore/Coles-CAS/images/9/8/2/9821345-th.jpg",
    "categories": ["entertaining-at-home"],
    "tags": ["barbeque", "condiments-marinades"],
    "locations": {
      "vic": {
        "price": 5,
        "promoText": " ",
        "packageSize": "445g",
        "packagePrice": "$1.12 per 100G"
      }
    }
  },
  {
    "id": "coles-sauce-worcestershire",
    "brand": "Coles",
    "name": "Gluten Free Worcestershire Sauce",
    "imageUrl": "https://shop.coles.com.au/wcsstore/Coles-CAS/images/5/4/3/5437083-th.jpg",
    "categories": ["entertaining-at-home"],
    "tags": ["barbeque", "condiments-marinades"],
    "locations": {
      "vic": {
        "price": 2,
        "promoText": " ",
        "packageSize": "250mL",
        "packagePrice": "$0.80 per 100mL"
      }
    }
  },
  {
    "id": "coles-french-salad-dressing",
    "brand": "Coles",
    "name": "French Dressing",
    "imageUrl": "https://shop.coles.com.au/wcsstore/Coles-CAS/images/2/4/5/2459396-th.jpg",
    "categories": ["entertaining-at-home"],
    "tags": ["barbeque", "condiments-marinades"],
    "locations": {
      "vic": {
        "price": 1.8,
        "promoText": " ",
        "packageSize": "300mL",
        "packagePrice": "$0.60 per 100mL"
      }
    }
  },
  {
    "id": "coles-97%25-fat-free-mayonnaise",
    "brand": "Coles",
    "name": "97% Fat Free Mayonnaise",
    "imageUrl": "https://shop.coles.com.au/wcsstore/Coles-CAS/images/2/4/5/2454778-th.jpg",
    "categories": ["entertaining-at-home"],
    "tags": ["barbeque", "condiments-marinades"],
    "locations": {
      "vic": {
        "price": 2.6,
        "promoText": " ",
        "packageSize": "525g",
        "packagePrice": "$0.50 per 100G"
      }
    }
  },
  {
    "id": "coles-tartare-sauce",
    "brand": "Coles",
    "name": "Tartare Sauce",
    "imageUrl": "https://shop.coles.com.au/wcsstore/Coles-CAS/images/2/7/8/2781821-th.jpg",
    "categories": ["entertaining-at-home"],
    "tags": ["barbeque", "condiments-marinades"],
    "locations": {
      "vic": {
        "price": 2,
        "promoText": " ",
        "packageSize": "230g",
        "packagePrice": "$0.87 per 100G"
      }
    }
  },
  {
    "id": "coles-special-burger-sauce",
    "brand": "Coles",
    "name": "Special Burger Sauce",
    "imageUrl": "https://shop.coles.com.au/wcsstore/Coles-CAS/images/3/0/4/3041398-th.jpg",
    "categories": ["entertaining-at-home"],
    "tags": ["barbeque", "condiments-marinades"],
    "locations": {
      "vic": {
        "price": 2.75,
        "promoText": " ",
        "packageSize": "360g",
        "packagePrice": "$0.76 per 100G"
      }
    }
  },
  {
    "id": "holbrooks-worcestershire-sauce-128150p",
    "brand": "Holbrooks",
    "name": "Worcestershire Sauce",
    "imageUrl": "https://shop.coles.com.au/wcsstore/Coles-CAS/images/1/2/8/128150-th.jpg",
    "categories": ["entertaining-at-home"],
    "tags": ["barbeque", "condiments-marinades"],
    "locations": {
      "vic": {
        "price": 3.3,
        "promoText": " ",
        "packageSize": "250mL",
        "packagePrice": "$1.32 per 100mL"
      }
    }
  },
  {
    "id": "masterfoods-marinade-soy--honey-garlic",
    "brand": "MasterFoods",
    "name": "Soy Honey & Garlic Marinade",
    "imageUrl": "https://shop.coles.com.au/wcsstore/Coles-CAS/images/7/0/7/7072917-th.jpg",
    "categories": ["entertaining-at-home"],
    "tags": ["barbeque", "condiments-marinades"],
    "locations": {
      "vic": {
        "price": 2.5,
        "promoText": " ",
        "packageSize": "375g",
        "packagePrice": "$0.67 per 100G"
      }
    }
  },
  {
    "id": "mcilhenny-tabasco-sauce",
    "brand": "Mc Ilhenney Co.",
    "name": "Tabasco Pepper Sauce",
    "imageUrl": "https://shop.coles.com.au/wcsstore/Coles-CAS/images/5/9/0/5908576-th.jpg",
    "categories": ["entertaining-at-home"],
    "tags": ["barbeque", "condiments-marinades"],
    "locations": {
      "vic": {
        "price": 8.5,
        "promoText": " ",
        "packageSize": "150mL",
        "packagePrice": "$5.67 per 100mL"
      }
    }
  },
  {
    "id": "paul-newmans-own-dressing-creamy-caesar",
    "brand": "Paul Newman's Own",
    "name": "Creamy Caesar Dressing",
    "imageUrl": "https://shop.coles.com.au/wcsstore/Coles-CAS/images/9/8/2/9821298-th.jpg",
    "categories": ["entertaining-at-home"],
    "tags": ["barbeque", "condiments-marinades"],
    "locations": {
      "vic": {
        "price": 4,
        "promoText": " ",
        "packageSize": "250mL",
        "packagePrice": "$1.60 per 100mL"
      }
    }
  },
  {
    "id": "coles-sauce-barbeque",
    "brand": "Coles",
    "name": "Barbecue Sauce",
    "imageUrl": "https://shop.coles.com.au/wcsstore/Coles-CAS/images/5/2/9/5296083-th.jpg",
    "categories": ["entertaining-at-home"],
    "tags": ["barbeque", "condiments-marinades"],
    "locations": {
      "vic": {
        "price": 5.25,
        "promoText": " ",
        "packageSize": "2L",
        "packagePrice": "$0.26 per 100mL"
      }
    }
  },
  {
    "id": "coles-mild-american-mustard",
    "brand": "Coles",
    "name": "Mild American Mustard",
    "imageUrl": "https://shop.coles.com.au/wcsstore/Coles-CAS/images/2/4/0/2400430-th.jpg",
    "categories": ["entertaining-at-home"],
    "tags": ["barbeque", "condiments-marinades"],
    "locations": {
      "vic": {
        "price": 2,
        "promoText": " ",
        "packageSize": "250g",
        "packagePrice": "$0.80 per 100G"
      }
    }
  },
  {
    "id": "fountain-bbq-sauce",
    "brand": "Fountain",
    "name": "Barbecue Sauce",
    "imageUrl": "https://shop.coles.com.au/wcsstore/Coles-CAS/images/2/3/5/2359267-th.jpg",
    "categories": ["entertaining-at-home"],
    "tags": ["barbeque", "condiments-marinades"],
    "locations": {
      "vic": {
        "price": 6,
        "promoText": " ",
        "packageSize": "2L",
        "packagePrice": "$0.30 per 100mL"
      }
    }
  },
  {
    "id": "heinz-organic-tomato-ketchup-sauce",
    "brand": "Heinz",
    "name": "Organic Tomato Ketchup",
    "imageUrl": "https://shop.coles.com.au/wcsstore/Coles-CAS/images/9/1/2/9124079-th.jpg",
    "categories": ["entertaining-at-home"],
    "tags": ["barbeque", "condiments-marinades"],
    "locations": {
      "vic": {
        "price": 4.3,
        "promoText": " ",
        "packageSize": "500mL",
        "packagePrice": "$0.86 per 100mL"
      }
    }
  },
  {
    "id": "heinz-tomato-ketchup-sauce",
    "brand": "Heinz",
    "name": "Tomato Ketchup",
    "imageUrl": "https://shop.coles.com.au/wcsstore/Coles-CAS/images/5/3/2/5328995-th.jpg",
    "categories": ["entertaining-at-home"],
    "tags": ["barbeque", "condiments-marinades"],
    "locations": {
      "vic": {
        "price": 3.2,
        "promoText": " ",
        "packageSize": "500mL",
        "packagePrice": "$0.64 per 100mL"
      }
    }
  },
  {
    "id": "hellmans-real-mayonnaise-jar",
    "brand": "Hellmann's",
    "name": "Real Mayonnaise Jar",
    "imageUrl": "https://shop.coles.com.au/wcsstore/Coles-CAS/images/3/0/2/3025573-th.jpg",
    "categories": ["entertaining-at-home"],
    "tags": ["barbeque", "condiments-marinades"],
    "locations": {
      "vic": {
        "price": 10.5,
        "promoText": " ",
        "packageSize": "800g",
        "packagePrice": "$1.31 per 100G"
      }
    }
  },
  {
    "id": "masterfoods-marinade-satay",
    "brand": "MasterFoods",
    "name": "Satay Marinade",
    "imageUrl": "https://shop.coles.com.au/wcsstore/Coles-CAS/images/7/7/1/7714297-th.jpg",
    "categories": ["entertaining-at-home"],
    "tags": ["barbeque", "condiments-marinades"],
    "locations": {
      "vic": {
        "price": 2.5,
        "promoText": " ",
        "packageSize": "375g",
        "packagePrice": "$0.67 per 100G"
      }
    }
  },
  {
    "id": "masterfoods-corn-relish-127249p",
    "brand": "MasterFoods",
    "name": "Corn Relish",
    "imageUrl": "https://shop.coles.com.au/wcsstore/Coles-CAS/images/1/2/7/127249-th.jpg",
    "categories": ["entertaining-at-home"],
    "tags": ["barbeque", "condiments-marinades"],
    "locations": {
      "vic": {
        "price": 3.45,
        "promoText": " ",
        "packageSize": "250g",
        "packagePrice": "$1.38 per 100G"
      }
    }
  },
  {
    "id": "masterfoods-barbecue-sauce",
    "brand": "MasterFoods",
    "name": "Barbecue Sauce",
    "imageUrl": "https://shop.coles.com.au/wcsstore/Coles-CAS/images/5/4/2/5428049-th.jpg",
    "categories": ["entertaining-at-home"],
    "tags": ["barbeque", "condiments-marinades"],
    "locations": {
      "vic": {
        "price": 4,
        "promoText": "Was $4.69 on Nov 2017 ",
        "packageSize": "920mL",
        "packagePrice": "$0.43 per 100mL"
      }
    }
  },
  {
    "id": "praise-mayonnaise-traditional-169012p",
    "brand": "Praise",
    "name": "Traditional Mayonnaise",
    "imageUrl": "https://shop.coles.com.au/wcsstore/Coles-CAS/images/1/6/9/169012-th.jpg",
    "categories": ["entertaining-at-home"],
    "tags": ["barbeque", "condiments-marinades"],
    "locations": {
      "vic": {
        "price": 5,
        "promoText": "Was $5.65 on May 2017 ",
        "packageSize": "700g",
        "packagePrice": "$0.71 per 100G"
      }
    }
  },
  {
    "id": "s-w-mayonnaise-real-whole-egg-6140181p",
    "brand": "S&W",
    "name": "Real Whole Egg Mayonnaise Cage Free",
    "imageUrl": "https://shop.coles.com.au/wcsstore/Coles-CAS/images/6/1/4/6140181-th.jpg",
    "categories": ["entertaining-at-home"],
    "tags": ["barbeque", "condiments-marinades"],
    "locations": {
      "vic": {
        "price": 9.5,
        "promoText": " ",
        "packageSize": "880g",
        "packagePrice": "$1.08 per 100G"
      }
    }
  },
  {
    "id": "-4938276p",
    "brand": "Coles",
    "name": "High Fibre Wholemeal Sandwich Bread",
    "imageUrl": "https://shop.coles.com.au/wcsstore/Coles-CAS/images/4/9/3/4938276-th.jpg",
    "categories": ["entertaining-at-home", "bread-bakery"],
    "tags": ["barbeque", "bread-wraps"],
    "locations": {
      "vic": {
        "price": 2.3,
        "promoText": " ",
        "packageSize": "700g",
        "packagePrice": "$0.33 per 100G"
      }
    }
  },
  {
    "id": "helgas-bread-traditional-wholemeal",
    "brand": "Helga's",
    "name": "Traditional Wholemeal Bread",
    "imageUrl": "https://shop.coles.com.au/wcsstore/Coles-CAS/images/5/9/6/5969435-th.jpg",
    "categories": ["entertaining-at-home", "bread-bakery"],
    "tags": ["barbeque", "bread-wraps"],
    "locations": {
      "vic": {
        "price": 3.9,
        "promoText": " ",
        "packageSize": "750g",
        "packagePrice": "$0.52 per 100G"
      }
    }
  },
  {
    "id": "coles-smart-buy-bread-white",
    "brand": "Coles",
    "name": "White Sandwich Bread",
    "imageUrl": "https://shop.coles.com.au/wcsstore/Coles-CAS/images/4/9/0/4901345-th.jpg",
    "categories": ["entertaining-at-home", "bread-bakery"],
    "tags": ["barbeque", "bread-wraps"],
    "locations": {
      "vic": {
        "price": 1.3,
        "promoText": " ",
        "packageSize": "650g",
        "packagePrice": "$0.20 per 100G"
      }
    }
  },
  {
    "id": "wonder-white-bread-wholemeal-plus-iron",
    "brand": "Wonder White",
    "name": "Wholemeal Bread Plus Iron",
    "imageUrl": "https://shop.coles.com.au/wcsstore/Coles-CAS/images/5/3/2/5322140-th.jpg",
    "categories": ["entertaining-at-home", "bread-bakery"],
    "tags": ["barbeque", "bread-wraps"],
    "locations": {
      "vic": {
        "price": 3.4,
        "promoText": " ",
        "packageSize": "700g",
        "packagePrice": "$0.49 per 100G"
      }
    }
  },
  {
    "id": "abbotts-village-bakery-country-grains",
    "brand": "Abbott's Village Bakery",
    "name": "Country Grains Bread",
    "imageUrl": "https://shop.coles.com.au/wcsstore/Coles-CAS/images/3/2/3/3237196-th.jpg",
    "categories": ["entertaining-at-home", "bread-bakery"],
    "tags": ["barbeque", "bread-wraps"],
    "locations": {
      "vic": {
        "price": 3.8,
        "promoText": " ",
        "packageSize": "800g",
        "packagePrice": "$0.48 per 100G"
      }
    }
  },
  {
    "id": "coles-soft-wholemeal-sandwich-loaf",
    "brand": "Coles",
    "name": "Soft Wholemeal Sandwich Bread Loaf",
    "imageUrl": "https://shop.coles.com.au/wcsstore/Coles-CAS/images/3/3/7/3378290-th.jpg",
    "categories": ["entertaining-at-home", "bread-bakery"],
    "tags": ["barbeque", "bread-wraps"],
    "locations": {
      "vic": {
        "price": 1.6,
        "promoText": " ",
        "packageSize": "650g",
        "packagePrice": "$0.25 per 100G"
      }
    }
  },
  {
    "id": "helgas-bread-continental-bakehouse-light-rye",
    "brand": "Helga's",
    "name": "Light Rye Bread",
    "imageUrl": "https://shop.coles.com.au/wcsstore/Coles-CAS/images/5/0/7/5072836-th.jpg",
    "categories": ["entertaining-at-home", "bread-bakery"],
    "tags": ["barbeque", "bread-wraps"],
    "locations": {
      "vic": {
        "price": 3.9,
        "promoText": " ",
        "packageSize": "680g",
        "packagePrice": "$0.57 per 100G"
      }
    }
  },
  {
    "id": "tip-top-bread-the-one-toast",
    "brand": "Tip Top",
    "name": "The One White Toast Bread",
    "imageUrl": "https://shop.coles.com.au/wcsstore/Coles-CAS/images/8/9/5/8956189-th.jpg",
    "categories": ["entertaining-at-home", "bread-bakery"],
    "tags": ["barbeque", "bread-wraps"],
    "locations": {
      "vic": {
        "price": 3.4,
        "promoText": " ",
        "packageSize": "700g",
        "packagePrice": "$0.49 per 100G"
      }
    }
  },
  {
    "id": "coles-soft-white-toast-loaf-3378289p",
    "brand": "Coles",
    "name": "Soft White Toast Bread Loaf",
    "imageUrl": "https://shop.coles.com.au/wcsstore/Coles-CAS/images/3/3/7/3378289-th.jpg",
    "categories": ["entertaining-at-home", "bread-bakery"],
    "tags": ["barbeque", "bread-wraps"],
    "locations": {
      "vic": {
        "price": 1.6,
        "promoText": " ",
        "packageSize": "650g",
        "packagePrice": "$0.25 per 100G"
      }
    }
  },
  {
    "id": "coles-brioche-hamburger-bun-4pk",
    "brand": "Coles",
    "name": "Brioche Hamburger Buns 4 Pack",
    "imageUrl": "https://shop.coles.com.au/wcsstore/Coles-CAS/images/3/5/7/3572292-th.jpg",
    "categories": ["entertaining-at-home", "bread-bakery"],
    "tags": ["barbeque", "bread-wraps"],
    "locations": {
      "vic": {
        "price": 2.7,
        "promoText": " ",
        "packageSize": "200g",
        "packagePrice": "$1.35 per 100G"
      }
    }
  },
  {
    "id": "tip-top-bread-the-one-sandwich",
    "brand": "Tip Top",
    "name": "The One White Sandwich Bread",
    "imageUrl": "https://shop.coles.com.au/wcsstore/Coles-CAS/images/8/9/5/8956156-th.jpg",
    "categories": ["entertaining-at-home", "bread-bakery"],
    "tags": ["barbeque", "bread-wraps"],
    "locations": {
      "vic": {
        "price": 3.4,
        "promoText": " ",
        "packageSize": "700g",
        "packagePrice": "$0.49 per 100G"
      }
    }
  },
  {
    "id": "abbotts-village-bakery-rustic-white",
    "brand": "Abbott's Village Bakery",
    "name": "Rustic White Bread",
    "imageUrl": "https://shop.coles.com.au/wcsstore/Coles-CAS/images/3/2/3/3237185-th.jpg",
    "categories": ["entertaining-at-home", "bread-bakery"],
    "tags": ["barbeque", "bread-wraps"],
    "locations": {
      "vic": {
        "price": 3.8,
        "promoText": " ",
        "packageSize": "700g",
        "packagePrice": "$0.54 per 100G"
      }
    }
  },
  {
    "id": "-4938312p",
    "brand": "Coles",
    "name": "High Fibre Multigrain Sandwich Bread",
    "imageUrl": "https://shop.coles.com.au/wcsstore/Coles-CAS/images/4/9/3/4938312-th.jpg",
    "categories": ["entertaining-at-home", "bread-bakery"],
    "tags": ["barbeque", "bread-wraps"],
    "locations": {
      "vic": {
        "price": 2.3,
        "promoText": " ",
        "packageSize": "700g",
        "packagePrice": "$0.33 per 100G"
      }
    }
  },
  {
    "id": "helgas-bread-traditional-white",
    "brand": "Helga's",
    "name": "Traditional White Bread",
    "imageUrl": "https://shop.coles.com.au/wcsstore/Coles-CAS/images/5/9/6/5969945-th.jpg",
    "categories": ["entertaining-at-home", "bread-bakery"],
    "tags": ["barbeque", "bread-wraps"],
    "locations": {
      "vic": {
        "price": 3.9,
        "promoText": " ",
        "packageSize": "750g",
        "packagePrice": "$0.52 per 100G"
      }
    }
  },
  {
    "id": "mountain-bread-rye-flat",
    "brand": "Mountain Bread",
    "name": "Rye Wraps 8 pack",
    "imageUrl": "https://shop.coles.com.au/wcsstore/Coles-CAS/images/5/2/1/5213790-th.jpg",
    "categories": ["entertaining-at-home", "bread-bakery"],
    "tags": ["barbeque", "bread-wraps"],
    "locations": {
      "vic": {
        "price": 4,
        "promoText": " ",
        "packageSize": "200g",
        "packagePrice": "$2.00 per 100G"
      }
    }
  },
  {
    "id": "burgen-bread-soy-linseed-6712445p",
    "brand": "Burgen",
    "name": "Soy & Linseed Bread",
    "imageUrl": "https://shop.coles.com.au/wcsstore/Coles-CAS/images/6/7/1/6712445-th.jpg",
    "categories": ["entertaining-at-home", "bread-bakery"],
    "tags": ["barbeque", "bread-wraps"],
    "locations": {
      "vic": {
        "price": 5,
        "promoText": " ",
        "packageSize": "700g",
        "packagePrice": "$0.71 per 100G"
      }
    }
  },
  {
    "id": "helgas-sourdough",
    "brand": "Helga's",
    "name": "Sourdough Bread",
    "imageUrl": "https://shop.coles.com.au/wcsstore/Coles-CAS/images/3/5/5/3558247-th.jpg",
    "categories": ["entertaining-at-home", "bread-bakery"],
    "tags": ["barbeque", "bread-wraps"],
    "locations": {
      "vic": {
        "price": 3.9,
        "promoText": " ",
        "packageSize": "650g",
        "packagePrice": "$0.60 per 100G"
      }
    }
  },
  {
    "id": "abbotts-village-bakery-bread-rye-light",
    "brand": "Abbott's Village Bakery",
    "name": "Light Rye Bread",
    "imageUrl": "https://shop.coles.com.au/wcsstore/Coles-CAS/images/7/2/2/7226023-th.jpg",
    "categories": ["entertaining-at-home", "bread-bakery"],
    "tags": ["barbeque", "bread-wraps"],
    "locations": {
      "vic": {
        "price": 3.8,
        "promoText": " ",
        "packageSize": "680g",
        "packagePrice": "$0.56 per 100G"
      }
    }
  },
  {
    "id": "wonder-active-bread",
    "brand": "Wonder",
    "name": "Active High Fibre Low GI+ Protein Soft White Bread",
    "imageUrl": "https://shop.coles.com.au/wcsstore/Coles-CAS/images/3/5/7/3573295-th.jpg",
    "categories": ["entertaining-at-home", "bread-bakery"],
    "tags": ["barbeque", "bread-wraps"],
    "locations": {
      "vic": {
        "price": 3.4,
        "promoText": " ",
        "packageSize": "680g",
        "packagePrice": "$0.50 per 100G"
      }
    }
  },
  {
    "id": "coles-rolls-dinner-white",
    "brand": "Coles",
    "name": "White Dinner Rolls 6 pack",
    "imageUrl": "https://shop.coles.com.au/wcsstore/Coles-CAS/images/1/5/9/1597180-th.jpg",
    "categories": ["entertaining-at-home", "bread-bakery"],
    "tags": ["barbeque", "bread-wraps"],
    "locations": {
      "vic": {
        "price": 2,
        "promoText": "Was $2.25 on Feb 2020 ",
        "packageSize": "220g",
        "packagePrice": "$0.91 per 100G"
      }
    }
  },
  {
    "id": "helgas-bread-pumpkin-five-seed",
    "brand": "Helga's",
    "name": "Pumpkin Five Seed Bread",
    "imageUrl": "https://shop.coles.com.au/wcsstore/Coles-CAS/images/6/0/0/6009530-th.jpg",
    "categories": ["entertaining-at-home", "bread-bakery"],
    "tags": ["barbeque", "bread-wraps"],
    "locations": {
      "vic": {
        "price": 3.9,
        "promoText": " ",
        "packageSize": "720g",
        "packagePrice": "$0.54 per 100G"
      }
    }
  },
  {
    "id": "coles-bagel-plain-4-pack",
    "brand": "Coles",
    "name": "Bagels Plain 4 pack",
    "imageUrl": "https://shop.coles.com.au/wcsstore/Coles-CAS/images/3/3/6/3362960-th.jpg",
    "categories": ["entertaining-at-home", "bread-bakery"],
    "tags": ["barbeque", "bread-wraps"],
    "locations": {
      "vic": {
        "price": 3,
        "promoText": "Was $3.50 on Jan 2020 ",
        "packageSize": "360g",
        "packagePrice": "$0.83 per 100G"
      }
    }
  },
  {
    "id": "mission-wraps-mini-original-8-pack",
    "brand": "Mission",
    "name": "Original  Mini Wraps 8 pack",
    "imageUrl": "https://shop.coles.com.au/wcsstore/Coles-CAS/images/7/8/6/7863592-th.jpg",
    "categories": ["entertaining-at-home", "bread-bakery"],
    "tags": ["barbeque", "bread-wraps"],
    "locations": {
      "vic": {
        "price": 4,
        "promoText": "$1.00 ",
        "packageSize": "384g",
        "packagePrice": "$1.04 per 100G"
      }
    }
  },
  {
    "id": "helgas-bread-continental-bakehouse-wholemeal-grain-loaf",
    "brand": "Helga's",
    "name": "Continental Bakehouse Wholemeal Grain Bread",
    "imageUrl": "https://shop.coles.com.au/wcsstore/Coles-CAS/images/6/6/7/6676716-th.jpg",
    "categories": ["entertaining-at-home", "bread-bakery"],
    "tags": ["barbeque", "bread-wraps"],
    "locations": {
      "vic": {
        "price": 3.9,
        "promoText": " ",
        "packageSize": "850g",
        "packagePrice": "$0.46 per 100G"
      }
    }
  },
  {
    "id": "mission-wraps-original-8-pack",
    "brand": "Mission",
    "name": "Original Wraps 8 pack",
    "imageUrl": "https://shop.coles.com.au/wcsstore/Coles-CAS/images/6/9/5/6955662-th.jpg",
    "categories": ["entertaining-at-home", "bread-bakery"],
    "tags": ["barbeque", "bread-wraps"],
    "locations": {
      "vic": {
        "price": 5,
        "promoText": " ",
        "packageSize": "567g",
        "packagePrice": "$0.88 per 100G"
      }
    }
  },
  {
    "id": "-4938243p",
    "brand": "Coles",
    "name": "High Fibre White Sandwich Bread",
    "imageUrl": "https://shop.coles.com.au/wcsstore/Coles-CAS/images/4/9/3/4938243-th.jpg",
    "categories": ["entertaining-at-home", "bread-bakery"],
    "tags": ["barbeque", "bread-wraps"],
    "locations": {
      "vic": {
        "price": 2.3,
        "promoText": " ",
        "packageSize": "700g",
        "packagePrice": "$0.33 per 100G"
      }
    }
  },
  {
    "id": "coles-soft-white-multigrain-sandwich-loaf",
    "brand": "Coles",
    "name": "Soft Multigrain Sandwich Bread",
    "imageUrl": "https://shop.coles.com.au/wcsstore/Coles-CAS/images/3/3/7/3378314-th.jpg",
    "categories": ["entertaining-at-home", "bread-bakery"],
    "tags": ["barbeque", "bread-wraps"],
    "locations": {
      "vic": {
        "price": 1.6,
        "promoText": " ",
        "packageSize": "650g",
        "packagePrice": "$0.25 per 100G"
      }
    }
  },
  {
    "id": "tip-top-bread-sunblest-white-sandwich",
    "brand": "Tip Top",
    "name": "Sunblest White Bread",
    "imageUrl": "https://shop.coles.com.au/wcsstore/Coles-CAS/images/7/9/5/7953924-th.jpg",
    "categories": ["entertaining-at-home", "bread-bakery"],
    "tags": ["barbeque", "bread-wraps"],
    "locations": {
      "vic": {
        "price": 3,
        "promoText": " ",
        "packageSize": "650g",
        "packagePrice": "$0.46 per 100G"
      }
    }
  },
  {
    "id": "wonder-white-bread-7-vitamins-minerals-toast",
    "brand": "Wonder White",
    "name": "Toast Bread +7 Vitamins & Minerals",
    "imageUrl": "https://shop.coles.com.au/wcsstore/Coles-CAS/images/5/8/2/5827361-th.jpg",
    "categories": ["entertaining-at-home", "bread-bakery"],
    "tags": ["barbeque", "bread-wraps"],
    "locations": {
      "vic": {
        "price": 3.4,
        "promoText": " ",
        "packageSize": "700g",
        "packagePrice": "$0.49 per 100G"
      }
    }
  },
  {
    "id": "abbotts-village-bakery-gluten-free-soy-linseed",
    "brand": "Abbott's Village Bakery",
    "name": "Gluten Free Soy & Linseed Bread",
    "imageUrl": "https://shop.coles.com.au/wcsstore/Coles-CAS/images/2/8/3/2834247-th.jpg",
    "categories": ["entertaining-at-home", "bread-bakery"],
    "tags": ["barbeque", "bread-wraps"],
    "locations": {
      "vic": {
        "price": 6,
        "promoText": "$1.00 ",
        "packageSize": "500g",
        "packagePrice": "$1.20 per 100G"
      }
    }
  },
  {
    "id": "tip-top-bread-rolls-hot-dog-white",
    "brand": "Tip Top",
    "name": "White Bread Hot Dog Rolls",
    "imageUrl": "https://shop.coles.com.au/wcsstore/Coles-CAS/images/7/0/5/7057200-th.jpg",
    "categories": ["entertaining-at-home", "bread-bakery"],
    "tags": ["barbeque", "bread-wraps"],
    "locations": {
      "vic": {
        "price": 4,
        "promoText": " ",
        "packageSize": "6 pack",
        "packagePrice": "$0.67 per 1Ea"
      }
    }
  },
  {
    "id": "mission-wraps-wholegrain",
    "brand": "Mission",
    "name": "Wholegrain Wraps 8 pack",
    "imageUrl": "https://shop.coles.com.au/wcsstore/Coles-CAS/images/7/8/6/7863480-th.jpg",
    "categories": ["entertaining-at-home", "bread-bakery"],
    "tags": ["barbeque", "bread-wraps"],
    "locations": {
      "vic": {
        "price": 5,
        "promoText": " ",
        "packageSize": "567g",
        "packagePrice": "$0.88 per 100G"
      }
    }
  },
  {
    "id": "abes-bagels-natural",
    "brand": "Abe's Bagels",
    "name": "Natural Bagels 4 Pack",
    "imageUrl": "https://shop.coles.com.au/wcsstore/Coles-CAS/images/2/9/0/2901978-th.jpg",
    "categories": ["entertaining-at-home", "bread-bakery"],
    "tags": ["barbeque", "bread-wraps"],
    "locations": {
      "vic": {
        "price": 5,
        "promoText": " ",
        "packageSize": "360g",
        "packagePrice": "$1.39 per 100G"
      }
    }
  },
  {
    "id": "helgas-wraps-wholegrain",
    "brand": "Helga's",
    "name": "Mixed Grain Wraps 8 pack",
    "imageUrl": "https://shop.coles.com.au/wcsstore/Coles-CAS/images/1/5/7/1576463-th.jpg",
    "categories": ["entertaining-at-home", "bread-bakery"],
    "tags": ["barbeque", "bread-wraps"],
    "locations": {
      "vic": {
        "price": 4,
        "promoText": "$1.00 ",
        "packageSize": "560g",
        "packagePrice": "$0.71 per 100G"
      }
    }
  },
  {
    "id": "abbotts-village-bakery-bread-harvest-seeds-grains",
    "brand": "Abbott's Village Bakery",
    "name": "Harvest Seeds & Grains Bread",
    "imageUrl": "https://shop.coles.com.au/wcsstore/Coles-CAS/images/7/5/3/7534885-th.jpg",
    "categories": ["entertaining-at-home", "bread-bakery"],
    "tags": ["barbeque", "bread-wraps"],
    "locations": {
      "vic": {
        "price": 3.8,
        "promoText": " ",
        "packageSize": "750g",
        "packagePrice": "$0.51 per 100G"
      }
    }
  },
  {
    "id": "tip-top-bread-9-grain-original-9201680p",
    "brand": "Tip Top",
    "name": "9 Grain Original Bread",
    "imageUrl": "https://shop.coles.com.au/wcsstore/Coles-CAS/images/9/2/0/9201680-th.jpg",
    "categories": ["entertaining-at-home", "bread-bakery"],
    "tags": ["barbeque", "bread-wraps"],
    "locations": {
      "vic": {
        "price": 3.4,
        "promoText": " ",
        "packageSize": "700g",
        "packagePrice": "$0.49 per 100G"
      }
    }
  },
  {
    "id": "coles-smart-buy-rolls-hamburger",
    "brand": "Coles",
    "name": "Hamburger Rolls",
    "imageUrl": "https://shop.coles.com.au/wcsstore/Coles-CAS/images/5/6/9/5696751-th.jpg",
    "categories": ["entertaining-at-home", "bread-bakery"],
    "tags": ["barbeque", "bread-wraps"],
    "locations": {
      "vic": {
        "price": 2.5,
        "promoText": " ",
        "packageSize": "6 pack",
        "packagePrice": "$0.42 per 1Ea"
      }
    }
  },
  {
    "id": "helgas-gluten-free-wholemeal",
    "brand": "Helga's",
    "name": "Gluten Free Traditional Wholemeal Bread",
    "imageUrl": "https://shop.coles.com.au/wcsstore/Coles-CAS/images/3/2/3/3237957-th.jpg",
    "categories": ["entertaining-at-home", "bread-bakery"],
    "tags": ["barbeque", "bread-wraps"],
    "locations": {
      "vic": {
        "price": 7,
        "promoText": " ",
        "packageSize": "500g",
        "packagePrice": "$1.40 per 100G"
      }
    }
  },
  {
    "id": "helgas-wraps-wholemeal",
    "brand": "Helga's",
    "name": "Traditional Wholemeal Large Wraps 8 pack",
    "imageUrl": "https://shop.coles.com.au/wcsstore/Coles-CAS/images/3/3/0/3308410-th.jpg",
    "categories": ["entertaining-at-home", "bread-bakery"],
    "tags": ["barbeque", "bread-wraps"],
    "locations": {
      "vic": {
        "price": 4,
        "promoText": "$1.00 ",
        "packageSize": "560g",
        "packagePrice": "$0.71 per 100G"
      }
    }
  },
  {
    "id": "mission-wraps-mini-wholewheat",
    "brand": "Mission",
    "name": "Whole Wheat Mini Wraps 8 pack",
    "imageUrl": "https://shop.coles.com.au/wcsstore/Coles-CAS/images/7/8/6/7863606-th.jpg",
    "categories": ["entertaining-at-home", "bread-bakery"],
    "tags": ["barbeque", "bread-wraps"],
    "locations": {
      "vic": {
        "price": 4,
        "promoText": "$1.00 ",
        "packageSize": "384g",
        "packagePrice": "$1.04 per 100G"
      }
    }
  },
  {
    "id": "helgas-bread-continental-bakehouse-soy-linseed",
    "brand": "Helga's",
    "name": "Soy Linseed Bread",
    "imageUrl": "https://shop.coles.com.au/wcsstore/Coles-CAS/images/6/9/1/6913695-th.jpg",
    "categories": ["entertaining-at-home", "bread-bakery"],
    "tags": ["barbeque", "bread-wraps"],
    "locations": {
      "vic": {
        "price": 3.9,
        "promoText": " ",
        "packageSize": "850g",
        "packagePrice": "$0.46 per 100G"
      }
    }
  },
  {
    "id": "tip-top-bread-the-one-wholemeal-sandwich",
    "brand": "Tip Top",
    "name": "The One Wholemeal Sandwich Bread",
    "imageUrl": "https://shop.coles.com.au/wcsstore/Coles-CAS/images/1/1/3/1139480-th.jpg",
    "categories": ["entertaining-at-home", "bread-bakery"],
    "tags": ["barbeque", "bread-wraps"],
    "locations": {
      "vic": {
        "price": 3.4,
        "promoText": " ",
        "packageSize": "700g",
        "packagePrice": "$0.49 per 100G"
      }
    }
  },
  {
    "id": "abbotts-village-bakery-gluten-free-mixed-seeds",
    "brand": "Abbott's Village Bakery",
    "name": "Gluten Free Mixed Seeds bread",
    "imageUrl": "https://shop.coles.com.au/wcsstore/Coles-CAS/images/2/8/3/2834225-th.jpg",
    "categories": ["entertaining-at-home", "bread-bakery"],
    "tags": ["barbeque", "bread-wraps"],
    "locations": {
      "vic": {
        "price": 6,
        "promoText": "$1.00 ",
        "packageSize": "500g",
        "packagePrice": "$1.20 per 100G"
      }
    }
  },
  {
    "id": "mission-wraps-low-carb-6-pack",
    "brand": "Mission",
    "name": "Low Carb Wraps 6 pack",
    "imageUrl": "https://shop.coles.com.au/wcsstore/Coles-CAS/images/3/3/1/3313727-th.jpg",
    "categories": ["entertaining-at-home", "bread-bakery"],
    "tags": ["barbeque", "bread-wraps"],
    "locations": {
      "vic": {
        "price": 4,
        "promoText": "$1.00 ",
        "packageSize": "288g",
        "packagePrice": "$1.39 per 100G"
      }
    }
  },
  {
    "id": "mountain-bread-organic-flat-bread",
    "brand": "Mountain Bread",
    "name": "Natural Wraps 8 Pack",
    "imageUrl": "https://shop.coles.com.au/wcsstore/Coles-CAS/images/9/2/8/9280325-th.jpg",
    "categories": ["entertaining-at-home", "bread-bakery"],
    "tags": ["barbeque", "bread-wraps"],
    "locations": {
      "vic": {
        "price": 4,
        "promoText": " ",
        "packageSize": "200g",
        "packagePrice": "$2.00 per 100G"
      }
    }
  },
  {
    "id": "tip-top-bread-rolls-hamburger-white",
    "brand": "Tip Top",
    "name": "White Hamburger Rolls",
    "imageUrl": "https://shop.coles.com.au/wcsstore/Coles-CAS/images/7/0/5/7057276-th.jpg",
    "categories": ["entertaining-at-home", "bread-bakery"],
    "tags": ["barbeque", "bread-wraps"],
    "locations": {
      "vic": {
        "price": 4,
        "promoText": " ",
        "packageSize": "6 pack",
        "packagePrice": "$0.67 per 1Ea"
      }
    }
  },
  {
    "id": "coles-gluten-free-white-loaf",
    "brand": "Coles",
    "name": "Gluten Free White Bread",
    "imageUrl": "https://shop.coles.com.au/wcsstore/Coles-CAS/images/3/2/1/3216673-th.jpg",
    "categories": ["entertaining-at-home", "bread-bakery"],
    "tags": ["barbeque", "bread-wraps"],
    "locations": {
      "vic": {
        "price": 4.5,
        "promoText": " ",
        "packageSize": "500g",
        "packagePrice": "$0.90 per 100G"
      }
    }
  },
  {
    "id": "helgas-wraps-white",
    "brand": "Helga's",
    "name": "Traditional White Wraps 8 pack",
    "imageUrl": "https://shop.coles.com.au/wcsstore/Coles-CAS/images/1/5/7/1576474-th.jpg",
    "categories": ["entertaining-at-home", "bread-bakery"],
    "tags": ["barbeque", "bread-wraps"],
    "locations": {
      "vic": {
        "price": 4,
        "promoText": "$1.00 ",
        "packageSize": "560g",
        "packagePrice": "$0.71 per 100G"
      }
    }
  },
  {
    "id": "coles-smart-buy-rolls-hot-dog",
    "brand": "Coles",
    "name": "Hot Dog Rolls",
    "imageUrl": "https://shop.coles.com.au/wcsstore/Coles-CAS/images/5/6/9/5696762-th.jpg",
    "categories": ["entertaining-at-home", "bread-bakery"],
    "tags": ["barbeque", "bread-wraps"],
    "locations": {
      "vic": {
        "price": 2.5,
        "promoText": " ",
        "packageSize": "6 pack",
        "packagePrice": "$0.42 per 1Ea"
      }
    }
  },
  {
    "id": "mission-wraps-spinach-herb-8-pack",
    "brand": "Mission",
    "name": "Spinach & Herb Wraps 8 pack",
    "imageUrl": "https://shop.coles.com.au/wcsstore/Coles-CAS/images/7/6/2/7620921-th.jpg",
    "categories": ["entertaining-at-home", "bread-bakery"],
    "tags": ["barbeque", "bread-wraps"],
    "locations": {
      "vic": {
        "price": 5,
        "promoText": " ",
        "packageSize": "567g",
        "packagePrice": "$0.88 per 100G"
      }
    }
  },
  {
    "id": "mission-ss-reduced-sodium-wraps-10",
    "brand": "Mission",
    "name": "Salt Reduced Wraps 8 pack",
    "imageUrl": "https://shop.coles.com.au/wcsstore/Coles-CAS/images/3/6/3/3639597-th.jpg",
    "categories": ["entertaining-at-home", "bread-bakery"],
    "tags": ["barbeque", "bread-wraps"],
    "locations": {
      "vic": {
        "price": 5,
        "promoText": " ",
        "packageSize": "567g",
        "packagePrice": "$0.88 per 100G"
      }
    }
  },
  {
    "id": "tip-top-bread-sunblest-wholemeal-sandwich-9395101p",
    "brand": "Tip Top",
    "name": "Sunblest Wholemeal Sandwich Bread",
    "imageUrl": "https://shop.coles.com.au/wcsstore/Coles-CAS/images/9/3/9/9395101-th.jpg",
    "categories": ["entertaining-at-home", "bread-bakery"],
    "tags": ["barbeque", "bread-wraps"],
    "locations": {
      "vic": {
        "price": 3,
        "promoText": " ",
        "packageSize": "650g",
        "packagePrice": "$0.46 per 100G"
      }
    }
  },
  {
    "id": "abbotts-village-bakery-bread-wholemeal-farmhouse",
    "brand": "Abbott's Village Bakery",
    "name": "Farmhouse Wholemeal Bread",
    "imageUrl": "https://shop.coles.com.au/wcsstore/Coles-CAS/images/7/2/2/7226034-th.jpg",
    "categories": ["entertaining-at-home", "bread-bakery"],
    "tags": ["barbeque", "bread-wraps"],
    "locations": {
      "vic": {
        "price": 3.8,
        "promoText": " ",
        "packageSize": "750g",
        "packagePrice": "$0.51 per 100G"
      }
    }
  },
  {
    "id": "-8104382p",
    "brand": "Coles",
    "name": "High Fibre White Toast Bread",
    "imageUrl": "https://shop.coles.com.au/wcsstore/Coles-CAS/images/8/1/0/8104382-th.jpg",
    "categories": ["entertaining-at-home", "bread-bakery"],
    "tags": ["barbeque", "bread-wraps"],
    "locations": {
      "vic": {
        "price": 2.3,
        "promoText": " ",
        "packageSize": "700g",
        "packagePrice": "$0.33 per 100G"
      }
    }
  },
  {
    "id": "mission-wrap-lite",
    "brand": "Mission",
    "name": "Lite Wrap 8 pack",
    "imageUrl": "https://shop.coles.com.au/wcsstore/Coles-CAS/images/8/6/3/8636359-th.jpg",
    "categories": ["entertaining-at-home", "bread-bakery"],
    "tags": ["barbeque", "bread-wraps"],
    "locations": {
      "vic": {
        "price": 5,
        "promoText": " ",
        "packageSize": "567g",
        "packagePrice": "$0.88 per 100G"
      }
    }
  },
  {
    "id": "tip-top-sandwich-thins-wholemeal",
    "brand": "Tip Top",
    "name": "Thins Wholemeal Sandwich",
    "imageUrl": "https://shop.coles.com.au/wcsstore/Coles-CAS/images/2/9/1/2917060-th.jpg",
    "categories": ["entertaining-at-home", "bread-bakery"],
    "tags": ["barbeque", "bread-wraps"],
    "locations": {
      "vic": {
        "price": 3.5,
        "promoText": "Any 2 $5",
        "packageSize": "240g",
        "packagePrice": "$1.46 per 100G"
      }
    }
  },
  {
    "id": "helgas-wraps-spinach-garden-herb",
    "brand": "Helga's",
    "name": "Spinach & Herb Large Wraps 7 pack",
    "imageUrl": "https://shop.coles.com.au/wcsstore/Coles-CAS/images/3/3/0/3308512-th.jpg",
    "categories": ["entertaining-at-home", "bread-bakery"],
    "tags": ["barbeque", "bread-wraps"],
    "locations": {
      "vic": {
        "price": 4,
        "promoText": "$1.00 ",
        "packageSize": "490g",
        "packagePrice": "$0.82 per 100G"
      }
    }
  },
  {
    "id": "country-life-gluten-free-white",
    "brand": "Country Life",
    "name": "Gluten Free White Bread",
    "imageUrl": "https://shop.coles.com.au/wcsstore/Coles-CAS/images/3/2/3/3237979-th.jpg",
    "categories": ["entertaining-at-home", "bread-bakery"],
    "tags": ["barbeque", "bread-wraps"],
    "locations": {
      "vic": {
        "price": 6,
        "promoText": " ",
        "packageSize": "400g",
        "packagePrice": "$1.50 per 100G"
      }
    }
  },
  {
    "id": "helgas-white-gluten-freee",
    "brand": "Helga's",
    "name": "Gluten Free White Bread Slices",
    "imageUrl": "https://shop.coles.com.au/wcsstore/Coles-CAS/images/3/2/3/3237913-th.jpg",
    "categories": ["entertaining-at-home", "bread-bakery"],
    "tags": ["barbeque", "bread-wraps"],
    "locations": {
      "vic": {
        "price": 7,
        "promoText": " ",
        "packageSize": "470g",
        "packagePrice": "$1.49 per 100G"
      }
    }
  },
  {
    "id": "simsons-pantry--premium-white-wraps-8pack",
    "brand": "Simson's Pantry",
    "name": "Premium White Large Wraps 8 pack",
    "imageUrl": "https://shop.coles.com.au/wcsstore/Coles-CAS/images/2/8/1/2815606-th.jpg",
    "categories": ["entertaining-at-home", "bread-bakery"],
    "tags": ["barbeque", "bread-wraps"],
    "locations": {
      "vic": {
        "price": 4.2,
        "promoText": " ",
        "packageSize": "560g",
        "packagePrice": "$0.75 per 100G"
      }
    }
  },
  {
    "id": "mission-wraps-zesty-garlic-herb-8-pack",
    "brand": "Mission",
    "name": "Roasted Garlic Wraps 8 pack",
    "imageUrl": "https://shop.coles.com.au/wcsstore/Coles-CAS/images/6/9/5/6955673-th.jpg",
    "categories": ["entertaining-at-home", "bread-bakery"],
    "tags": ["barbeque", "bread-wraps"],
    "locations": {
      "vic": {
        "price": 5,
        "promoText": " ",
        "packageSize": "567g",
        "packagePrice": "$0.88 per 100G"
      }
    }
  },
  {
    "id": "capsicum-red-loose",
    "brand": "Coles",
    "name": "Red Capsicum",
    "imageUrl": "https://shop.coles.com.au/wcsstore/Coles-CAS/images/4/5/8/4580208-th.jpg",
    "categories": ["entertaining-at-home", "fruit-vegetables"],
    "tags": ["barbeque", "vegetables-salads"],
    "locations": {
      "vic": {
        "price": 1.18,
        "promoText": " ",
        "packageSize": "approx. 200g",
        "packagePrice": "$5.90 per 1Kg"
      }
    }
  },
  {
    "id": "zucchini-green-loose",
    "brand": "Coles",
    "name": "Green Zucchini",
    "imageUrl": "https://shop.coles.com.au/wcsstore/Coles-CAS/images/4/9/1/4910506-th.jpg",
    "categories": ["entertaining-at-home", "fruit-vegetables"],
    "tags": ["barbeque", "vegetables-salads"],
    "locations": {
      "vic": {
        "price": 0.89,
        "promoText": " ",
        "packageSize": "Approx. 150g",
        "packagePrice": "$5.90 per 1Kg"
      }
    }
  },
  {
    "id": "carrots-prepacked",
    "brand": "Coles",
    "name": "Carrots Prepacked",
    "imageUrl": "https://shop.coles.com.au/wcsstore/Coles-CAS/images/9/0/0/9006560-th.jpg",
    "categories": ["entertaining-at-home", "fruit-vegetables"],
    "tags": ["barbeque", "vegetables-salads"],
    "locations": {
      "vic": {
        "price": 2,
        "promoText": " ",
        "packageSize": "1kg",
        "packagePrice": "$2.00 per 1Kg"
      }
    }
  },
  {
    "id": "potatoes-sweet-gold-loose",
    "brand": "Coles",
    "name": "Gold Sweet Potatoes",
    "imageUrl": "https://shop.coles.com.au/wcsstore/Coles-CAS/images/4/1/9/4199503-th.jpg",
    "categories": ["entertaining-at-home", "fruit-vegetables"],
    "tags": ["barbeque", "vegetables-salads"],
    "locations": {
      "vic": {
        "price": 1.72,
        "promoText": " ",
        "packageSize": "Approx. 350g",
        "packagePrice": "$4.90 per 1Kg"
      }
    }
  },
  {
    "id": "tomatoes-greenhouse-truss-loose",
    "brand": "Coles",
    "name": "Greenhouse Truss Tomatoes",
    "imageUrl": "https://shop.coles.com.au/wcsstore/Coles-CAS/images/4/6/2/4628676-th.jpg",
    "categories": ["entertaining-at-home", "fruit-vegetables"],
    "tags": ["barbeque", "vegetables-salads"],
    "locations": {
      "vic": {
        "price": 1.25,
        "promoText": " ",
        "packageSize": "Approx. 140g",
        "packagePrice": "$8.90 per 1Kg"
      }
    }
  },
  {
    "id": "onions-brown-prepacked-4803991p",
    "brand": "Coles",
    "name": "Brown Onions Prepacked",
    "imageUrl": "https://shop.coles.com.au/wcsstore/Coles-CAS/images/4/8/0/4803991-th.jpg",
    "categories": ["entertaining-at-home", "fruit-vegetables"],
    "tags": ["barbeque", "vegetables-salads"],
    "locations": {
      "vic": {
        "price": 2.5,
        "promoText": " ",
        "packageSize": "1kg",
        "packagePrice": "$2.50 per 1Kg"
      }
    }
  },
  {
    "id": "coles-fresh-garlic---loose",
    "brand": "Coles",
    "name": "Garlic loose",
    "imageUrl": "https://shop.coles.com.au/wcsstore/Coles-CAS/images/6/1/0/6105715-th.jpg",
    "categories": ["entertaining-at-home", "fruit-vegetables"],
    "tags": ["barbeque", "vegetables-salads"],
    "locations": {
      "vic": {
        "price": 1.5,
        "promoText": " ",
        "packageSize": "approx. 60g",
        "packagePrice": "$25.00 per 1Kg"
      }
    }
  },
  {
    "id": "cucumber-lebanese-loose",
    "brand": "Coles",
    "name": "Lebanese Cucumbers",
    "imageUrl": "https://shop.coles.com.au/wcsstore/Coles-CAS/images/4/5/7/4575208-th.jpg",
    "categories": ["entertaining-at-home", "fruit-vegetables"],
    "tags": ["barbeque", "vegetables-salads"],
    "locations": {
      "vic": {
        "price": 1.39,
        "promoText": " ",
        "packageSize": "Approx. 140g",
        "packagePrice": "$9.90 per 1Kg"
      }
    }
  },
  {
    "id": "tomatoes-grape-perino-prepacked",
    "brand": "Coles",
    "name": "Grape Perino Tomatoes Prepacked",
    "imageUrl": "https://shop.coles.com.au/wcsstore/Coles-CAS/images/7/2/6/7265535-th.jpg",
    "categories": ["entertaining-at-home", "fruit-vegetables"],
    "tags": ["barbeque", "vegetables-salads"],
    "locations": {
      "vic": {
        "price": 4.5,
        "promoText": " ",
        "packageSize": "200g",
        "packagePrice": "$22.50 per 1Kg"
      }
    }
  },
  {
    "id": "potatoes-washed-prepacked-1206748p",
    "brand": "Coles",
    "name": "White Potatoes Prepacked",
    "imageUrl": "https://shop.coles.com.au/wcsstore/Coles-CAS/images/1/2/0/1206748-th.jpg",
    "categories": ["entertaining-at-home", "fruit-vegetables"],
    "tags": ["barbeque", "vegetables-salads"],
    "locations": {
      "vic": {
        "price": 4,
        "promoText": " ",
        "packageSize": "2kg",
        "packagePrice": "$2.00 per 1Kg"
      }
    }
  },
  {
    "id": "onions-brown-loose",
    "brand": "Coles",
    "name": "Brown Onions",
    "imageUrl": "https://shop.coles.com.au/wcsstore/Coles-CAS/images/4/2/3/4239517-th.jpg",
    "categories": ["entertaining-at-home", "fruit-vegetables"],
    "tags": ["barbeque", "vegetables-salads"],
    "locations": {
      "vic": {
        "price": 0.54,
        "promoText": " ",
        "packageSize": "Approx. 180g",
        "packagePrice": "$3.00 per 1Kg"
      }
    }
  },
  {
    "id": "broccoli--baby",
    "brand": "Coles",
    "name": "Baby Broccoli",
    "imageUrl": "https://shop.coles.com.au/wcsstore/Coles-CAS/images/5/9/8/5982477-th.jpg",
    "categories": ["entertaining-at-home", "fruit-vegetables"],
    "tags": ["barbeque", "vegetables-salads"],
    "locations": {
      "vic": {
        "price": 2.5,
        "promoText": " ",
        "packageSize": "1 bunch",
        "packagePrice": "$2.50 per 1Ea"
      }
    }
  },
  {
    "id": "tomatoes-field-loose",
    "brand": "Coles",
    "name": "Field Tomatoes Loose",
    "imageUrl": "https://shop.coles.com.au/wcsstore/Coles-CAS/images/4/5/9/4597109-th.jpg",
    "categories": ["entertaining-at-home", "fruit-vegetables"],
    "tags": ["barbeque", "vegetables-salads"],
    "locations": {
      "vic": {
        "price": 0.49,
        "promoText": " ",
        "packageSize": "Approx. 110g",
        "packagePrice": "$4.50 per 1Kg"
      }
    }
  },
  {
    "id": "cauliflower-whole",
    "brand": "Coles",
    "name": "Cauliflower Medium",
    "imageUrl": "https://shop.coles.com.au/wcsstore/Coles-CAS/images/4/6/0/4601603-th.jpg",
    "categories": ["entertaining-at-home", "fruit-vegetables"],
    "tags": ["barbeque", "vegetables-salads"],
    "locations": {
      "vic": {
        "price": 4.9,
        "promoText": " ",
        "packageSize": "",
        "packagePrice": "$4.90 per 1Ea"
      }
    }
  },
  {
    "id": "cucumber-continental",
    "brand": "Coles",
    "name": "Continental Cucumber",
    "imageUrl": "https://shop.coles.com.au/wcsstore/Coles-CAS/images/4/5/7/4575605-th.jpg",
    "categories": ["entertaining-at-home", "fruit-vegetables"],
    "tags": ["barbeque", "vegetables-salads"],
    "locations": {
      "vic": {
        "price": 3.5,
        "promoText": " ",
        "packageSize": "",
        "packagePrice": "$3.50 per 1Ea"
      }
    }
  },
  {
    "id": "tomatoes-cherry-prepacked",
    "brand": "Coles",
    "name": "Cherry Field Tomatoes Prepacked",
    "imageUrl": "https://shop.coles.com.au/wcsstore/Coles-CAS/images/4/8/3/4834736-th.jpg",
    "categories": ["entertaining-at-home", "fruit-vegetables"],
    "tags": ["barbeque", "vegetables-salads"],
    "locations": {
      "vic": {
        "price": 3.5,
        "promoText": " ",
        "packageSize": "250g",
        "packagePrice": "$14.00 per 1Kg"
      }
    }
  },
  {
    "id": "carrots-baby-prepacked",
    "brand": "Coles",
    "name": "Baby Carrots Prepacked",
    "imageUrl": "https://shop.coles.com.au/wcsstore/Coles-CAS/images/4/2/3/4236122-th.jpg",
    "categories": ["entertaining-at-home", "fruit-vegetables"],
    "tags": ["barbeque", "vegetables-salads"],
    "locations": {
      "vic": {
        "price": 1.8,
        "promoText": " ",
        "packageSize": "500g",
        "packagePrice": "$3.60 per 1Kg"
      }
    }
  },
  {
    "id": "pumpkin-butternut-cut-wrapped",
    "brand": "Coles",
    "name": "Butternut Pumpkin Cut",
    "imageUrl": "https://shop.coles.com.au/wcsstore/Coles-CAS/images/4/1/9/4190600-th.jpg",
    "categories": ["entertaining-at-home", "fruit-vegetables"],
    "tags": ["barbeque", "vegetables-salads"],
    "locations": {
      "vic": {
        "price": 2.45,
        "promoText": " ",
        "packageSize": "Approx. 700g",
        "packagePrice": "$3.50 per 1Kg"
      }
    }
  },
  {
    "id": "onions-red-loose",
    "brand": "Coles",
    "name": "Red Onions",
    "imageUrl": "https://shop.coles.com.au/wcsstore/Coles-CAS/images/4/2/1/4218459-th.jpg",
    "categories": ["entertaining-at-home", "fruit-vegetables"],
    "tags": ["barbeque", "vegetables-salads"],
    "locations": {
      "vic": {
        "price": 0.7,
        "promoText": " ",
        "packageSize": "Approx. 200g",
        "packagePrice": "$3.50 per 1Kg"
      }
    }
  },
  {
    "id": "potatoes-creme-gold-loose",
    "brand": "Coles",
    "name": "Creme Gold Washed Potatoes",
    "imageUrl": "https://shop.coles.com.au/wcsstore/Coles-CAS/images/1/1/8/1182162-th.jpg",
    "categories": ["entertaining-at-home", "fruit-vegetables"],
    "tags": ["barbeque", "vegetables-salads"],
    "locations": {
      "vic": {
        "price": 0.56,
        "promoText": " ",
        "packageSize": "approx 140g",
        "packagePrice": "$4.00 per 1Kg"
      }
    }
  },
  {
    "id": "lettuce-iceberg",
    "brand": "Coles",
    "name": "Iceberg Lettuce",
    "imageUrl": "https://shop.coles.com.au/wcsstore/Coles-CAS/images/4/5/8/4584071-th.jpg",
    "categories": ["entertaining-at-home", "fruit-vegetables"],
    "tags": ["barbeque", "vegetables-salads"],
    "locations": {
      "vic": {
        "price": 3.9,
        "promoText": " ",
        "packageSize": "",
        "packagePrice": "$3.90 per 1Ea"
      }
    }
  },
  {
    "id": "carrots-loose",
    "brand": "Coles",
    "name": "Carrots Loose",
    "imageUrl": "https://shop.coles.com.au/wcsstore/Coles-CAS/images/4/2/2/4223335-th.jpg",
    "categories": ["entertaining-at-home", "fruit-vegetables"],
    "tags": ["barbeque", "vegetables-salads"],
    "locations": {
      "vic": {
        "price": 0.37,
        "promoText": " ",
        "packageSize": "Approx. 170g",
        "packagePrice": "$2.20 per 1Kg"
      }
    }
  },
  {
    "id": "pumpkin-kent-cut-wrapped",
    "brand": "Coles",
    "name": "Kent Pumpkin Cut",
    "imageUrl": "https://shop.coles.com.au/wcsstore/Coles-CAS/images/4/2/0/4202540-th.jpg",
    "categories": ["entertaining-at-home", "fruit-vegetables"],
    "tags": ["barbeque", "vegetables-salads"],
    "locations": {
      "vic": {
        "price": 2.7,
        "promoText": " ",
        "packageSize": "Approx. 900g",
        "packagePrice": "$3.00 per 1Kg"
      }
    }
  },
  {
    "id": "lettuce-cos-baby",
    "brand": "Coles",
    "name": "Baby Cos Lettuce",
    "imageUrl": "https://shop.coles.com.au/wcsstore/Coles-CAS/images/4/6/4/4646485-th.jpg",
    "categories": ["entertaining-at-home", "fruit-vegetables"],
    "tags": ["barbeque", "vegetables-salads"],
    "locations": {
      "vic": {
        "price": 3.5,
        "promoText": " ",
        "packageSize": "2 pack",
        "packagePrice": "$1.75 per 1Ea"
      }
    }
  },
  {
    "id": "qukes-baby-prepacked",
    "brand": "Coles",
    "name": "Baby Cucumbers Prepacked",
    "imageUrl": "https://shop.coles.com.au/wcsstore/Coles-CAS/images/4/5/7/4578148-th.jpg",
    "categories": ["entertaining-at-home", "fruit-vegetables"],
    "tags": ["barbeque", "vegetables-salads"],
    "locations": {
      "vic": {
        "price": 4.5,
        "promoText": " ",
        "packageSize": "250g",
        "packagePrice": "$18.00 per 1Kg"
      }
    }
  },
  {
    "id": "asparagus-green",
    "brand": "Coles",
    "name": "Green Asparagus",
    "imageUrl": "https://shop.coles.com.au/wcsstore/Coles-CAS/images/4/8/3/4838737-th.jpg",
    "categories": ["entertaining-at-home", "fruit-vegetables"],
    "tags": ["barbeque", "vegetables-salads"],
    "locations": {
      "vic": {
        "price": 3.9,
        "promoText": " ",
        "packageSize": "1 bunch",
        "packagePrice": "$3.90 per 1Ea"
      }
    }
  },
  {
    "id": "capsicum-green-loose",
    "brand": "Coles",
    "name": "Green Capsicum Loose",
    "imageUrl": "https://shop.coles.com.au/wcsstore/Coles-CAS/images/7/2/1/7214862-th.jpg",
    "categories": ["entertaining-at-home", "fruit-vegetables"],
    "tags": ["barbeque", "vegetables-salads"],
    "locations": {
      "vic": {
        "price": 1.48,
        "promoText": " ",
        "packageSize": "Approx. 250g",
        "packagePrice": "$5.90 per 1Kg"
      }
    }
  },
  {
    "id": "leeks-loose",
    "brand": "Coles",
    "name": "Leeks",
    "imageUrl": "https://shop.coles.com.au/wcsstore/Coles-CAS/images/4/5/9/4595930-th.jpg",
    "categories": ["entertaining-at-home", "fruit-vegetables"],
    "tags": ["barbeque", "vegetables-salads"],
    "locations": {
      "vic": {
        "price": 2.5,
        "promoText": " ",
        "packageSize": "",
        "packagePrice": "$2.50 per 1Ea"
      }
    }
  },
  {
    "id": "corn-sweet-loose",
    "brand": "Coles",
    "name": "Sweet Corn",
    "imageUrl": "https://shop.coles.com.au/wcsstore/Coles-CAS/images/4/5/6/4562603-th.jpg",
    "categories": ["entertaining-at-home", "fruit-vegetables"],
    "tags": ["barbeque", "vegetables-salads"],
    "locations": {
      "vic": {
        "price": 1.5,
        "promoText": " ",
        "packageSize": "",
        "packagePrice": "$1.50 per 1Ea"
      }
    }
  },
  {
    "id": "celery-pieces-prepacked",
    "brand": "Coles",
    "name": "Celery Sticks Prepacked",
    "imageUrl": "https://shop.coles.com.au/wcsstore/Coles-CAS/images/1/0/6/1069160-th.jpg",
    "categories": ["entertaining-at-home", "fruit-vegetables"],
    "tags": ["barbeque", "vegetables-salads"],
    "locations": {
      "vic": {
        "price": 4.5,
        "promoText": " ",
        "packageSize": "300g",
        "packagePrice": "$15.00 per 1Kg"
      }
    }
  },
  {
    "id": "celery-bunch",
    "brand": "Coles",
    "name": "Celery",
    "imageUrl": "https://shop.coles.com.au/wcsstore/Coles-CAS/images/4/8/4/4845732-th.jpg",
    "categories": ["entertaining-at-home", "fruit-vegetables"],
    "tags": ["barbeque", "vegetables-salads"],
    "locations": {
      "vic": {
        "price": 3.9,
        "promoText": " ",
        "packageSize": "1 bunch",
        "packagePrice": "$3.90 per 1Ea"
      }
    }
  },
  {
    "id": "eggplant-purple-loose",
    "brand": "Coles",
    "name": "Purple Eggplant",
    "imageUrl": "https://shop.coles.com.au/wcsstore/Coles-CAS/images/4/5/8/4583206-th.jpg",
    "categories": ["entertaining-at-home", "fruit-vegetables"],
    "tags": ["barbeque", "vegetables-salads"],
    "locations": {
      "vic": {
        "price": 4.95,
        "promoText": " ",
        "packageSize": "",
        "packagePrice": "$9.90 per 1Kg"
      }
    }
  },
  {
    "id": "capsicum-yellow-loose",
    "brand": "Coles",
    "name": "Yellow Capsicum",
    "imageUrl": "https://shop.coles.com.au/wcsstore/Coles-CAS/images/7/2/1/7215355-th.jpg",
    "categories": ["entertaining-at-home", "fruit-vegetables"],
    "tags": ["barbeque", "vegetables-salads"],
    "locations": {
      "vic": {
        "price": 1.89,
        "promoText": " ",
        "packageSize": "Approx. 320g",
        "packagePrice": "$5.90 per 1Kg"
      }
    }
  },
  {
    "id": "coles-fresh-red-onions-prepacked",
    "brand": "Coles",
    "name": "Red Onions Prepacked",
    "imageUrl": "https://shop.coles.com.au/wcsstore/Coles-CAS/images/8/4/6/8467604-th.jpg",
    "categories": ["entertaining-at-home", "fruit-vegetables"],
    "tags": ["barbeque", "vegetables-salads"],
    "locations": {
      "vic": {
        "price": 3,
        "promoText": " ",
        "packageSize": "1kg",
        "packagePrice": "$3.00 per 1Kg"
      }
    }
  },
  {
    "id": "cauliflower-half",
    "brand": "Coles",
    "name": "Cauliflower Half",
    "imageUrl": "https://shop.coles.com.au/wcsstore/Coles-CAS/images/4/6/0/4601320-th.jpg",
    "categories": ["entertaining-at-home", "fruit-vegetables"],
    "tags": ["barbeque", "vegetables-salads"],
    "locations": {
      "vic": {
        "price": 3,
        "promoText": " ",
        "packageSize": "",
        "packagePrice": "$3.00 per 1Ea"
      }
    }
  },
  {
    "id": "tomatoes-vine-ripened-truss-prepacked",
    "brand": "Coles",
    "name": "Vine Ripened Tomatoes Prepacked",
    "imageUrl": "https://shop.coles.com.au/wcsstore/Coles-CAS/images/4/8/3/4835171-th.jpg",
    "categories": ["entertaining-at-home", "fruit-vegetables"],
    "tags": ["barbeque", "vegetables-salads"],
    "locations": {
      "vic": {
        "price": 5.9,
        "promoText": " ",
        "packageSize": "500g",
        "packagePrice": "$11.80 per 1Kg"
      }
    }
  },
  {
    "id": "pumpkin-butternut-whole",
    "brand": "Coles",
    "name": "Butternut Pumpkin Whole",
    "imageUrl": "https://shop.coles.com.au/wcsstore/Coles-CAS/images/4/1/8/4183423-th.jpg",
    "categories": ["entertaining-at-home", "fruit-vegetables"],
    "tags": ["barbeque", "vegetables-salads"],
    "locations": {
      "vic": {
        "price": 7,
        "promoText": " ",
        "packageSize": "approx. 2Kg",
        "packagePrice": "$3.50 per 1Kg"
      }
    }
  },
  {
    "id": "potatoes-brushed-prepacked-4213819p",
    "brand": "Coles",
    "name": "Brushed Potatoes Prepacked",
    "imageUrl": "https://shop.coles.com.au/wcsstore/Coles-CAS/images/4/2/1/4213819-th.jpg",
    "categories": ["entertaining-at-home", "fruit-vegetables"],
    "tags": ["barbeque", "vegetables-salads"],
    "locations": {
      "vic": {
        "price": 8,
        "promoText": " ",
        "packageSize": "3kg",
        "packagePrice": "$2.67 per 1Kg"
      }
    }
  },
  {
    "id": "bic-bic-child-resistant-lighter-maxi-2pk",
    "brand": "Bic",
    "name": "Maxi Lighters",
    "imageUrl": "https://shop.coles.com.au/wcsstore/Coles-CAS/images/2/5/1/2512794-th.jpg",
    "categories": ["entertaining-at-home"],
    "tags": ["barbeque", "accessories-utensils"],
    "locations": {
      "vic": {
        "price": 3.5,
        "promoText": " ",
        "packageSize": "2 pack",
        "packagePrice": "$1.75 per 1Ea"
      }
    }
  },
  {
    "id": "redheads-firelighters",
    "brand": "Redheads",
    "name": "Firelighters",
    "imageUrl": "https://shop.coles.com.au/wcsstore/Coles-CAS/images/4/9/9/4994890-th.jpg",
    "categories": ["entertaining-at-home"],
    "tags": ["barbeque", "accessories-utensils"],
    "locations": {
      "vic": {
        "price": 2.95,
        "promoText": "$1.55 ",
        "packageSize": "24 pack",
        "packagePrice": "$0.12 per 1Ea"
      }
    }
  },
  {
    "id": "redheads-extra-long-matches",
    "brand": "Redheads",
    "name": "Extra Long Safety Matches",
    "imageUrl": "https://shop.coles.com.au/wcsstore/Coles-CAS/images/4/9/2/492845-th.jpg",
    "categories": ["entertaining-at-home"],
    "tags": ["barbeque", "accessories-utensils"],
    "locations": {
      "vic": {
        "price": 2.75,
        "promoText": " ",
        "packageSize": "45 pack",
        "packagePrice": "$6.11 per 100Ea"
      }
    }
  },
  {
    "id": "redheads-matches-shrink-wrapped",
    "brand": "Redheads",
    "name": "Safety Matches",
    "imageUrl": "https://shop.coles.com.au/wcsstore/Coles-CAS/images/3/4/0/3404720-th.jpg",
    "categories": ["entertaining-at-home"],
    "tags": ["barbeque", "accessories-utensils"],
    "locations": {
      "vic": {
        "price": 2.15,
        "promoText": " ",
        "packageSize": "450 pack",
        "packagePrice": "$0.48 per 100Ea"
      }
    }
  },
  {
    "id": "bic-u140-fluo-utility-lighter",
    "brand": "Bic",
    "name": "Mega Lighter",
    "imageUrl": "https://shop.coles.com.au/wcsstore/Coles-CAS/images/2/3/9/2396252-th.jpg",
    "categories": ["entertaining-at-home"],
    "tags": ["barbeque", "accessories-utensils"],
    "locations": {
      "vic": {
        "price": 7,
        "promoText": " ",
        "packageSize": "",
        "packagePrice": "$7.00 per 1Ea"
      }
    }
  },
  {
    "id": "grillman-bamboo-skewers-50-pack",
    "brand": "Grillman",
    "name": "BBQ Bamboo Skewers 50 Pieces",
    "imageUrl": "https://shop.coles.com.au/wcsstore/Coles-CAS/images/2/1/5/2153782-th.jpg",
    "categories": ["entertaining-at-home"],
    "tags": ["barbeque", "accessories-utensils"],
    "locations": {
      "vic": {
        "price": 4,
        "promoText": " ",
        "packageSize": "1 Pack",
        "packagePrice": "$4.00 per 1Ea"
      }
    }
  },
  {
    "id": "redheads-handypak-thicker-longer-matches",
    "brand": "Redheads",
    "name": "Thicker & Longer Matches Handypak",
    "imageUrl": "https://shop.coles.com.au/wcsstore/Coles-CAS/images/5/1/1/5115316-th.jpg",
    "categories": ["entertaining-at-home"],
    "tags": ["barbeque", "accessories-utensils"],
    "locations": {
      "vic": {
        "price": 2.75,
        "promoText": " ",
        "packageSize": "3 pack",
        "packagePrice": "$1.02 per 100Ea"
      }
    }
  },
  {
    "id": "coles-firelighters",
    "brand": "Coles",
    "name": "Firelighters",
    "imageUrl": "https://shop.coles.com.au/wcsstore/Coles-CAS/images/5/0/8/5083763-th.jpg",
    "categories": ["entertaining-at-home"],
    "tags": ["barbeque", "accessories-utensils"],
    "locations": {
      "vic": {
        "price": 3,
        "promoText": " ",
        "packageSize": "24 pack",
        "packagePrice": "$0.13 per 1Ea"
      }
    }
  },
  {
    "id": "grillman-small-aluminium-trays",
    "brand": "Grillman",
    "name": "BBQ Small Aluminium Trays",
    "imageUrl": "https://shop.coles.com.au/wcsstore/Coles-CAS/images/2/1/6/2163185-th.jpg",
    "categories": ["entertaining-at-home"],
    "tags": ["barbeque", "accessories-utensils"],
    "locations": {
      "vic": {
        "price": 4,
        "promoText": " ",
        "packageSize": "5 pack",
        "packagePrice": "$0.80 per 1Ea"
      }
    }
  },
  {
    "id": "grillman-medium-aluminium-trays",
    "brand": "Grillman",
    "name": "BBQ Medium Aluminium Trays",
    "imageUrl": "https://shop.coles.com.au/wcsstore/Coles-CAS/images/2/1/5/2153818-th.jpg",
    "categories": ["entertaining-at-home"],
    "tags": ["barbeque", "accessories-utensils"],
    "locations": {
      "vic": {
        "price": 4,
        "promoText": " ",
        "packageSize": "3 pack",
        "packagePrice": "$1.33 per 1Ea"
      }
    }
  },
  {
    "id": "gasmate-cartridge-butane",
    "brand": "Gasmate",
    "name": "Butane Gas Cartridges",
    "imageUrl": "https://shop.coles.com.au/wcsstore/Coles-CAS/images/5/0/9/5096335-th.jpg",
    "categories": ["entertaining-at-home"],
    "tags": ["barbeque", "accessories-utensils"],
    "locations": {
      "vic": {
        "price": 8,
        "promoText": " ",
        "packageSize": "4 pack",
        "packagePrice": "$2.00 per 1Ea"
      }
    }
  },
  {
    "id": "grillman-hot-plate-liners",
    "brand": "Grillman",
    "name": "BBQ Reusable Hot Plate Liners 500mm X 400mm",
    "imageUrl": "https://shop.coles.com.au/wcsstore/Coles-CAS/images/2/1/5/2153807-th.jpg",
    "categories": ["entertaining-at-home"],
    "tags": ["barbeque", "accessories-utensils"],
    "locations": {
      "vic": {
        "price": 10,
        "promoText": " ",
        "packageSize": "",
        "packagePrice": "$10.00 per 1Ea"
      }
    }
  },
  {
    "id": "grillman-spatula",
    "brand": "Grillman",
    "name": "Spatula",
    "imageUrl": "https://shop.coles.com.au/wcsstore/Coles-CAS/images/2/1/5/2153512-th.jpg",
    "categories": ["entertaining-at-home"],
    "tags": ["barbeque", "accessories-utensils"],
    "locations": {
      "vic": {
        "price": 10,
        "promoText": " ",
        "packageSize": "",
        "packagePrice": "$10.00 per 1Ea"
      }
    }
  },
  {
    "id": "heat-beads-barbecue-fuel",
    "brand": "Heat Beads",
    "name": "Original BBQ Briquettes",
    "imageUrl": "https://shop.coles.com.au/wcsstore/Coles-CAS/images/5/4/2/5423974-th.jpg",
    "categories": ["entertaining-at-home"],
    "tags": ["barbeque", "accessories-utensils"],
    "locations": {
      "vic": {
        "price": 9.95,
        "promoText": " ",
        "packageSize": "4kg",
        "packagePrice": "$2.49 per 1Kg"
      }
    }
  },
  {
    "id": "jiffy-firelighters",
    "brand": "Jiffy",
    "name": "Firelighters",
    "imageUrl": "https://shop.coles.com.au/wcsstore/Coles-CAS/images/1/1/2/112638-th.jpg",
    "categories": ["entertaining-at-home"],
    "tags": ["barbeque", "accessories-utensils"],
    "locations": {
      "vic": {
        "price": 4.7,
        "promoText": " ",
        "packageSize": "24 pack",
        "packagePrice": "$0.20 per 1Ea"
      }
    }
  },
  {
    "id": "selleys-wipes-bbq-tough",
    "brand": "Selleys",
    "name": "BBQ Tough 12 Wipes",
    "imageUrl": "https://shop.coles.com.au/wcsstore/Coles-CAS/images/5/0/9/5097134-th.jpg",
    "categories": ["entertaining-at-home"],
    "tags": ["barbeque", "accessories-utensils"],
    "locations": {
      "vic": {
        "price": 5.75,
        "promoText": " ",
        "packageSize": "1 pack",
        "packagePrice": "$5.75 per 1Ea"
      }
    }
  },
  {
    "id": "selleys-bbq-kleen",
    "brand": "Selleys",
    "name": "BBQ Touch Clean",
    "imageUrl": "https://shop.coles.com.au/wcsstore/Coles-CAS/images/4/5/6/4568133-th.jpg",
    "categories": ["entertaining-at-home"],
    "tags": ["barbeque", "accessories-utensils"],
    "locations": {
      "vic": {
        "price": 8.6,
        "promoText": " ",
        "packageSize": "400g",
        "packagePrice": "$2.15 per 100G"
      }
    }
  },
  {
    "id": "selleys-bbq-tough-wipes",
    "brand": "Selleys",
    "name": "BBQ Tough 25 Wipes",
    "imageUrl": "https://shop.coles.com.au/wcsstore/Coles-CAS/images/1/0/5/1058196-th.jpg",
    "categories": ["entertaining-at-home"],
    "tags": ["barbeque", "accessories-utensils"],
    "locations": {
      "vic": {
        "price": 8,
        "promoText": "$2.00 ",
        "packageSize": "1 pack",
        "packagePrice": "$8.00 per 1Ea"
      }
    }
  },
  {
    "id": "simply-better-tofu-plain-firm",
    "brand": "Simply Better",
    "name": "Plain Firm Tofu",
    "imageUrl": "https://shop.coles.com.au/wcsstore/Coles-CAS/images/5/0/0/5005602-th.jpg",
    "categories": ["entertaining-at-home", "dairy-eggs-meals"],
    "tags": ["barbeque", "vegetarian-options-4405497"],
    "locations": {
      "vic": {
        "price": 4.8,
        "promoText": " ",
        "packageSize": "375g",
        "packagePrice": "$1.28 per 100G"
      }
    }
  },
  {
    "id": "simply-better-tofu-plain-firm-organic-5005613p",
    "brand": "Simply Better",
    "name": "Organic Plain Firm Tofu",
    "imageUrl": "https://shop.coles.com.au/wcsstore/Coles-CAS/images/5/0/0/5005613-th.jpg",
    "categories": ["entertaining-at-home", "dairy-eggs-meals"],
    "tags": ["barbeque", "vegetarian-options-4405497"],
    "locations": {
      "vic": {
        "price": 5.35,
        "promoText": " ",
        "packageSize": "500g",
        "packagePrice": "$1.07 per 100G"
      }
    }
  },
  {
    "id": "the-beyond-burger",
    "brand": "The Beyond Burger",
    "name": "Plant Based Burger Patties",
    "imageUrl": "https://shop.coles.com.au/wcsstore/Coles-CAS/images/3/3/2/3325920-th.jpg",
    "categories": ["entertaining-at-home", "meat-seafood-deli"],
    "tags": ["barbeque", "vegetarian-options-4405497"],
    "locations": {
      "vic": {
        "price": 12,
        "promoText": " ",
        "packageSize": "226g",
        "packagePrice": "$53.10 per 1Kg"
      }
    }
  },
  {
    "id": "soyco-tofu-japanese-teriyaki",
    "brand": "Soyco",
    "name": "Tofu Japanese Teriyaki",
    "imageUrl": "https://shop.coles.com.au/wcsstore/Coles-CAS/images/5/5/5/5552650-th.jpg",
    "categories": ["entertaining-at-home", "dairy-eggs-meals"],
    "tags": ["barbeque", "vegetarian-options-4405497"],
    "locations": {
      "vic": {
        "price": 5.1,
        "promoText": " ",
        "packageSize": "200g",
        "packagePrice": "$2.55 per 100G"
      }
    }
  },
  {
    "id": "soyco-tofu-malaysian-satay",
    "brand": "Soyco",
    "name": "Tofu Malaysian Peanut Satay",
    "imageUrl": "https://shop.coles.com.au/wcsstore/Coles-CAS/images/9/0/9/9099120-th.jpg",
    "categories": ["entertaining-at-home", "dairy-eggs-meals"],
    "tags": ["barbeque", "vegetarian-options-4405497"],
    "locations": {
      "vic": {
        "price": 5.1,
        "promoText": " ",
        "packageSize": "200g",
        "packagePrice": "$2.55 per 100G"
      }
    }
  },
  {
    "id": "yumis-delights-spicy-zucchini-lentils-dip",
    "brand": "Yumi's",
    "name": "Gluten Free Zucchini & Lentil Veggie Bites",
    "imageUrl": "https://shop.coles.com.au/wcsstore/Coles-CAS/images/2/1/2/2122010-th.jpg",
    "categories": ["entertaining-at-home", "dairy-eggs-meals"],
    "tags": ["barbeque", "vegetarian-options-4405497"],
    "locations": {
      "vic": {
        "price": 5.5,
        "promoText": " ",
        "packageSize": "225g",
        "packagePrice": "$2.44 per 100G"
      }
    }
  },
  {
    "id": "yumis-delights-curried-pumpkin-spinach-dip",
    "brand": "Yumi's",
    "name": "Gluten Free Curried Pumpkin & Spinach Veggie Bites",
    "imageUrl": "https://shop.coles.com.au/wcsstore/Coles-CAS/images/2/1/2/2121990-th.jpg",
    "categories": ["entertaining-at-home", "dairy-eggs-meals"],
    "tags": ["barbeque", "vegetarian-options-4405497"],
    "locations": {
      "vic": {
        "price": 5.5,
        "promoText": " ",
        "packageSize": "225g",
        "packagePrice": "$2.44 per 100G"
      }
    }
  },
  {
    "id": "bean-supreme-rosemary-sage-parsley-sausage-3516407p",
    "brand": "Bean Supreme",
    "name": "Parsley Sage & Rosemary Sausages 6 Pack",
    "imageUrl": "https://shop.coles.com.au/wcsstore/Coles-CAS/images/3/5/1/3516407-th.jpg",
    "categories": ["entertaining-at-home", "dairy-eggs-meals"],
    "tags": ["barbeque", "vegetarian-options-4405497"],
    "locations": {
      "vic": {
        "price": 8,
        "promoText": " ",
        "packageSize": "375g",
        "packagePrice": "$2.13 per 100G"
      }
    }
  },
  {
    "id": "tly-joyce-tofu-firm",
    "brand": "TLY Joyce",
    "name": "Firm Tofu",
    "imageUrl": "https://shop.coles.com.au/wcsstore/Coles-CAS/images/6/7/0/6701121-th.jpg",
    "categories": ["entertaining-at-home", "dairy-eggs-meals"],
    "tags": ["barbeque", "vegetarian-options-4405497"],
    "locations": {
      "vic": {
        "price": 2.7,
        "promoText": " ",
        "packageSize": "300g",
        "packagePrice": "$0.90 per 100G"
      }
    }
  },
  {
    "id": "coles-curried-pumpkin-corn-frozen-burgers",
    "brand": "Coles",
    "name": "Nature's Kitchen Curried Pumpkin & Corn Burger",
    "imageUrl": "https://shop.coles.com.au/wcsstore/Coles-CAS/images/2/7/5/2752153-th.jpg",
    "categories": ["entertaining-at-home", "dairy-eggs-meals"],
    "tags": ["barbeque", "vegetarian-options-4405497"],
    "locations": {
      "vic": {
        "price": 3.5,
        "promoText": " ",
        "packageSize": "250g",
        "packagePrice": "$1.40 per 100G"
      }
    }
  },
  {
    "id": "coles-sweet-potato-blackbean-burgers",
    "brand": "Coles",
    "name": "Nature's Kitchen Sweet Potato & Black Bean Burger",
    "imageUrl": "https://shop.coles.com.au/wcsstore/Coles-CAS/images/2/7/5/2752164-th.jpg",
    "categories": ["entertaining-at-home", "dairy-eggs-meals"],
    "tags": ["barbeque", "vegetarian-options-4405497"],
    "locations": {
      "vic": {
        "price": 3.5,
        "promoText": " ",
        "packageSize": "250g",
        "packagePrice": "$1.40 per 100G"
      }
    }
  },
  {
    "id": "coles-brand-tofu-southern-smoked-infused",
    "brand": "Coles",
    "name": "Nature's Kitchen Oven Baked Falafel Bites",
    "imageUrl": "https://shop.coles.com.au/wcsstore/Coles-CAS/images/2/7/5/2752211-th.jpg",
    "categories": ["entertaining-at-home", "dairy-eggs-meals"],
    "tags": ["barbeque", "vegetarian-options-4405497"],
    "locations": {
      "vic": {
        "price": 4,
        "promoText": " ",
        "packageSize": "225g",
        "packagePrice": "$1.78 per 100G"
      }
    }
  },
  {
    "id": "vegie-delights-bbq-sausages-3516350p",
    "brand": "Vegie Delights",
    "name": "BBQ Sausages",
    "imageUrl": "https://shop.coles.com.au/wcsstore/Coles-CAS/images/3/5/1/3516350-th.jpg",
    "categories": ["entertaining-at-home", "dairy-eggs-meals"],
    "tags": ["barbeque", "vegetarian-options-4405497"],
    "locations": {
      "vic": {
        "price": 6,
        "promoText": "Was $7.00 on Jun 2019 ",
        "packageSize": "300g",
        "packagePrice": "$2.00 per 100G"
      }
    }
  },
  {
    "id": "eatwell-burgers-vegetarian-lentil",
    "brand": "Australian Eatwell",
    "name": "Lentil Vegie Burgers 4 pack",
    "imageUrl": "https://shop.coles.com.au/wcsstore/Coles-CAS/images/5/7/3/5732367-th.jpg",
    "categories": ["entertaining-at-home", "dairy-eggs-meals"],
    "tags": ["barbeque", "vegetarian-options-4405497"],
    "locations": {
      "vic": {
        "price": 6.3,
        "promoText": " ",
        "packageSize": "500g",
        "packagePrice": "$1.26 per 100G"
      }
    }
  },
  {
    "id": "vegie-delights-beef-style-burger-3516393p",
    "brand": "Vegie Delights",
    "name": "Beef Style Burgers",
    "imageUrl": "https://shop.coles.com.au/wcsstore/Coles-CAS/images/3/5/1/3516393-th.jpg",
    "categories": ["entertaining-at-home", "dairy-eggs-meals"],
    "tags": ["barbeque", "vegetarian-options-4405497"],
    "locations": {
      "vic": {
        "price": 6,
        "promoText": "Was $6.50 on Jun 2019 ",
        "packageSize": "300g",
        "packagePrice": "$2.00 per 100G"
      }
    }
  },
  {
    "id": "coles-meat-free-beef-style-burgers-3512891p",
    "brand": "Coles",
    "name": "Nature's Kitchen Meat Free Smokey Grill Burgers",
    "imageUrl": "https://shop.coles.com.au/wcsstore/Coles-CAS/images/3/5/1/3512891-th.jpg",
    "categories": ["entertaining-at-home", "dairy-eggs-meals"],
    "tags": ["barbeque", "vegetarian-options-4405497"],
    "locations": {
      "vic": {
        "price": 6,
        "promoText": " ",
        "packageSize": "250g",
        "packagePrice": "$2.40 per 100G"
      }
    }
  },
  {
    "id": "puregg-egg-white-simply",
    "brand": "Puregg",
    "name": "Simply Egg Whites",
    "imageUrl": "https://shop.coles.com.au/wcsstore/Coles-CAS/images/1/6/4/1642218-th.jpg",
    "categories": ["entertaining-at-home"],
    "tags": ["barbeque", "vegetarian-options-4405497"],
    "locations": {
      "vic": {
        "price": 5.5,
        "promoText": " ",
        "packageSize": "500g",
        "packagePrice": "$1.10 per 100G"
      }
    }
  },
  {
    "id": "pureland-tofu",
    "brand": "Pureland",
    "name": "Organic Tofu",
    "imageUrl": "https://shop.coles.com.au/wcsstore/Coles-CAS/images/5/1/8/5185209-th.jpg",
    "categories": ["entertaining-at-home", "dairy-eggs-meals"],
    "tags": ["barbeque", "vegetarian-options-4405497"],
    "locations": {
      "vic": {
        "price": 5.3,
        "promoText": " ",
        "packageSize": "500g",
        "packagePrice": "$1.06 per 100G"
      }
    }
  },
  {
    "id": "the-alternative-meat-burger",
    "brand": "The Alternative Meat Co.",
    "name": "Plant Based Burger",
    "imageUrl": "https://shop.coles.com.au/wcsstore/Coles-CAS/images/3/5/0/3504907-th.jpg",
    "categories": ["entertaining-at-home", "meat-seafood-deli"],
    "tags": ["barbeque", "vegetarian-options-4405497"],
    "locations": {
      "vic": {
        "price": 8.5,
        "promoText": " ",
        "packageSize": "220g",
        "packagePrice": "$38.64 per 1Kg"
      }
    }
  },
  {
    "id": "coles-vegan-burger-sauce",
    "brand": "Coles",
    "name": "Vegan Special Burger Sauce",
    "imageUrl": "https://shop.coles.com.au/wcsstore/Coles-CAS/images/3/4/1/3410268-th.jpg",
    "categories": ["entertaining-at-home", "meat-seafood-deli"],
    "tags": ["barbeque", "vegetarian-options-4405497"],
    "locations": {
      "vic": {
        "price": 2.75,
        "promoText": " ",
        "packageSize": "365mL",
        "packagePrice": "$0.75 per 100mL"
      }
    }
  },
  {
    "id": "coles-carrot-cake",
    "brand": "Coles",
    "name": "Carrot Cake",
    "imageUrl": "https://shop.coles.com.au/wcsstore/Coles-CAS/images/3/4/7/3472877-th.jpg",
    "categories": ["entertaining-at-home", "bread-bakery"],
    "tags": ["party-fod-supplies", "cakes-swets"],
    "locations": {
      "vic": {
        "price": 4,
        "promoText": " ",
        "packageSize": "300g",
        "packagePrice": "$1.33 per 100G"
      }
    }
  },
  {
    "id": "coles-bakery-cake-fruit-light",
    "brand": "Coles",
    "name": "Light Fruit Cake",
    "imageUrl": "https://shop.coles.com.au/wcsstore/Coles-CAS/images/7/8/6/7864722-th.jpg",
    "categories": ["entertaining-at-home", "bread-bakery"],
    "tags": ["party-fod-supplies", "cakes-swets"],
    "locations": {
      "vic": {
        "price": 5,
        "promoText": " ",
        "packageSize": "800g",
        "packagePrice": "$0.63 per 100G"
      }
    }
  },
  {
    "id": "coles-bakery-lamington-fingers-18-pack",
    "brand": "Coles",
    "name": "Lamington Fingers 18 pack",
    "imageUrl": "https://shop.coles.com.au/wcsstore/Coles-CAS/images/7/5/4/7545928-th.jpg",
    "categories": ["entertaining-at-home", "bread-bakery"],
    "tags": ["party-fod-supplies", "cakes-swets"],
    "locations": {
      "vic": {
        "price": 2.5,
        "promoText": " ",
        "packageSize": "350g",
        "packagePrice": "$0.71 per 100G"
      }
    }
  },
  {
    "id": "coles-banana-muffins-9-pack",
    "brand": "Coles",
    "name": "Banana Mini Muffins 9 Pack",
    "imageUrl": "https://shop.coles.com.au/wcsstore/Coles-CAS/images/2/7/2/2728964-th.jpg",
    "categories": ["entertaining-at-home", "bread-bakery"],
    "tags": ["party-fod-supplies", "cakes-swets"],
    "locations": {
      "vic": {
        "price": 3.5,
        "promoText": " ",
        "packageSize": "315g",
        "packagePrice": "$1.11 per 100G"
      }
    }
  },
  {
    "id": "coles-mini-chocolate-chip-muffin-9pk",
    "brand": "Coles",
    "name": "Chocolate Chip Mini Muffins 9 Pack",
    "imageUrl": "https://shop.coles.com.au/wcsstore/Coles-CAS/images/2/4/0/2409310-th.jpg",
    "categories": ["entertaining-at-home", "bread-bakery"],
    "tags": ["party-fod-supplies", "cakes-swets"],
    "locations": {
      "vic": {
        "price": 3.5,
        "promoText": " ",
        "packageSize": "315g",
        "packagePrice": "$1.11 per 100G"
      }
    }
  },
  {
    "id": "coles-blueberry-muffin-4pk",
    "brand": "Coles",
    "name": "Blueberry Muffins",
    "imageUrl": "https://shop.coles.com.au/wcsstore/Coles-CAS/images/2/4/0/2409274-th.jpg",
    "categories": ["entertaining-at-home", "bread-bakery"],
    "tags": ["party-fod-supplies", "cakes-swets"],
    "locations": {
      "vic": {
        "price": 3.5,
        "promoText": " ",
        "packageSize": "4 pack",
        "packagePrice": "$0.88 per 1Ea"
      }
    }
  },
  {
    "id": "sara-lee-cake-chocolate-buttercake-frozen",
    "brand": "Sara Lee",
    "name": "Frozen Chocolate Buttercake",
    "imageUrl": "https://shop.coles.com.au/wcsstore/Coles-CAS/images/2/6/8/268900-th.jpg",
    "categories": ["entertaining-at-home"],
    "tags": ["party-fod-supplies", "cakes-swets"],
    "locations": {
      "vic": {
        "price": 4,
        "promoText": "$2.25 ",
        "packageSize": "350g",
        "packagePrice": "$1.14 per 100G"
      }
    }
  },
  {
    "id": "coles-banana-muffin-4-pack",
    "brand": "Coles",
    "name": "Banana Muffins 4 Pack",
    "imageUrl": "https://shop.coles.com.au/wcsstore/Coles-CAS/images/3/2/3/3235419-th.jpg",
    "categories": ["entertaining-at-home", "bread-bakery"],
    "tags": ["party-fod-supplies", "cakes-swets"],
    "locations": {
      "vic": {
        "price": 3.5,
        "promoText": " ",
        "packageSize": "440g",
        "packagePrice": "$0.80 per 100G"
      }
    }
  },
  {
    "id": "cadbury-mini-rolls-chocolate-5-pack",
    "brand": "Cadbury",
    "name": "Milk Chocolate Mini Rolls 5 pack",
    "imageUrl": "https://shop.coles.com.au/wcsstore/Coles-CAS/images/1/9/6/1967369-th.jpg",
    "categories": ["entertaining-at-home", "bread-bakery"],
    "tags": ["party-fod-supplies", "cakes-swets"],
    "locations": {
      "vic": {
        "price": 1.87,
        "promoText": "$1.88 ",
        "packageSize": "115g",
        "packagePrice": "$1.63 per 100G"
      }
    }
  },
  {
    "id": "coles-mini-blueberry-muffin-9pk",
    "brand": "Coles",
    "name": "Blueberry Mini Muffins 9 Pack",
    "imageUrl": "https://shop.coles.com.au/wcsstore/Coles-CAS/images/2/4/0/2409300-th.jpg",
    "categories": ["entertaining-at-home", "bread-bakery"],
    "tags": ["party-fod-supplies", "cakes-swets"],
    "locations": {
      "vic": {
        "price": 3.5,
        "promoText": " ",
        "packageSize": "315g",
        "packagePrice": "$1.11 per 100G"
      }
    }
  },
  {
    "id": "coles-chocolate-chip-muffin-4pk",
    "brand": "Coles",
    "name": "Chocolate Chip Muffins 4 Pack",
    "imageUrl": "https://shop.coles.com.au/wcsstore/Coles-CAS/images/2/4/0/2409285-th.jpg",
    "categories": ["entertaining-at-home", "bread-bakery"],
    "tags": ["party-fod-supplies", "cakes-swets"],
    "locations": {
      "vic": {
        "price": 3.5,
        "promoText": " ",
        "packageSize": "480g",
        "packagePrice": "$0.73 per 100G"
      }
    }
  },
  {
    "id": "cadbury-caramel-cake-bars",
    "brand": "Cadbury",
    "name": "Caramel Cake Bars",
    "imageUrl": "https://shop.coles.com.au/wcsstore/Coles-CAS/images/2/9/9/2995993-th.jpg",
    "categories": ["entertaining-at-home", "bread-bakery"],
    "tags": ["party-fod-supplies", "cakes-swets"],
    "locations": {
      "vic": {
        "price": 1.87,
        "promoText": "$1.88 ",
        "packageSize": "105g",
        "packagePrice": "$1.78 per 100G"
      }
    }
  },
  {
    "id": "cadbury-chocolate-cake-bars",
    "brand": "Cadbury",
    "name": "Milk Chocolate Cake Bars",
    "imageUrl": "https://shop.coles.com.au/wcsstore/Coles-CAS/images/2/9/9/2995982-th.jpg",
    "categories": ["entertaining-at-home", "bread-bakery"],
    "tags": ["party-fod-supplies", "cakes-swets"],
    "locations": {
      "vic": {
        "price": 1.87,
        "promoText": "$1.88 ",
        "packageSize": "105g",
        "packagePrice": "$1.78 per 100G"
      }
    }
  },
  {
    "id": "coles-slices-caramel",
    "brand": "Coles",
    "name": "Caramel Slice",
    "imageUrl": "https://shop.coles.com.au/wcsstore/Coles-CAS/images/1/3/8/1387132-th.jpg",
    "categories": ["entertaining-at-home", "bread-bakery"],
    "tags": ["party-fod-supplies", "cakes-swets"],
    "locations": {
      "vic": {
        "price": 4,
        "promoText": " ",
        "packageSize": "175g",
        "packagePrice": "$2.29 per 100G"
      }
    }
  },
  {
    "id": "coles-brownies-5-pack",
    "brand": "Coles",
    "name": "Brownies 5 pack",
    "imageUrl": "https://shop.coles.com.au/wcsstore/Coles-CAS/images/2/6/8/2682036-th.jpg",
    "categories": ["entertaining-at-home", "bread-bakery"],
    "tags": ["party-fod-supplies", "cakes-swets"],
    "locations": {
      "vic": {
        "price": 3.5,
        "promoText": " ",
        "packageSize": "250g",
        "packagePrice": "$1.40 per 100G"
      }
    }
  },
  {
    "id": "coles-tiramisu",
    "brand": "Coles",
    "name": "Frozen Tiramisu",
    "imageUrl": "https://shop.coles.com.au/wcsstore/Coles-CAS/images/3/1/4/3145972-th.jpg",
    "categories": ["entertaining-at-home"],
    "tags": ["party-fod-supplies", "cakes-swets"],
    "locations": {
      "vic": {
        "price": 5,
        "promoText": " ",
        "packageSize": "500g",
        "packagePrice": "$1.00 per 100G"
      }
    }
  },
  {
    "id": "coles-bakery-sponge-roll-jam",
    "brand": "Coles Bakery",
    "name": "Jam Sponge Roll",
    "imageUrl": "https://shop.coles.com.au/wcsstore/Coles-CAS/images/8/7/8/8782565-th.jpg",
    "categories": ["entertaining-at-home", "bread-bakery"],
    "tags": ["party-fod-supplies", "cakes-swets"],
    "locations": {
      "vic": {
        "price": 2.5,
        "promoText": " ",
        "packageSize": "400g",
        "packagePrice": "$0.63 per 100G"
      }
    }
  },
  {
    "id": "mr-kipling-angel-slice-2762237p",
    "brand": "Mr Kipling",
    "name": "Angel Slice 6 pack",
    "imageUrl": "https://shop.coles.com.au/wcsstore/Coles-CAS/images/2/7/6/2762237-th.jpg",
    "categories": ["entertaining-at-home", "bread-bakery"],
    "tags": ["party-fod-supplies", "cakes-swets"],
    "locations": {
      "vic": {
        "price": 4,
        "promoText": " ",
        "packageSize": "165g",
        "packagePrice": "$2.42 per 100G"
      }
    }
  },
  {
    "id": "coles-double-chocolate-muffins-4pk",
    "brand": "Coles",
    "name": "Double Chocolate Muffins 4 Pack",
    "imageUrl": "https://shop.coles.com.au/wcsstore/Coles-CAS/images/2/4/0/2409296-th.jpg",
    "categories": ["entertaining-at-home", "bread-bakery"],
    "tags": ["party-fod-supplies", "cakes-swets"],
    "locations": {
      "vic": {
        "price": 3.5,
        "promoText": " ",
        "packageSize": "480g",
        "packagePrice": "$0.73 per 100G"
      }
    }
  },
  {
    "id": "coles-bakery-cake-mud-white",
    "brand": "Coles",
    "name": "White Mud Cake",
    "imageUrl": "https://shop.coles.com.au/wcsstore/Coles-CAS/images/7/5/7/7570233-th.jpg",
    "categories": ["entertaining-at-home", "bread-bakery"],
    "tags": ["party-fod-supplies", "cakes-swets"],
    "locations": {
      "vic": {
        "price": 4.8,
        "promoText": " ",
        "packageSize": "600g",
        "packagePrice": "$0.80 per 100G"
      }
    }
  },
  {
    "id": "coles-bakery-sponge-roll-mini-jam",
    "brand": "Coles",
    "name": "Mini Jam Rolls",
    "imageUrl": "https://shop.coles.com.au/wcsstore/Coles-CAS/images/5/0/5/5057708-th.jpg",
    "categories": ["entertaining-at-home", "bread-bakery"],
    "tags": ["party-fod-supplies", "cakes-swets"],
    "locations": {
      "vic": {
        "price": 2.5,
        "promoText": " ",
        "packageSize": "6 pack",
        "packagePrice": "$0.42 per 1Ea"
      }
    }
  },
  {
    "id": "coles-slices-hedgehog",
    "brand": "Coles",
    "name": "Hedgehog Slice 5 pack",
    "imageUrl": "https://shop.coles.com.au/wcsstore/Coles-CAS/images/1/3/8/1387154-th.jpg",
    "categories": ["entertaining-at-home", "bread-bakery"],
    "tags": ["party-fod-supplies", "cakes-swets"],
    "locations": {
      "vic": {
        "price": 4,
        "promoText": " ",
        "packageSize": "175g",
        "packagePrice": "$2.29 per 100G"
      }
    }
  },
  {
    "id": "jon-jon-ginger-kisses-8-pack",
    "brand": "Jon-Jon",
    "name": "Ginger Kisses Cream Filled Sponge Cake 8 pack",
    "imageUrl": "https://shop.coles.com.au/wcsstore/Coles-CAS/images/2/6/0/2603798-th.jpg",
    "categories": ["entertaining-at-home", "bread-bakery"],
    "tags": ["party-fod-supplies", "cakes-swets"],
    "locations": {
      "vic": {
        "price": 3.7,
        "promoText": " ",
        "packageSize": "200g",
        "packagePrice": "$1.85 per 100G"
      }
    }
  },
  {
    "id": "mr-kipling-lemon-snack-pack",
    "brand": "Mr Kipling",
    "name": "Lemon Slices 6 Pack",
    "imageUrl": "https://shop.coles.com.au/wcsstore/Coles-CAS/images/1/6/4/1647164-th.jpg",
    "categories": ["entertaining-at-home", "bread-bakery"],
    "tags": ["party-fod-supplies", "cakes-swets"],
    "locations": {
      "vic": {
        "price": 4,
        "promoText": " ",
        "packageSize": "165g",
        "packagePrice": "$2.42 per 100G"
      }
    }
  },
  {
    "id": "coles-bakery-cake-mud",
    "brand": "Coles",
    "name": "Chocolate Mud Cake",
    "imageUrl": "https://shop.coles.com.au/wcsstore/Coles-CAS/images/7/5/2/7523211-th.jpg",
    "categories": ["entertaining-at-home", "bread-bakery"],
    "tags": ["party-fod-supplies", "cakes-swets"],
    "locations": {
      "vic": {
        "price": 4.8,
        "promoText": " ",
        "packageSize": "600g",
        "packagePrice": "$0.80 per 100G"
      }
    }
  },
  {
    "id": "coles-bakery-sponge-unfilled-rectangular",
    "brand": "Coles",
    "name": "Rectangular Double Sponge Unfilled Cake",
    "imageUrl": "https://shop.coles.com.au/wcsstore/Coles-CAS/images/7/5/7/7577731-th.jpg",
    "categories": ["entertaining-at-home", "bread-bakery"],
    "tags": ["party-fod-supplies", "cakes-swets"],
    "locations": {
      "vic": {
        "price": 5,
        "promoText": " ",
        "packageSize": "450g",
        "packagePrice": "$1.11 per 100G"
      }
    }
  },
  {
    "id": "coles-bakery-sponge-roll-mini-chocolate",
    "brand": "Coles",
    "name": "Chocolate Mini Rolls 6 pack",
    "imageUrl": "https://shop.coles.com.au/wcsstore/Coles-CAS/images/5/0/5/5057683-th.jpg",
    "categories": ["entertaining-at-home", "bread-bakery"],
    "tags": ["party-fod-supplies", "cakes-swets"],
    "locations": {
      "vic": {
        "price": 2.5,
        "promoText": " ",
        "packageSize": "250g",
        "packagePrice": "$1.00 per 100G"
      }
    }
  },
  {
    "id": "coles-smart-buy-cake-fruit-light",
    "brand": "Coles",
    "name": "Lightly Fruited Sultana Cake",
    "imageUrl": "https://shop.coles.com.au/wcsstore/Coles-CAS/images/4/9/9/4991100-th.jpg",
    "categories": ["entertaining-at-home", "bread-bakery"],
    "tags": ["party-fod-supplies", "cakes-swets"],
    "locations": {
      "vic": {
        "price": 3.3,
        "promoText": " ",
        "packageSize": "800g",
        "packagePrice": "$0.41 per 100G"
      }
    }
  },
  {
    "id": "coles-pavlova",
    "brand": "Coles",
    "name": "Pavlova",
    "imageUrl": "https://shop.coles.com.au/wcsstore/Coles-CAS/images/1/5/3/1534306-th.jpg",
    "categories": ["entertaining-at-home", "bread-bakery"],
    "tags": ["party-fod-supplies", "cakes-swets"],
    "locations": {
      "vic": {
        "price": 8,
        "promoText": " ",
        "packageSize": "500g",
        "packagePrice": "$1.60 per 100G"
      }
    }
  },
  {
    "id": "nestle-chocolate-bar-medium-peppermint-crisp",
    "brand": "Nestle",
    "name": "Peppermint Crisp Chocolate Bar",
    "imageUrl": "https://shop.coles.com.au/wcsstore/Coles-CAS/images/1/4/2/142424-th.jpg",
    "categories": ["entertaining-at-home", "bread-bakery"],
    "tags": ["party-fod-supplies", "cakes-swets"],
    "locations": {
      "vic": {
        "price": 2,
        "promoText": " ",
        "packageSize": "35g",
        "packagePrice": "$5.71 per 100G"
      }
    }
  },
  {
    "id": "coles-lemon-drizzle",
    "brand": "Coles",
    "name": "Lemon Cake",
    "imageUrl": "https://shop.coles.com.au/wcsstore/Coles-CAS/images/3/4/7/3472899-th.jpg",
    "categories": ["entertaining-at-home", "bread-bakery"],
    "tags": ["party-fod-supplies", "cakes-swets"],
    "locations": {
      "vic": {
        "price": 4,
        "promoText": " ",
        "packageSize": "300g",
        "packagePrice": "$1.33 per 100G"
      }
    }
  },
  {
    "id": "four-n-twenty-pie-meat-traditional-frozen-4-pack",
    "brand": "Four'N Twenty",
    "name": "Frozen Classic Meat Pies 4 Pack",
    "imageUrl": "https://shop.coles.com.au/wcsstore/Coles-CAS/images/5/1/1/5112318-th.jpg",
    "categories": ["entertaining-at-home"],
    "tags": ["party-fod-supplies", "pastries-for-entertaining"],
    "locations": {
      "vic": {
        "price": 6.5,
        "promoText": " ",
        "packageSize": "700g",
        "packagePrice": "$0.93 per 100G"
      }
    }
  },
  {
    "id": "patties-party-pack-frozen",
    "brand": "Patties",
    "name": "Frozen Party Pack 30 Pieces",
    "imageUrl": "https://shop.coles.com.au/wcsstore/Coles-CAS/images/6/0/7/6079240-th.jpg",
    "categories": ["entertaining-at-home"],
    "tags": ["party-fod-supplies", "pastries-for-entertaining"],
    "locations": {
      "vic": {
        "price": 12,
        "promoText": "$3.50 ",
        "packageSize": "1.25kg",
        "packagePrice": "$0.96 per 100G"
      }
    }
  },
  {
    "id": "patties-pies-party-frozen-5237153p",
    "brand": "Patties",
    "name": "Frozen Party Classic Beef Pies 12 pack",
    "imageUrl": "https://shop.coles.com.au/wcsstore/Coles-CAS/images/5/2/3/5237153-th.jpg",
    "categories": ["entertaining-at-home"],
    "tags": ["party-fod-supplies", "pastries-for-entertaining"],
    "locations": {
      "vic": {
        "price": 8.5,
        "promoText": " ",
        "packageSize": "560g",
        "packagePrice": "$1.52 per 100G"
      }
    }
  },
  {
    "id": "four-n-twenty-pies-angus-beef-frozen",
    "brand": "Four'N Twenty",
    "name": "Frozen Angus Aussie Beef Pies 4 pack",
    "imageUrl": "https://shop.coles.com.au/wcsstore/Coles-CAS/images/7/7/8/7785375-th.jpg",
    "categories": ["entertaining-at-home"],
    "tags": ["party-fod-supplies", "pastries-for-entertaining"],
    "locations": {
      "vic": {
        "price": 10,
        "promoText": " ",
        "packageSize": "760g",
        "packagePrice": "$1.32 per 100G"
      }
    }
  },
  {
    "id": "herbert-adams-gourmet-king-island-beef-party-pies",
    "brand": "Herbert Adams",
    "name": "Frozen Gourmet King Island Beef Party Pies 12 pack",
    "imageUrl": "https://shop.coles.com.au/wcsstore/Coles-CAS/images/8/6/9/8693170-th.jpg",
    "categories": ["entertaining-at-home"],
    "tags": ["party-fod-supplies", "pastries-for-entertaining"],
    "locations": {
      "vic": {
        "price": 8.7,
        "promoText": " ",
        "packageSize": "420g",
        "packagePrice": "$2.07 per 100G"
      }
    }
  },
  {
    "id": "herbert-adams-frozen-slow-cooked-chunky-beef-pies",
    "brand": "Herbert Adams",
    "name": "Frozen Gourmet Chunky Sous Vide Beef In Rich Gravy Pies 2 pack",
    "imageUrl": "https://shop.coles.com.au/wcsstore/Coles-CAS/images/1/8/8/1888320-th.jpg",
    "categories": ["entertaining-at-home"],
    "tags": ["party-fod-supplies", "pastries-for-entertaining"],
    "locations": {
      "vic": {
        "price": 7.8,
        "promoText": " ",
        "packageSize": "400g",
        "packagePrice": "$1.95 per 100G"
      }
    }
  },
  {
    "id": "balfours-pies-traditional-frozen",
    "brand": "Balfours",
    "name": "Frozen Traditional Square Meat Pies 4 pack",
    "imageUrl": "https://shop.coles.com.au/wcsstore/Coles-CAS/images/6/0/7/6070086-th.jpg",
    "categories": ["entertaining-at-home"],
    "tags": ["party-fod-supplies", "pastries-for-entertaining"],
    "locations": {
      "vic": {
        "price": 5.6,
        "promoText": "$2.40 ",
        "packageSize": "680g",
        "packagePrice": "$0.82 per 100G"
      }
    }
  },
  {
    "id": "balfours-pies-party-frozen",
    "brand": "Balfours",
    "name": "Frozen Party Pies 12 pack",
    "imageUrl": "https://shop.coles.com.au/wcsstore/Coles-CAS/images/9/5/5/9550521-th.jpg",
    "categories": ["entertaining-at-home"],
    "tags": ["party-fod-supplies", "pastries-for-entertaining"],
    "locations": {
      "vic": {
        "price": 5.6,
        "promoText": "$2.40 ",
        "packageSize": "600g",
        "packagePrice": "$0.93 per 100G"
      }
    }
  },
  {
    "id": "borgs-fetta-triangles-frozen",
    "brand": "Borg's",
    "name": "Frozen Triangles Fetta Cheese Appetisers",
    "imageUrl": "https://shop.coles.com.au/wcsstore/Coles-CAS/images/9/3/1/9319715-th.jpg",
    "categories": ["entertaining-at-home"],
    "tags": ["party-fod-supplies", "pastries-for-entertaining"],
    "locations": {
      "vic": {
        "price": 3,
        "promoText": " ",
        "packageSize": "360g",
        "packagePrice": "$0.83 per 100G"
      }
    }
  },
  {
    "id": "borgs-pastizzi-spinach-frozen",
    "brand": "Borg's",
    "name": "Frozen Spinach & Ricotta Cheese Pastries",
    "imageUrl": "https://shop.coles.com.au/wcsstore/Coles-CAS/images/6/9/5/6956450-th.jpg",
    "categories": ["entertaining-at-home"],
    "tags": ["party-fod-supplies", "pastries-for-entertaining"],
    "locations": {
      "vic": {
        "price": 8.75,
        "promoText": " ",
        "packageSize": "1kg",
        "packagePrice": "$0.88 per 100G"
      }
    }
  },
  {
    "id": "mrs-macs-frozen-sausage-roll",
    "brand": "Mrs Mac's",
    "name": "Frozen Microwave Giant Sausage Roll",
    "imageUrl": "https://shop.coles.com.au/wcsstore/Coles-CAS/images/5/0/3/5039976-th.jpg",
    "categories": ["entertaining-at-home"],
    "tags": ["party-fod-supplies", "pastries-for-entertaining"],
    "locations": {
      "vic": {
        "price": 2.5,
        "promoText": " ",
        "packageSize": "175g",
        "packagePrice": "$1.43 per 100G"
      }
    }
  },
  {
    "id": "herbert-adams-rolls-cheese-spinach-frozen",
    "brand": "Herbert Adams",
    "name": "Frozen Cheese & Spinach Rolls 2 pack",
    "imageUrl": "https://shop.coles.com.au/wcsstore/Coles-CAS/images/8/9/6/8963581-th.jpg",
    "categories": ["entertaining-at-home"],
    "tags": ["party-fod-supplies", "pastries-for-entertaining"],
    "locations": {
      "vic": {
        "price": 5.4,
        "promoText": " ",
        "packageSize": "440g",
        "packagePrice": "$1.23 per 100G"
      }
    }
  },
  {
    "id": "four-n-twenty-sausage-rolls-jumbo-frozen",
    "brand": "Four'N Twenty",
    "name": "Frozen Jumbo Sausage Rolls 6 Pieces",
    "imageUrl": "https://shop.coles.com.au/wcsstore/Coles-CAS/images/5/5/2/5522488-th.jpg",
    "categories": ["entertaining-at-home"],
    "tags": ["party-fod-supplies", "pastries-for-entertaining"],
    "locations": {
      "vic": {
        "price": 7,
        "promoText": " ",
        "packageSize": "700g",
        "packagePrice": "$1.00 per 100G"
      }
    }
  },
  {
    "id": "herbert-adams-pies-chicken-leek-frozen",
    "brand": "Herbert Adams",
    "name": "Frozen Chicken & Leek Pie 2 pack",
    "imageUrl": "https://shop.coles.com.au/wcsstore/Coles-CAS/images/7/1/4/7144734-th.jpg",
    "categories": ["entertaining-at-home"],
    "tags": ["party-fod-supplies", "pastries-for-entertaining"],
    "locations": {
      "vic": {
        "price": 7.8,
        "promoText": " ",
        "packageSize": "420g",
        "packagePrice": "$1.86 per 100G"
      }
    }
  },
  {
    "id": "patties-sausage-rolls-party-frozen",
    "brand": "Patties",
    "name": "Frozen Party Sausage Rolls 12 pack",
    "imageUrl": "https://shop.coles.com.au/wcsstore/Coles-CAS/images/6/8/6/6868080-th.jpg",
    "categories": ["entertaining-at-home"],
    "tags": ["party-fod-supplies", "pastries-for-entertaining"],
    "locations": {
      "vic": {
        "price": 8.5,
        "promoText": " ",
        "packageSize": "450g",
        "packagePrice": "$1.89 per 100G"
      }
    }
  },
  {
    "id": "sargents-party-pack-frozen",
    "brand": "Sargents",
    "name": "Frozen 18 Party Pies and 18 Sausage Rolls",
    "imageUrl": "https://shop.coles.com.au/wcsstore/Coles-CAS/images/9/5/7/9572058-th.jpg",
    "categories": ["entertaining-at-home"],
    "tags": ["party-fod-supplies", "pastries-for-entertaining"],
    "locations": {
      "vic": {
        "price": 10.5,
        "promoText": "$3.00 ",
        "packageSize": "1.2kg",
        "packagePrice": "$0.88 per 100G"
      }
    }
  },
  {
    "id": "coles-smart-buy-pie-party-frozen",
    "brand": "Coles",
    "name": "Frozen Party Pies 24 Pack",
    "imageUrl": "https://shop.coles.com.au/wcsstore/Coles-CAS/images/5/6/1/5613641-th.jpg",
    "categories": ["entertaining-at-home"],
    "tags": ["party-fod-supplies", "pastries-for-entertaining"],
    "locations": {
      "vic": {
        "price": 6.2,
        "promoText": " ",
        "packageSize": "1.1kg",
        "packagePrice": "$5.64 per 1Kg"
      }
    }
  },
  {
    "id": "coles-pie-beef-steak-party-12-pack-frozen",
    "brand": "Coles",
    "name": "Frozen Beef Party Pies 12 pack",
    "imageUrl": "https://shop.coles.com.au/wcsstore/Coles-CAS/images/9/3/5/9351525-th.jpg",
    "categories": ["entertaining-at-home"],
    "tags": ["party-fod-supplies", "pastries-for-entertaining"],
    "locations": {
      "vic": {
        "price": 4.9,
        "promoText": " ",
        "packageSize": "550g",
        "packagePrice": "$0.89 per 100G"
      }
    }
  },
  {
    "id": "coles-mozzarella-dippers-with-sauce",
    "brand": "Coles",
    "name": "Mozzarella Dippers and Sauce 10 Pack",
    "imageUrl": "https://shop.coles.com.au/wcsstore/Coles-CAS/images/2/4/8/2481930-th.jpg",
    "categories": ["entertaining-at-home"],
    "tags": ["party-fod-supplies", "pastries-for-entertaining"],
    "locations": {
      "vic": {
        "price": 5,
        "promoText": " ",
        "packageSize": "330g",
        "packagePrice": "$1.52 per 100G"
      }
    }
  },
  {
    "id": "coles-spinach-feta-ricotta-roll",
    "brand": "Coles",
    "name": "Frozen Spinach Ricotta & Fetta Rolls 10 Pack",
    "imageUrl": "https://shop.coles.com.au/wcsstore/Coles-CAS/images/3/1/6/3169960-th.jpg",
    "categories": ["entertaining-at-home"],
    "tags": ["party-fod-supplies", "pastries-for-entertaining"],
    "locations": {
      "vic": {
        "price": 5,
        "promoText": " ",
        "packageSize": "450g",
        "packagePrice": "$1.11 per 100G"
      }
    }
  },
  {
    "id": "herbert-adams-slow-cooked-chunky-beef-pepper-pies",
    "brand": "Herbert Adams",
    "name": "Frozen Gourmet Chunky Sous Vide Beef & Peppercorn Pies 2 pack",
    "imageUrl": "https://shop.coles.com.au/wcsstore/Coles-CAS/images/2/9/0/2900669-th.jpg",
    "categories": ["entertaining-at-home"],
    "tags": ["party-fod-supplies", "pastries-for-entertaining"],
    "locations": {
      "vic": {
        "price": 7.8,
        "promoText": " ",
        "packageSize": "400g",
        "packagePrice": "$1.95 per 100G"
      }
    }
  },
  {
    "id": "herbert-adams--king-island-frozen-beef-sausage-rolls",
    "brand": "Herbert Adams",
    "name": "Frozen King Island Frozen Beef Sausage Rolls 12 pack",
    "imageUrl": "https://shop.coles.com.au/wcsstore/Coles-CAS/images/2/9/0/2900636-th.jpg",
    "categories": ["entertaining-at-home"],
    "tags": ["party-fod-supplies", "pastries-for-entertaining"],
    "locations": {
      "vic": {
        "price": 8.7,
        "promoText": " ",
        "packageSize": "420g",
        "packagePrice": "$2.07 per 100G"
      }
    }
  },
  {
    "id": "mrs-macs-frozen-beef-pie",
    "brand": "Mrs Mac's",
    "name": "Frozen Microwave Beef Pie",
    "imageUrl": "https://shop.coles.com.au/wcsstore/Coles-CAS/images/5/0/4/5040013-th.jpg",
    "categories": ["entertaining-at-home"],
    "tags": ["party-fod-supplies", "pastries-for-entertaining"],
    "locations": {
      "vic": {
        "price": 2.5,
        "promoText": " ",
        "packageSize": "200g",
        "packagePrice": "$1.25 per 100G"
      }
    }
  },
  {
    "id": "coles-pie-beef-4-pack-frozen",
    "brand": "Coles",
    "name": "Frozen Beef Pies 4 pack",
    "imageUrl": "https://shop.coles.com.au/wcsstore/Coles-CAS/images/5/1/8/5181729-th.jpg",
    "categories": ["entertaining-at-home"],
    "tags": ["party-fod-supplies", "pastries-for-entertaining"],
    "locations": {
      "vic": {
        "price": 4.35,
        "promoText": " ",
        "packageSize": "700g",
        "packagePrice": "$0.62 per 100G"
      }
    }
  },
  {
    "id": "coles-corn-fritters-10-pack",
    "brand": "Coles",
    "name": "Frozen Mini Corn Fritters 10 Pack",
    "imageUrl": "https://shop.coles.com.au/wcsstore/Coles-CAS/images/3/0/5/3051154-th.jpg",
    "categories": ["entertaining-at-home"],
    "tags": ["party-fod-supplies", "pastries-for-entertaining"],
    "locations": {
      "vic": {
        "price": 5,
        "promoText": " ",
        "packageSize": "300g",
        "packagePrice": "$1.67 per 100G"
      }
    }
  },
  {
    "id": "herbert-adams-pie-gourmet-beef-king-island-frozen",
    "brand": "Herbert Adams",
    "name": "Frozen Gourmet King Island Beef In Rich Gravy Pie  2 pack",
    "imageUrl": "https://shop.coles.com.au/wcsstore/Coles-CAS/images/5/0/4/5043485-th.jpg",
    "categories": ["entertaining-at-home"],
    "tags": ["party-fod-supplies", "pastries-for-entertaining"],
    "locations": {
      "vic": {
        "price": 7.8,
        "promoText": " ",
        "packageSize": "420g",
        "packagePrice": "$1.86 per 100G"
      }
    }
  },
  {
    "id": "herbert-adams-frozen-slow-cooked-chunky-beef-mushroom-pies",
    "brand": "Herbert Adams",
    "name": "Frozen Gourmet Chunky Sous Vide Beef & Button Mushroom Pies 2 pack",
    "imageUrl": "https://shop.coles.com.au/wcsstore/Coles-CAS/images/1/8/8/1888310-th.jpg",
    "categories": ["entertaining-at-home"],
    "tags": ["party-fod-supplies", "pastries-for-entertaining"],
    "locations": {
      "vic": {
        "price": 7.8,
        "promoText": " ",
        "packageSize": "400g",
        "packagePrice": "$1.95 per 100G"
      }
    }
  },
  {
    "id": "patties-chickpea-spinach-caramelised-onion-rolls",
    "brand": "Patties",
    "name": "Frozen Chickpea Spinach & Caramelised Onion Rolls 12 Pack",
    "imageUrl": "https://shop.coles.com.au/wcsstore/Coles-CAS/images/3/4/7/3473122-th.jpg",
    "categories": ["entertaining-at-home"],
    "tags": ["party-fod-supplies", "pastries-for-entertaining"],
    "locations": {
      "vic": {
        "price": 8.5,
        "promoText": " ",
        "packageSize": "450g",
        "packagePrice": "$1.89 per 100G"
      }
    }
  },
  {
    "id": "temptation-quiche-petite-variety-pack-frozen",
    "brand": "Temptation",
    "name": "Frozen Petite Quiches Variety 30 Pack",
    "imageUrl": "https://shop.coles.com.au/wcsstore/Coles-CAS/images/7/9/8/7984611-th.jpg",
    "categories": ["entertaining-at-home"],
    "tags": ["party-fod-supplies", "pastries-for-entertaining"],
    "locations": {
      "vic": {
        "price": 8,
        "promoText": "$2.00 ",
        "packageSize": "500g",
        "packagePrice": "$1.60 per 100G"
      }
    }
  },
  {
    "id": "coles-sausage-rolls-party-12-pack-frozen",
    "brand": "Coles",
    "name": "Frozen Party Sausage Rolls 12 pack",
    "imageUrl": "https://shop.coles.com.au/wcsstore/Coles-CAS/images/5/0/7/5079030-th.jpg",
    "categories": ["entertaining-at-home"],
    "tags": ["party-fod-supplies", "pastries-for-entertaining"],
    "locations": {
      "vic": {
        "price": 4.9,
        "promoText": " ",
        "packageSize": "500g",
        "packagePrice": "$0.98 per 100G"
      }
    }
  },
  {
    "id": "coles-smart-buy-pie-meat-frozen",
    "brand": "Coles",
    "name": "Frozen Meat Pies 6 Pack",
    "imageUrl": "https://shop.coles.com.au/wcsstore/Coles-CAS/images/7/9/3/79394-th.jpg",
    "categories": ["entertaining-at-home"],
    "tags": ["party-fod-supplies", "pastries-for-entertaining"],
    "locations": {
      "vic": {
        "price": 4,
        "promoText": " ",
        "packageSize": "900g",
        "packagePrice": "$0.44 per 100G"
      }
    }
  },
  {
    "id": "coles-chicken-vegetable-pie-4-pack-frozen",
    "brand": "Coles",
    "name": "Frozen Chicken & Vegetable Pie 4 pack",
    "imageUrl": "https://shop.coles.com.au/wcsstore/Coles-CAS/images/1/5/1/1517839-th.jpg",
    "categories": ["entertaining-at-home"],
    "tags": ["party-fod-supplies", "pastries-for-entertaining"],
    "locations": {
      "vic": {
        "price": 3.5,
        "promoText": " ",
        "packageSize": "700g",
        "packagePrice": "$0.50 per 100G"
      }
    }
  },
  {
    "id": "coles-vegetable-samosas-10-pack",
    "brand": "Coles",
    "name": "Frozen Vegetable Samosas 10 Pack",
    "imageUrl": "https://shop.coles.com.au/wcsstore/Coles-CAS/images/2/4/8/2482081-th.jpg",
    "categories": ["entertaining-at-home"],
    "tags": ["party-fod-supplies", "pastries-for-entertaining"],
    "locations": {
      "vic": {
        "price": 5,
        "promoText": " ",
        "packageSize": "300g",
        "packagePrice": "$1.67 per 100G"
      }
    }
  },
  {
    "id": "coles-frozen-party-pack-30-pack",
    "brand": "Coles",
    "name": "Pies & Sausage Rolls 30 Pack",
    "imageUrl": "https://shop.coles.com.au/wcsstore/Coles-CAS/images/2/7/3/2733104-th.jpg",
    "categories": ["entertaining-at-home"],
    "tags": ["party-fod-supplies", "pastries-for-entertaining"],
    "locations": {
      "vic": {
        "price": 9.8,
        "promoText": " ",
        "packageSize": "1.25kg",
        "packagePrice": "$7.84 per 1Kg"
      }
    }
  },
  {
    "id": "coles-party-sausage-roll-beef-onion",
    "brand": "Coles",
    "name": "Beef & Onion Party Sausage Rolls 12 pack",
    "imageUrl": "https://shop.coles.com.au/wcsstore/Coles-CAS/images/3/1/6/3169959-th.jpg",
    "categories": ["entertaining-at-home"],
    "tags": ["party-fod-supplies", "pastries-for-entertaining"],
    "locations": {
      "vic": {
        "price": 5,
        "promoText": " ",
        "packageSize": "450g",
        "packagePrice": "$1.11 per 100G"
      }
    }
  },
  {
    "id": "mini-chicken-kiev-mini-chicken-kiev",
    "brand": "Coles",
    "name": "Frozen Mini Chicken Kiev Balls 8 Pack",
    "imageUrl": "https://shop.coles.com.au/wcsstore/Coles-CAS/images/3/3/1/3311029-th.jpg",
    "categories": ["entertaining-at-home"],
    "tags": ["party-fod-supplies", "pastries-for-entertaining"],
    "locations": {
      "vic": {
        "price": 5,
        "promoText": " ",
        "packageSize": "320g",
        "packagePrice": "$1.56 per 100G"
      }
    }
  },
  {
    "id": "coles-premium-party-pack",
    "brand": "Coles",
    "name": "Chunky Beef Party Pies And Beef & Onion Sausage Rolls 18 Pack",
    "imageUrl": "https://shop.coles.com.au/wcsstore/Coles-CAS/images/3/4/7/3473246-th.jpg",
    "categories": ["entertaining-at-home"],
    "tags": ["party-fod-supplies", "pastries-for-entertaining"],
    "locations": {
      "vic": {
        "price": 10,
        "promoText": " ",
        "packageSize": "765g",
        "packagePrice": "$1.31 per 100G"
      }
    }
  },
  {
    "id": "four-n-twenty-pies-angus-beef-pepper-frozen",
    "brand": "Four'N Twenty",
    "name": "Frozen Angus Beef & Pepper Pies 4 pack",
    "imageUrl": "https://shop.coles.com.au/wcsstore/Coles-CAS/images/7/7/8/7785386-th.jpg",
    "categories": ["entertaining-at-home"],
    "tags": ["party-fod-supplies", "pastries-for-entertaining"],
    "locations": {
      "vic": {
        "price": 10,
        "promoText": " ",
        "packageSize": "760g",
        "packagePrice": "$1.32 per 100G"
      }
    }
  },
  {
    "id": "four-n-twenty-pie-meat-beef-cheese-frozen-4-pack",
    "brand": "Four'N Twenty",
    "name": "Frozen Beef & Cheese Pies 4 pack",
    "imageUrl": "https://shop.coles.com.au/wcsstore/Coles-CAS/images/4/5/4/4541272-th.jpg",
    "categories": ["entertaining-at-home"],
    "tags": ["party-fod-supplies", "pastries-for-entertaining"],
    "locations": {
      "vic": {
        "price": 6.5,
        "promoText": " ",
        "packageSize": "700g",
        "packagePrice": "$0.93 per 100G"
      }
    }
  },
  {
    "id": "four-n-twenty-beef-golden-ale-pies",
    "brand": "Four'N Twenty",
    "name": "Frozen Angus Craft Beer & Classic Beef Pies With Golden Ale 4 Pack",
    "imageUrl": "https://shop.coles.com.au/wcsstore/Coles-CAS/images/3/0/5/3050617-th.jpg",
    "categories": ["entertaining-at-home"],
    "tags": ["party-fod-supplies", "pastries-for-entertaining"],
    "locations": {
      "vic": {
        "price": 10,
        "promoText": " ",
        "packageSize": "700g",
        "packagePrice": "$1.43 per 100G"
      }
    }
  },
  {
    "id": "marathon-hot-dogs-puffy-cocktail-frozen-20-pack",
    "brand": "Marathon",
    "name": "Frozen Puffy Dogs 20 pack",
    "imageUrl": "https://shop.coles.com.au/wcsstore/Coles-CAS/images/9/6/6/9666800-th.jpg",
    "categories": ["entertaining-at-home"],
    "tags": ["party-fod-supplies", "pastries-for-entertaining"],
    "locations": {
      "vic": {
        "price": 7.9,
        "promoText": " ",
        "packageSize": "600g",
        "packagePrice": "$1.32 per 100G"
      }
    }
  },
  {
    "id": "mrs-macs-frozen-pastie",
    "brand": "Mrs Mac's",
    "name": "Frozen Microwave Traditional Beef Pastie",
    "imageUrl": "https://shop.coles.com.au/wcsstore/Coles-CAS/images/5/0/3/5039954-th.jpg",
    "categories": ["entertaining-at-home"],
    "tags": ["party-fod-supplies", "pastries-for-entertaining"],
    "locations": {
      "vic": {
        "price": 2.5,
        "promoText": " ",
        "packageSize": "165g",
        "packagePrice": "$1.52 per 100G"
      }
    }
  },
  {
    "id": "patties-pies-party-sausage-rolls-combo-frozen",
    "brand": "Patties",
    "name": "Frozen Mini Combo Party Pies & Sausage Rolls 40 pack",
    "imageUrl": "https://shop.coles.com.au/wcsstore/Coles-CAS/images/8/9/4/8949591-th.jpg",
    "categories": ["entertaining-at-home"],
    "tags": ["party-fod-supplies", "pastries-for-entertaining"],
    "locations": {
      "vic": {
        "price": 12,
        "promoText": "$3.50 ",
        "packageSize": "1kg",
        "packagePrice": "$1.20 per 100G"
      }
    }
  },
  {
    "id": "coles-pastry-puff-ready-rolled-6-sheets-frozen",
    "brand": "Coles",
    "name": "Frozen Puff Pastry Ready Rolled 6 pack",
    "imageUrl": "https://shop.coles.com.au/wcsstore/Coles-CAS/images/4/5/0/450550-th.jpg",
    "categories": ["entertaining-at-home"],
    "tags": ["party-fod-supplies", "pastries-for-entertaining"],
    "locations": {
      "vic": {
        "price": 0,
        "promoText": " ",
        "packageSize": "1kg",
        "packagePrice": ""
      }
    }
  },
  {
    "id": "coles-camembert-wedges",
    "brand": "Coles",
    "name": "Camembert Wedges",
    "imageUrl": "https://shop.coles.com.au/wcsstore/Coles-CAS/images/3/2/9/3293685-th.jpg",
    "categories": ["entertaining-at-home"],
    "tags": ["party-fod-supplies", "pastries-for-entertaining"],
    "locations": {
      "vic": {
        "price": 5,
        "promoText": " ",
        "packageSize": "176g",
        "packagePrice": "$2.84 per 100G"
      }
    }
  },
  {
    "id": "four-n-twenty-traveller-classic-beef-pie",
    "brand": "Four N Twenty",
    "name": "Traveller Microwavable Classic Beef Pie",
    "imageUrl": "https://shop.coles.com.au/wcsstore/Coles-CAS/images/3/5/4/3542553-th.jpg",
    "categories": ["entertaining-at-home"],
    "tags": ["party-fod-supplies", "pastries-for-entertaining"],
    "locations": {
      "vic": {
        "price": 3.2,
        "promoText": " ",
        "packageSize": "160g",
        "packagePrice": "$2.00 per 100G"
      }
    }
  },
  {
    "id": "sargents-premium-frozen-vegetable-pies-2-pack",
    "brand": "Sargents",
    "name": "Frozen Vegetable Pies 2 pack",
    "imageUrl": "https://shop.coles.com.au/wcsstore/Coles-CAS/images/1/9/0/1905372-th.jpg",
    "categories": ["entertaining-at-home"],
    "tags": ["party-fod-supplies", "pastries-for-entertaining"],
    "locations": {
      "vic": {
        "price": 4.5,
        "promoText": "$1.40 ",
        "packageSize": "420g",
        "packagePrice": "$1.07 per 100G"
      }
    }
  },
  {
    "id": "hong-kong-dim-sim-kitchen-pork-chive-dumpling",
    "brand": "Hong Kong Dim Sim Kitchen",
    "name": "Frozen Pork & Chive Dumplings 10 Pieces",
    "imageUrl": "https://shop.coles.com.au/wcsstore/Coles-CAS/images/2/3/5/2356724-th.jpg",
    "categories": ["entertaining-at-home"],
    "tags": ["party-fod-supplies", "spring-rolls-dumplings"],
    "locations": {
      "vic": {
        "price": 5,
        "promoText": "Any 2 $7",
        "packageSize": "200g",
        "packagePrice": "$2.50 per 100G"
      }
    }
  },
  {
    "id": "chans-yum-cha-at-home-prawn-hargow",
    "brand": "Mr Chen's",
    "name": "Frozen Prawn Hargow Dumplings 12 pack",
    "imageUrl": "https://shop.coles.com.au/wcsstore/Coles-CAS/images/9/5/1/9513445-th.jpg",
    "categories": ["entertaining-at-home"],
    "tags": ["party-fod-supplies", "spring-rolls-dumplings"],
    "locations": {
      "vic": {
        "price": 7.5,
        "promoText": " ",
        "packageSize": "300g",
        "packagePrice": "$2.50 per 100G"
      }
    }
  },
  {
    "id": "chans-yum-cha-at-home-ginger-prawn-dumpling",
    "brand": "Mr Chen's",
    "name": "Frozen Ginger Prawn Dumpling 8 pack",
    "imageUrl": "https://shop.coles.com.au/wcsstore/Coles-CAS/images/2/5/0/2508550-th.jpg",
    "categories": ["entertaining-at-home"],
    "tags": ["party-fod-supplies", "spring-rolls-dumplings"],
    "locations": {
      "vic": {
        "price": 7.5,
        "promoText": " ",
        "packageSize": "240g",
        "packagePrice": "$3.13 per 100G"
      }
    }
  },
  {
    "id": "pacific-west-spring-rolls-cocktail-mega-value-pack-frozen",
    "brand": "Pacific West",
    "name": "Frozen Cocktail Spring Rolls 68 pack",
    "imageUrl": "https://shop.coles.com.au/wcsstore/Coles-CAS/images/4/6/7/4675530-th.jpg",
    "categories": ["entertaining-at-home"],
    "tags": ["party-fod-supplies", "spring-rolls-dumplings"],
    "locations": {
      "vic": {
        "price": 11.5,
        "promoText": " ",
        "packageSize": "1kg",
        "packagePrice": "$11.50 per 1KG"
      }
    }
  },
  {
    "id": "mr-chens-family-dumpling-pack",
    "brand": "Mr.Chen's",
    "name": "Frozen Family Dumpling Pack 20 Pieces",
    "imageUrl": "https://shop.coles.com.au/wcsstore/Coles-CAS/images/3/0/5/3051132-th.jpg",
    "categories": ["entertaining-at-home"],
    "tags": ["party-fod-supplies", "spring-rolls-dumplings"],
    "locations": {
      "vic": {
        "price": 17,
        "promoText": " ",
        "packageSize": "625g",
        "packagePrice": "$2.72 per 100G"
      }
    }
  },
  {
    "id": "marathon-spring-rolls-frozen",
    "brand": "Marathon",
    "name": "Frozen Spring Rolls 4 pack",
    "imageUrl": "https://shop.coles.com.au/wcsstore/Coles-CAS/images/3/1/1/311973-th.jpg",
    "categories": ["entertaining-at-home"],
    "tags": ["party-fod-supplies", "spring-rolls-dumplings"],
    "locations": {
      "vic": {
        "price": 6.5,
        "promoText": " ",
        "packageSize": "640g",
        "packagePrice": "$1.02 per 100G"
      }
    }
  },
  {
    "id": "golden-wok-vegetable-dumpling",
    "brand": "Golden Wok",
    "name": "Frozen Diana Chan's Vegetable Dumplings",
    "imageUrl": "https://shop.coles.com.au/wcsstore/Coles-CAS/images/3/3/1/3311517-th.jpg",
    "categories": ["entertaining-at-home"],
    "tags": ["party-fod-supplies", "spring-rolls-dumplings"],
    "locations": {
      "vic": {
        "price": 7.5,
        "promoText": " ",
        "packageSize": "230g",
        "packagePrice": "$3.26 per 100G"
      }
    }
  },
  {
    "id": "kailis-bros-prawn-hargow",
    "brand": "KB",
    "name": "Frozen Prawn Hargow",
    "imageUrl": "https://shop.coles.com.au/wcsstore/Coles-CAS/images/3/0/5/3051074-th.jpg",
    "categories": ["entertaining-at-home"],
    "tags": ["party-fod-supplies", "spring-rolls-dumplings"],
    "locations": {
      "vic": {
        "price": 13.6,
        "promoText": "$3.40 ",
        "packageSize": "750g",
        "packagePrice": "$1.81 per 100G"
      }
    }
  },
  {
    "id": "coles-vegetable-cocktail-frozen-spring-rolls-60-pack",
    "brand": "Coles",
    "name": "Frozen Vegetable Spring Rolls 60 pack",
    "imageUrl": "https://shop.coles.com.au/wcsstore/Coles-CAS/images/2/4/8/2481952-th.jpg",
    "categories": ["entertaining-at-home"],
    "tags": ["party-fod-supplies", "spring-rolls-dumplings"],
    "locations": {
      "vic": {
        "price": 5.8,
        "promoText": " ",
        "packageSize": "1kg",
        "packagePrice": "$0.58 per 100G"
      }
    }
  },
  {
    "id": "coles--cocktail-beef-spring-rolls",
    "brand": "Coles",
    "name": "Frozen Beef Cocktail Spring Rolls 12 pack",
    "imageUrl": "https://shop.coles.com.au/wcsstore/Coles-CAS/images/2/7/9/2796625-th.jpg",
    "categories": ["entertaining-at-home"],
    "tags": ["party-fod-supplies", "spring-rolls-dumplings"],
    "locations": {
      "vic": {
        "price": 2.15,
        "promoText": " ",
        "packageSize": "240g",
        "packagePrice": "$0.90 per 100G"
      }
    }
  },
  {
    "id": "golden-wok-korean-beef-dumpling",
    "brand": "Golden Wok",
    "name": "Frozen Diana Chan's Korean Beef Dumplings",
    "imageUrl": "https://shop.coles.com.au/wcsstore/Coles-CAS/images/3/3/1/3311506-th.jpg",
    "categories": ["entertaining-at-home"],
    "tags": ["party-fod-supplies", "spring-rolls-dumplings"],
    "locations": {
      "vic": {
        "price": 7.5,
        "promoText": " ",
        "packageSize": "230g",
        "packagePrice": "$3.26 per 100G"
      }
    }
  },
  {
    "id": "golden-wok-szechuan-pork-dumpling",
    "brand": "Golden Wok",
    "name": "Frozen Diana Chan's Szechuan Pork Dumplings",
    "imageUrl": "https://shop.coles.com.au/wcsstore/Coles-CAS/images/3/3/1/3311492-th.jpg",
    "categories": ["entertaining-at-home"],
    "tags": ["party-fod-supplies", "spring-rolls-dumplings"],
    "locations": {
      "vic": {
        "price": 7.5,
        "promoText": " ",
        "packageSize": "230g",
        "packagePrice": "$3.26 per 100G"
      }
    }
  },
  {
    "id": "golden-wok-thai-chicken-dumpling",
    "brand": "Golden Wok",
    "name": "Frozen Diana Chan's Thai Chicken Dumplings",
    "imageUrl": "https://shop.coles.com.au/wcsstore/Coles-CAS/images/3/3/1/3310784-th.jpg",
    "categories": ["entertaining-at-home"],
    "tags": ["party-fod-supplies", "spring-rolls-dumplings"],
    "locations": {
      "vic": {
        "price": 7.5,
        "promoText": " ",
        "packageSize": "230g",
        "packagePrice": "$3.26 per 100G"
      }
    }
  },
  {
    "id": "hanabi-frozen-prawn-pork-dumplings",
    "brand": "Hanabi",
    "name": "Prawn & Pork Dumplings",
    "imageUrl": "https://shop.coles.com.au/wcsstore/Coles-CAS/images/2/1/4/2143440-th.jpg",
    "categories": ["entertaining-at-home"],
    "tags": ["party-fod-supplies", "spring-rolls-dumplings"],
    "locations": {
      "vic": {
        "price": 10,
        "promoText": " ",
        "packageSize": "500g",
        "packagePrice": "$2.00 per 100G"
      }
    }
  },
  {
    "id": "coles-cocktail-vegetable-spring-rolls",
    "brand": "Coles",
    "name": "Frozen Vegetable Spring Rolls 16 Pack",
    "imageUrl": "https://shop.coles.com.au/wcsstore/Coles-CAS/images/2/4/8/2481963-th.jpg",
    "categories": ["entertaining-at-home"],
    "tags": ["party-fod-supplies", "spring-rolls-dumplings"],
    "locations": {
      "vic": {
        "price": 2.6,
        "promoText": " ",
        "packageSize": "270g",
        "packagePrice": "$0.96 per 100G"
      }
    }
  },
  {
    "id": "crazy-dragon-pork-dumplings",
    "brand": "Crazy Dragon",
    "name": "Frozen Pork Dumplings",
    "imageUrl": "https://shop.coles.com.au/wcsstore/Coles-CAS/images/2/8/1/2815650-th.jpg",
    "categories": ["entertaining-at-home"],
    "tags": ["party-fod-supplies", "spring-rolls-dumplings"],
    "locations": {
      "vic": {
        "price": 10,
        "promoText": "$5.00 ",
        "packageSize": "1kg",
        "packagePrice": "$1.00 per 100G"
      }
    }
  },
  {
    "id": "hanabi-frozen-chive-pork-dumplings",
    "brand": "Hanabi",
    "name": "Chive & Pork Dumplings",
    "imageUrl": "https://shop.coles.com.au/wcsstore/Coles-CAS/images/2/1/4/2143280-th.jpg",
    "categories": ["entertaining-at-home"],
    "tags": ["party-fod-supplies", "spring-rolls-dumplings"],
    "locations": {
      "vic": {
        "price": 10,
        "promoText": " ",
        "packageSize": "500g",
        "packagePrice": "$2.00 per 100G"
      }
    }
  },
  {
    "id": "crazy-dragon-chicken-dumplings",
    "brand": "Crazy Dragon",
    "name": "Frozen Chicken Dumplings",
    "imageUrl": "https://shop.coles.com.au/wcsstore/Coles-CAS/images/2/8/1/2815661-th.jpg",
    "categories": ["entertaining-at-home"],
    "tags": ["party-fod-supplies", "spring-rolls-dumplings"],
    "locations": {
      "vic": {
        "price": 10,
        "promoText": "$5.00 ",
        "packageSize": "1kg",
        "packagePrice": "$1.00 per 100G"
      }
    }
  },
  {
    "id": "hanabi-frozen-cabbage-pork-dumplings",
    "brand": "Hanabi",
    "name": "Cabbage & Pork Dumplings",
    "imageUrl": "https://shop.coles.com.au/wcsstore/Coles-CAS/images/2/1/4/2143290-th.jpg",
    "categories": ["entertaining-at-home"],
    "tags": ["party-fod-supplies", "spring-rolls-dumplings"],
    "locations": {
      "vic": {
        "price": 10,
        "promoText": " ",
        "packageSize": "500g",
        "packagePrice": "$2.00 per 100G"
      }
    }
  },
  {
    "id": "mai-hong-pastry-spring-roll-20-sheets",
    "brand": "Mai Hong",
    "name": "Frozen Spring Roll Pastry Sheets 20 pack",
    "imageUrl": "https://shop.coles.com.au/wcsstore/Coles-CAS/images/5/9/7/5978334-th.jpg",
    "categories": ["entertaining-at-home"],
    "tags": ["party-fod-supplies", "spring-rolls-dumplings"],
    "locations": {
      "vic": {
        "price": 3,
        "promoText": " ",
        "packageSize": "250g",
        "packagePrice": "$1.20 per 100G"
      }
    }
  },
  {
    "id": "coles-gluten-free-vegan-spring-rolls",
    "brand": "Coles",
    "name": "Vegan Vegetable 12 Spring Rolls",
    "imageUrl": "https://shop.coles.com.au/wcsstore/Coles-CAS/images/3/5/0/3506196-th.jpg",
    "categories": ["entertaining-at-home"],
    "tags": ["party-fod-supplies", "spring-rolls-dumplings"],
    "locations": {
      "vic": {
        "price": 6,
        "promoText": " ",
        "packageSize": "216g",
        "packagePrice": "$2.78 per 100G"
      }
    }
  },
  {
    "id": "chans-yum-cha-at-home-steam-selections",
    "brand": "Mr Chen's",
    "name": "Frozen Steam Selection Dumplings 9 pack",
    "imageUrl": "https://shop.coles.com.au/wcsstore/Coles-CAS/images/9/5/1/9513467-th.jpg",
    "categories": ["entertaining-at-home"],
    "tags": ["party-fod-supplies", "spring-rolls-dumplings"],
    "locations": {
      "vic": {
        "price": 7.5,
        "promoText": " ",
        "packageSize": "240g",
        "packagePrice": "$3.13 per 100G"
      }
    }
  },
  {
    "id": "pacific-west-spring-rolls-cocktail-frozen",
    "brand": "Pacific West",
    "name": "Frozen Cocktail Spring Rolls 24 pack",
    "imageUrl": "https://shop.coles.com.au/wcsstore/Coles-CAS/images/5/2/0/5201236-th.jpg",
    "categories": ["entertaining-at-home"],
    "tags": ["party-fod-supplies", "spring-rolls-dumplings"],
    "locations": {
      "vic": {
        "price": 4.2,
        "promoText": "$1.80 ",
        "packageSize": "430g",
        "packagePrice": "$0.98 per 100G"
      }
    }
  },
  {
    "id": "coles-smart-buy-serviettes-1-ply",
    "brand": "Coles",
    "name": "White Serviettes",
    "imageUrl": "https://shop.coles.com.au/wcsstore/Coles-CAS/images/8/7/6/8766853-th.jpg",
    "categories": ["entertaining-at-home"],
    "tags": ["party-fod-supplies", "party-supplies"],
    "locations": {
      "vic": {
        "price": 0.95,
        "promoText": " ",
        "packageSize": "100pack",
        "packagePrice": "$0.95 per 100Ea"
      }
    }
  },
  {
    "id": "cook-dine-white-lunch-serviettes",
    "brand": "Cook & Dine",
    "name": "White Lunch Serviettes",
    "imageUrl": "https://shop.coles.com.au/wcsstore/Coles-CAS/images/2/3/6/2361451-th.jpg",
    "categories": ["entertaining-at-home"],
    "tags": ["party-fod-supplies", "party-supplies"],
    "locations": {
      "vic": {
        "price": 2,
        "promoText": " ",
        "packageSize": "50 pack",
        "packagePrice": "$4.00 per 100Ea"
      }
    }
  },
  {
    "id": "cook-dine-white-plastic-bowl-2369238p",
    "brand": "Cook & Dine",
    "name": "White Plastic Bowls",
    "imageUrl": "https://shop.coles.com.au/wcsstore/Coles-CAS/images/2/3/6/2369238-th.jpg",
    "categories": ["entertaining-at-home"],
    "tags": ["party-fod-supplies", "party-supplies"],
    "locations": {
      "vic": {
        "price": 5,
        "promoText": " ",
        "packageSize": "50 pack",
        "packagePrice": "$10.00 per 100Ea"
      }
    }
  },
  {
    "id": "cook-dine-white-plastic-knife-1548005p",
    "brand": "Cook & Dine",
    "name": "Plastic Knives",
    "imageUrl": "https://shop.coles.com.au/wcsstore/Coles-CAS/images/1/5/4/1548005-th.jpg",
    "categories": ["entertaining-at-home"],
    "tags": ["party-fod-supplies", "party-supplies"],
    "locations": {
      "vic": {
        "price": 1,
        "promoText": " ",
        "packageSize": "20 pack",
        "packagePrice": "$0.05 per 1Ea"
      }
    }
  },
  {
    "id": "cook-dine-white-plastic-cups-200ml",
    "brand": "Cook & Dine",
    "name": "White Plastic Cups 200ml",
    "imageUrl": "https://shop.coles.com.au/wcsstore/Coles-CAS/images/1/5/4/1548038-th.jpg",
    "categories": ["entertaining-at-home"],
    "tags": ["party-fod-supplies", "party-supplies"],
    "locations": {
      "vic": {
        "price": 1,
        "promoText": " ",
        "packageSize": "20 pack",
        "packagePrice": "$0.05 per 1Ea"
      }
    }
  },
  {
    "id": "cook-dine-white-paper-plate-dinner-1610200p",
    "brand": "Cook & Dine",
    "name": "White Paper Dinner Plates",
    "imageUrl": "https://shop.coles.com.au/wcsstore/Coles-CAS/images/1/6/1/1610200-th.jpg",
    "categories": ["entertaining-at-home"],
    "tags": ["party-fod-supplies", "party-supplies"],
    "locations": {
      "vic": {
        "price": 3,
        "promoText": " ",
        "packageSize": "50 pack",
        "packagePrice": "$6.00 per 100Ea"
      }
    }
  },
  {
    "id": "cook-dine-plastic-forks",
    "brand": "Cook & Dine",
    "name": "Plastic Forks",
    "imageUrl": "https://shop.coles.com.au/wcsstore/Coles-CAS/images/2/3/6/2361484-th.jpg",
    "categories": ["entertaining-at-home"],
    "tags": ["party-fod-supplies", "party-supplies"],
    "locations": {
      "vic": {
        "price": 2,
        "promoText": " ",
        "packageSize": "50 pack",
        "packagePrice": "$4.00 per 100Ea"
      }
    }
  },
  {
    "id": "cook-dine-plastic-spoons",
    "brand": "Cook & Dine",
    "name": "Plastic Spoons",
    "imageUrl": "https://shop.coles.com.au/wcsstore/Coles-CAS/images/2/3/6/2361495-th.jpg",
    "categories": ["entertaining-at-home"],
    "tags": ["party-fod-supplies", "party-supplies"],
    "locations": {
      "vic": {
        "price": 2,
        "promoText": " ",
        "packageSize": "50 pack",
        "packagePrice": "$4.00 per 100Ea"
      }
    }
  },
  {
    "id": "cook-dine-white-plastic-snack-plate",
    "brand": "Cook & Dine",
    "name": "Plastic Snack Plates",
    "imageUrl": "https://shop.coles.com.au/wcsstore/Coles-CAS/images/2/3/7/2371513-th.jpg",
    "categories": ["entertaining-at-home"],
    "tags": ["party-fod-supplies", "party-supplies"],
    "locations": {
      "vic": {
        "price": 2.2,
        "promoText": " ",
        "packageSize": "20 pack",
        "packagePrice": "$0.11 per 1Ea"
      }
    }
  },
  {
    "id": "cook-dine-white-plastic-cups-200ml-2371841p",
    "brand": "Cook & Dine",
    "name": "Plastic Cups 200mL",
    "imageUrl": "https://shop.coles.com.au/wcsstore/Coles-CAS/images/2/3/7/2371841-th.jpg",
    "categories": ["entertaining-at-home"],
    "tags": ["party-fod-supplies", "party-supplies"],
    "locations": {
      "vic": {
        "price": 2.2,
        "promoText": " ",
        "packageSize": "50 pack",
        "packagePrice": "$4.40 per 100Ea"
      }
    }
  },
  {
    "id": "deeko-hypo-serviettes-1ply",
    "brand": "Deeko",
    "name": "White Serviettes",
    "imageUrl": "https://shop.coles.com.au/wcsstore/Coles-CAS/images/8/4/7/8478870-th.jpg",
    "categories": ["entertaining-at-home"],
    "tags": ["party-fod-supplies", "party-supplies"],
    "locations": {
      "vic": {
        "price": 3.6,
        "promoText": " ",
        "packageSize": "200 pack",
        "packagePrice": "$1.80 per 100Ea"
      }
    }
  },
  {
    "id": "deeko-hypo-allergenic-serviettes-white",
    "brand": "Deeko",
    "name": "White Serviettes",
    "imageUrl": "https://shop.coles.com.au/wcsstore/Coles-CAS/images/8/7/9/8792321-th.jpg",
    "categories": ["entertaining-at-home"],
    "tags": ["party-fod-supplies", "party-supplies"],
    "locations": {
      "vic": {
        "price": 1.6,
        "promoText": " ",
        "packageSize": "80 pack",
        "packagePrice": "$2.00 per 100Ea"
      }
    }
  },
  {
    "id": "cook-dine-plastic-white-bowl",
    "brand": "Cook & Dine",
    "name": "White Plastic Bowls",
    "imageUrl": "https://shop.coles.com.au/wcsstore/Coles-CAS/images/2/3/6/2369169-th.jpg",
    "categories": ["entertaining-at-home"],
    "tags": ["party-fod-supplies", "party-supplies"],
    "locations": {
      "vic": {
        "price": 3.3,
        "promoText": " ",
        "packageSize": "20 pack",
        "packagePrice": "$0.17 per 1Ea"
      }
    }
  },
  {
    "id": "cook-dine--white-plastic-dinner-plate",
    "brand": "Cook & Dine",
    "name": "Plastic Dinner Plate",
    "imageUrl": "https://shop.coles.com.au/wcsstore/Coles-CAS/images/2/3/7/2371499-th.jpg",
    "categories": ["entertaining-at-home"],
    "tags": ["party-fod-supplies", "party-supplies"],
    "locations": {
      "vic": {
        "price": 6,
        "promoText": " ",
        "packageSize": "50 pack",
        "packagePrice": "$12.00 per 100Ea"
      }
    }
  },
  {
    "id": "cook-dine-clear-tumbler-450ml",
    "brand": "Cook & Dine",
    "name": "Large Plastic Tumblers 450mL",
    "imageUrl": "https://shop.coles.com.au/wcsstore/Coles-CAS/images/1/5/4/1548322-th.jpg",
    "categories": ["entertaining-at-home"],
    "tags": ["party-fod-supplies", "party-supplies"],
    "locations": {
      "vic": {
        "price": 3.3,
        "promoText": " ",
        "packageSize": "24 pack",
        "packagePrice": "$0.14 per 1Ea"
      }
    }
  },
  {
    "id": "cook-dine-white-paper-plate-dinner",
    "brand": "Cook & Dine",
    "name": "White Paper Dinner Plate",
    "imageUrl": "https://shop.coles.com.au/wcsstore/Coles-CAS/images/1/5/4/1547294-th.jpg",
    "categories": ["entertaining-at-home"],
    "tags": ["party-fod-supplies", "party-supplies"],
    "locations": {
      "vic": {
        "price": 1.5,
        "promoText": " ",
        "packageSize": "20 pack",
        "packagePrice": "$0.08 per 1Ea"
      }
    }
  },
  {
    "id": "cook-dine-white-paper-plate-snack",
    "brand": "Cook & Dine",
    "name": "White Paper Snack Plate",
    "imageUrl": "https://shop.coles.com.au/wcsstore/Coles-CAS/images/1/5/4/1547261-th.jpg",
    "categories": ["entertaining-at-home"],
    "tags": ["party-fod-supplies", "party-supplies"],
    "locations": {
      "vic": {
        "price": 1.5,
        "promoText": " ",
        "packageSize": "20 pack",
        "packagePrice": "$0.08 per 1Ea"
      }
    }
  },
  {
    "id": "cook-dine-plastic-white-dinner-plates",
    "brand": "Cook & Dine",
    "name": "Plastic White Dinner Plates",
    "imageUrl": "https://shop.coles.com.au/wcsstore/Coles-CAS/images/2/3/7/2371466-th.jpg",
    "categories": ["entertaining-at-home"],
    "tags": ["party-fod-supplies", "party-supplies"],
    "locations": {
      "vic": {
        "price": 3.3,
        "promoText": " ",
        "packageSize": "20 pack",
        "packagePrice": "$0.17 per 1Ea"
      }
    }
  },
  {
    "id": "cook-dine-coffee-cup-with-lid",
    "brand": "Cook & Dine",
    "name": "Coffee Cups With Lid",
    "imageUrl": "https://shop.coles.com.au/wcsstore/Coles-CAS/images/2/3/7/2371852-th.jpg",
    "categories": ["entertaining-at-home"],
    "tags": ["party-fod-supplies", "party-supplies"],
    "locations": {
      "vic": {
        "price": 8.5,
        "promoText": " ",
        "packageSize": "20 pack",
        "packagePrice": "$0.43 per 1Ea"
      }
    }
  },
  {
    "id": "cook-dine-large-plastic-red-cup-20-pack",
    "brand": "Cook & Dine",
    "name": "Large Plastic Red Cups",
    "imageUrl": "https://shop.coles.com.au/wcsstore/Coles-CAS/images/2/7/6/2761835-th.jpg",
    "categories": ["entertaining-at-home"],
    "tags": ["party-fod-supplies", "party-supplies"],
    "locations": {
      "vic": {
        "price": 4.4,
        "promoText": " ",
        "packageSize": "20 pack",
        "packagePrice": "$0.22 per 1Ea"
      }
    }
  },
  {
    "id": "mccain-pizza-bbq-meatlovers-family-frozen",
    "brand": "McCain",
    "name": "Frozen BBQ Meatlovers Family Pizza",
    "imageUrl": "https://shop.coles.com.au/wcsstore/Coles-CAS/images/7/0/1/7010250-th.jpg",
    "categories": ["entertaining-at-home"],
    "tags": ["party-fod-supplies", "pizza"],
    "locations": {
      "vic": {
        "price": 5.5,
        "promoText": "$1.50 ",
        "packageSize": "500g",
        "packagePrice": "$1.10 per 100G"
      }
    }
  },
  {
    "id": "mccain-pizza-rustica-spinach-and-mozarella",
    "brand": "McCain",
    "name": "Frozen Rustica Spinach & Mozzarella Pizza",
    "imageUrl": "https://shop.coles.com.au/wcsstore/Coles-CAS/images/2/8/7/2876870-th.jpg",
    "categories": ["entertaining-at-home"],
    "tags": ["party-fod-supplies", "pizza"],
    "locations": {
      "vic": {
        "price": 7.5,
        "promoText": " ",
        "packageSize": "365g",
        "packagePrice": "$2.05 per 100G"
      }
    }
  },
  {
    "id": "mccain-ultra-thin-tandoori-chicken",
    "brand": "McCain",
    "name": "Frozen Ultra Thin Crust Tandoori Chicken Pizza",
    "imageUrl": "https://shop.coles.com.au/wcsstore/Coles-CAS/images/8/6/3/8634739-th.jpg",
    "categories": ["entertaining-at-home"],
    "tags": ["party-fod-supplies", "pizza"],
    "locations": {
      "vic": {
        "price": 7.5,
        "promoText": " ",
        "packageSize": "320g",
        "packagePrice": "$2.34 per 100G"
      }
    }
  },
  {
    "id": "toscano-wholemeal-pizza-base",
    "brand": "Toscano",
    "name": "Wholemeal Pizza Base",
    "imageUrl": "https://shop.coles.com.au/wcsstore/Coles-CAS/images/2/4/7/2477219-th.jpg",
    "categories": ["entertaining-at-home", "bread-bakery"],
    "tags": ["party-fod-supplies", "pizza"],
    "locations": {
      "vic": {
        "price": 3.95,
        "promoText": " ",
        "packageSize": "150g",
        "packagePrice": "$2.63 per 100G"
      }
    }
  },
  {
    "id": "coles-thin-crispy-medium-pizza-base-9-inch",
    "brand": "Coles",
    "name": "Thin & Crispy Medium Pizza Bases 2 Pack",
    "imageUrl": "https://shop.coles.com.au/wcsstore/Coles-CAS/images/1/9/9/1997177-th.jpg",
    "categories": ["entertaining-at-home", "bread-bakery"],
    "tags": ["party-fod-supplies", "pizza"],
    "locations": {
      "vic": {
        "price": 3,
        "promoText": " ",
        "packageSize": "200g",
        "packagePrice": "$1.50 per 100G"
      }
    }
  },
  {
    "id": "coles-thin-crispy-large-pizza-base-12-inch",
    "brand": "Coles",
    "name": "Thin & Crispy Large Pizza Bases 3 pack",
    "imageUrl": "https://shop.coles.com.au/wcsstore/Coles-CAS/images/1/9/9/1997166-th.jpg",
    "categories": ["entertaining-at-home", "bread-bakery"],
    "tags": ["party-fod-supplies", "pizza"],
    "locations": {
      "vic": {
        "price": 6,
        "promoText": " ",
        "packageSize": "750g",
        "packagePrice": "$0.80 per 100G"
      }
    }
  },
  {
    "id": "dr-oetker-ristorante-pizza-pepperoni-salami",
    "brand": "Dr. Oetker",
    "name": "Frozen Ristorante Pepperoni Pizza",
    "imageUrl": "https://shop.coles.com.au/wcsstore/Coles-CAS/images/8/6/3/8634943-th.jpg",
    "categories": ["entertaining-at-home"],
    "tags": ["party-fod-supplies", "pizza"],
    "locations": {
      "vic": {
        "price": 7.5,
        "promoText": " ",
        "packageSize": "310g",
        "packagePrice": "$2.42 per 100G"
      }
    }
  },
  {
    "id": "mccain-ultra-thin-crust-angus-beef",
    "brand": "McCain",
    "name": "Frozen Ultra Thin Crust Angus Beef Pizza",
    "imageUrl": "https://shop.coles.com.au/wcsstore/Coles-CAS/images/9/8/6/9861736-th.jpg",
    "categories": ["entertaining-at-home"],
    "tags": ["party-fod-supplies", "pizza"],
    "locations": {
      "vic": {
        "price": 7.5,
        "promoText": " ",
        "packageSize": "320g",
        "packagePrice": "$2.34 per 100G"
      }
    }
  },
  {
    "id": "dr-oetker--ristorante-quattro-formaggi--frozen-pizza",
    "brand": "Dr. Oetker",
    "name": "Frozen Ristorante Quattro Formaggi Pizza",
    "imageUrl": "https://shop.coles.com.au/wcsstore/Coles-CAS/images/7/8/1/7817904-th.jpg",
    "categories": ["entertaining-at-home"],
    "tags": ["party-fod-supplies", "pizza"],
    "locations": {
      "vic": {
        "price": 7.5,
        "promoText": " ",
        "packageSize": "340g",
        "packagePrice": "$2.21 per 100G"
      }
    }
  },
  {
    "id": "dr-oetker-pizza-ristorante-mozzarella-frozen",
    "brand": "Dr. Oetker",
    "name": "Frozen Ristorante Mozzarella Pizza",
    "imageUrl": "https://shop.coles.com.au/wcsstore/Coles-CAS/images/7/3/0/7308081-th.jpg",
    "categories": ["entertaining-at-home"],
    "tags": ["party-fod-supplies", "pizza"],
    "locations": {
      "vic": {
        "price": 7.5,
        "promoText": " ",
        "packageSize": "335g",
        "packagePrice": "$2.24 per 100G"
      }
    }
  },
  {
    "id": "coles-bbq-meatlovers-frozen-pizza",
    "brand": "Coles",
    "name": "Frozen BBQ Meat Lovers Pizza",
    "imageUrl": "https://shop.coles.com.au/wcsstore/Coles-CAS/images/2/6/3/2632184-th.jpg",
    "categories": ["entertaining-at-home"],
    "tags": ["party-fod-supplies", "pizza"],
    "locations": {
      "vic": {
        "price": 3.3,
        "promoText": " ",
        "packageSize": "500g",
        "packagePrice": "$0.66 per 100G"
      }
    }
  },
  {
    "id": "dr-oetker-ristorante-pizza-hawaii",
    "brand": "Dr. Oetker",
    "name": "Frozen Ristorante Hawaii Pizza",
    "imageUrl": "https://shop.coles.com.au/wcsstore/Coles-CAS/images/8/6/3/8634954-th.jpg",
    "categories": ["entertaining-at-home"],
    "tags": ["party-fod-supplies", "pizza"],
    "locations": {
      "vic": {
        "price": 7.5,
        "promoText": " ",
        "packageSize": "355g",
        "packagePrice": "$2.11 per 100G"
      }
    }
  },
  {
    "id": "mccain-pizza-family-ham-pineapple-frozen",
    "brand": "McCain",
    "name": "Frozen Ham & Pineapple Family Pizza",
    "imageUrl": "https://shop.coles.com.au/wcsstore/Coles-CAS/images/4/0/3/403765-th.jpg",
    "categories": ["entertaining-at-home"],
    "tags": ["party-fod-supplies", "pizza"],
    "locations": {
      "vic": {
        "price": 5.5,
        "promoText": "$1.50 ",
        "packageSize": "500g",
        "packagePrice": "$1.10 per 100G"
      }
    }
  },
  {
    "id": "mccain-pizza-family-supreme-frozen",
    "brand": "McCain",
    "name": "Frozen Supreme Family Pizza",
    "imageUrl": "https://shop.coles.com.au/wcsstore/Coles-CAS/images/2/5/1/251124-th.jpg",
    "categories": ["entertaining-at-home"],
    "tags": ["party-fod-supplies", "pizza"],
    "locations": {
      "vic": {
        "price": 5.5,
        "promoText": "$1.50 ",
        "packageSize": "500g",
        "packagePrice": "$1.10 per 100G"
      }
    }
  },
  {
    "id": "dr-oetker-pizza-ristorante-spinaci-(spinach)-frozen",
    "brand": "Dr. Oetker",
    "name": "Frozen Ristorante Spinaci (Spinach) Pizza",
    "imageUrl": "https://shop.coles.com.au/wcsstore/Coles-CAS/images/7/3/0/7308048-th.jpg",
    "categories": ["entertaining-at-home"],
    "tags": ["party-fod-supplies", "pizza"],
    "locations": {
      "vic": {
        "price": 7.5,
        "promoText": " ",
        "packageSize": "390g",
        "packagePrice": "$1.92 per 100G"
      }
    }
  },
  {
    "id": "dr-oetker-papa-giuseppis-crust-pizza-supreme",
    "brand": "Dr.Oetker",
    "name": "Frozen Papa Giuseppi's Rising Stuffed Crust Supreme Pizza",
    "imageUrl": "https://shop.coles.com.au/wcsstore/Coles-CAS/images/3/4/7/3476335-th.jpg",
    "categories": ["entertaining-at-home"],
    "tags": ["party-fod-supplies", "pizza"],
    "locations": {
      "vic": {
        "price": 8,
        "promoText": " ",
        "packageSize": "525g",
        "packagePrice": "$1.52 per 100G"
      }
    }
  },
  {
    "id": "mccain-pizza-slices-cheese-bacon-6-pack-frozen",
    "brand": "McCain",
    "name": "Frozen Cheese & Bacon Pizza Slices 6 pack",
    "imageUrl": "https://shop.coles.com.au/wcsstore/Coles-CAS/images/8/5/4/8544829-th.jpg",
    "categories": ["entertaining-at-home"],
    "tags": ["party-fod-supplies", "pizza"],
    "locations": {
      "vic": {
        "price": 7.5,
        "promoText": " ",
        "packageSize": "600g",
        "packagePrice": "$1.25 per 100G"
      }
    }
  },
  {
    "id": "mccain-pizza-slices-meat-lovers-6-pack-frozen",
    "brand": "McCain",
    "name": "Frozen Meat Lovers Pizza Slices 6 pack",
    "imageUrl": "https://shop.coles.com.au/wcsstore/Coles-CAS/images/8/5/4/8544793-th.jpg",
    "categories": ["entertaining-at-home"],
    "tags": ["party-fod-supplies", "pizza"],
    "locations": {
      "vic": {
        "price": 7.5,
        "promoText": " ",
        "packageSize": "600g",
        "packagePrice": "$1.25 per 100G"
      }
    }
  },
  {
    "id": "mccain-pizza-family-cheese-bacon-frozen",
    "brand": "McCain",
    "name": "Frozen Cheese & Bacon Family Pizza",
    "imageUrl": "https://shop.coles.com.au/wcsstore/Coles-CAS/images/1/8/1/181572-th.jpg",
    "categories": ["entertaining-at-home"],
    "tags": ["party-fod-supplies", "pizza"],
    "locations": {
      "vic": {
        "price": 5.5,
        "promoText": "$1.50 ",
        "packageSize": "500g",
        "packagePrice": "$1.10 per 100G"
      }
    }
  },
  {
    "id": "mccain-family-bbq-chicken-pineapple",
    "brand": "McCain",
    "name": "Frozen BBQ Chicken & Pineapple Family Pizza",
    "imageUrl": "https://shop.coles.com.au/wcsstore/Coles-CAS/images/3/1/5/3157246-th.jpg",
    "categories": ["entertaining-at-home"],
    "tags": ["party-fod-supplies", "pizza"],
    "locations": {
      "vic": {
        "price": 5.5,
        "promoText": "$1.50 ",
        "packageSize": "500g",
        "packagePrice": "$1.10 per 100G"
      }
    }
  },
  {
    "id": "coles-hawaiian-frozen-pizza",
    "brand": "Coles",
    "name": "Frozen Hawaiian Pizza",
    "imageUrl": "https://shop.coles.com.au/wcsstore/Coles-CAS/images/2/6/3/2632162-th.jpg",
    "categories": ["entertaining-at-home"],
    "tags": ["party-fod-supplies", "pizza"],
    "locations": {
      "vic": {
        "price": 3.3,
        "promoText": " ",
        "packageSize": "500g",
        "packagePrice": "$0.66 per 100G"
      }
    }
  },
  {
    "id": "mccain-pizza-singles-ham-pineapple-frozen",
    "brand": "McCain",
    "name": "Frozen Ham & Pineapple Pizza Singles",
    "imageUrl": "https://shop.coles.com.au/wcsstore/Coles-CAS/images/5/4/4/5446200-th.jpg",
    "categories": ["entertaining-at-home"],
    "tags": ["party-fod-supplies", "pizza"],
    "locations": {
      "vic": {
        "price": 7,
        "promoText": " ",
        "packageSize": "400g",
        "packagePrice": "$1.75 per 100G"
      }
    }
  },
  {
    "id": "mccain-pizza-go-micro-margherita",
    "brand": "McCain",
    "name": "Microwave Margherita Pizza Go Slice",
    "imageUrl": "https://shop.coles.com.au/wcsstore/Coles-CAS/images/3/4/8/3480365-th.jpg",
    "categories": ["entertaining-at-home"],
    "tags": ["party-fod-supplies", "pizza"],
    "locations": {
      "vic": {
        "price": 3,
        "promoText": "$1.00 ",
        "packageSize": "160g",
        "packagePrice": "$1.88 per 100G"
      }
    }
  },
  {
    "id": "mccain-flavour-boss-mega-meat-feast",
    "brand": "McCain",
    "name": "Flavour Boss Mega Meat Feast",
    "imageUrl": "https://shop.coles.com.au/wcsstore/Coles-CAS/images/3/4/7/3476404-th.jpg",
    "categories": ["entertaining-at-home"],
    "tags": ["party-fod-supplies", "pizza"],
    "locations": {
      "vic": {
        "price": 7.5,
        "promoText": " ",
        "packageSize": "500g",
        "packagePrice": "$1.50 per 100G"
      }
    }
  },
  {
    "id": "old-el-paso-taco-kit-hard-n-soft",
    "brand": "Old El Paso",
    "name": "Hard 'N Soft Taco Kit Mild",
    "imageUrl": "https://shop.coles.com.au/wcsstore/Coles-CAS/images/5/2/9/5293041-th.jpg",
    "categories": ["entertaining-at-home"],
    "tags": ["party-fod-supplies", "mexican-party-fods"],
    "locations": {
      "vic": {
        "price": 3.5,
        "promoText": "$3.50 ",
        "packageSize": "350g",
        "packagePrice": "$1.00 per 100G"
      }
    }
  },
  {
    "id": "old-el-paso-taco-seasoning-mix",
    "brand": "Old El Paso",
    "name": "Spice Mix For Tacos Mild",
    "imageUrl": "https://shop.coles.com.au/wcsstore/Coles-CAS/images/2/9/1/291377-th.jpg",
    "categories": ["entertaining-at-home"],
    "tags": ["party-fod-supplies", "mexican-party-fods"],
    "locations": {
      "vic": {
        "price": 2,
        "promoText": " ",
        "packageSize": "30g",
        "packagePrice": "$0.67 per 10G"
      }
    }
  },
  {
    "id": "old-el-paso-taco-kit-stand-n-stuff-mild",
    "brand": "Old El Paso",
    "name": "Stand 'N Stuff Taco Kit Mild",
    "imageUrl": "https://shop.coles.com.au/wcsstore/Coles-CAS/images/4/5/6/4565510-th.jpg",
    "categories": ["entertaining-at-home"],
    "tags": ["party-fod-supplies", "mexican-party-fods"],
    "locations": {
      "vic": {
        "price": 3.5,
        "promoText": "$3.50 ",
        "packageSize": "295g",
        "packagePrice": "$1.19 per 100G"
      }
    }
  },
  {
    "id": "mission-burrito-tortillas-12-pack",
    "brand": "Mission",
    "name": "Original Burrito 12 Tortillas",
    "imageUrl": "https://shop.coles.com.au/wcsstore/Coles-CAS/images/6/7/6/6767709-th.jpg",
    "categories": ["entertaining-at-home"],
    "tags": ["party-fod-supplies", "mexican-party-fods"],
    "locations": {
      "vic": {
        "price": 3,
        "promoText": "$1.15 ",
        "packageSize": "576g",
        "packagePrice": "$0.52 per 100G"
      }
    }
  },
  {
    "id": "mission-tortillas-white-corn-12-pack",
    "brand": "Mission",
    "name": "White Corn 12 Tortillas",
    "imageUrl": "https://shop.coles.com.au/wcsstore/Coles-CAS/images/6/7/6/6768745-th.jpg",
    "categories": ["entertaining-at-home"],
    "tags": ["party-fod-supplies", "mexican-party-fods"],
    "locations": {
      "vic": {
        "price": 3,
        "promoText": "$0.80 ",
        "packageSize": "312g",
        "packagePrice": "$0.96 per 100G"
      }
    }
  },
  {
    "id": "old-el-paso-taco-kit-soft",
    "brand": "Old El Paso",
    "name": "Soft Taco Kit Mild",
    "imageUrl": "https://shop.coles.com.au/wcsstore/Coles-CAS/images/5/5/4/5540231-th.jpg",
    "categories": ["entertaining-at-home"],
    "tags": ["party-fod-supplies", "mexican-party-fods"],
    "locations": {
      "vic": {
        "price": 3.25,
        "promoText": " ",
        "packageSize": "405g",
        "packagePrice": "$0.80 per 100G"
      }
    }
  },
  {
    "id": "old-el-paso-burrito-tortillas-6-pack",
    "brand": "Old El Paso",
    "name": "Regular Tortillas 6 pack",
    "imageUrl": "https://shop.coles.com.au/wcsstore/Coles-CAS/images/7/3/9/7395392-th.jpg",
    "categories": ["entertaining-at-home", "bread-bakery"],
    "tags": ["party-fod-supplies", "mexican-party-fods"],
    "locations": {
      "vic": {
        "price": 3,
        "promoText": " ",
        "packageSize": "240g",
        "packagePrice": "$1.25 per 100G"
      }
    }
  },
  {
    "id": "old-el-paso-fajita-kit",
    "brand": "Old El Paso",
    "name": "Fajita Kit Mild",
    "imageUrl": "https://shop.coles.com.au/wcsstore/Coles-CAS/images/5/0/3/5030450-th.jpg",
    "categories": ["entertaining-at-home"],
    "tags": ["party-fod-supplies", "mexican-party-fods"],
    "locations": {
      "vic": {
        "price": 3.25,
        "promoText": " ",
        "packageSize": "485g",
        "packagePrice": "$0.67 per 100G"
      }
    }
  },
  {
    "id": "old-el-paso-burrito-tortillas-10-pack",
    "brand": "Old El Paso",
    "name": "Regular Tortillas Burrito 10 pack",
    "imageUrl": "https://shop.coles.com.au/wcsstore/Coles-CAS/images/7/6/1/7610214-th.jpg",
    "categories": ["entertaining-at-home", "bread-bakery"],
    "tags": ["party-fod-supplies", "mexican-party-fods"],
    "locations": {
      "vic": {
        "price": 4.3,
        "promoText": " ",
        "packageSize": "400g",
        "packagePrice": "$1.08 per 100G"
      }
    }
  },
  {
    "id": "old-el-paso-tortillas-mini",
    "brand": "Old El Paso",
    "name": "Tortillas Mini 10 pack",
    "imageUrl": "https://shop.coles.com.au/wcsstore/Coles-CAS/images/7/3/9/7395337-th.jpg",
    "categories": ["entertaining-at-home", "bread-bakery"],
    "tags": ["party-fod-supplies", "mexican-party-fods"],
    "locations": {
      "vic": {
        "price": 3.7,
        "promoText": " ",
        "packageSize": "250g",
        "packagePrice": "$1.48 per 100G"
      }
    }
  },
  {
    "id": "old-el-paso-taco-sauce-mild",
    "brand": "Old El Paso",
    "name": "Taco Sauce Mild",
    "imageUrl": "https://shop.coles.com.au/wcsstore/Coles-CAS/images/2/9/1/291413-th.jpg",
    "categories": ["entertaining-at-home"],
    "tags": ["party-fod-supplies", "mexican-party-fods"],
    "locations": {
      "vic": {
        "price": 3.2,
        "promoText": " ",
        "packageSize": "200mL",
        "packagePrice": "$1.60 per 100G"
      }
    }
  },
  {
    "id": "old-el-paso-taco-kit-mild",
    "brand": "Old El Paso",
    "name": "Taco Kit Mild",
    "imageUrl": "https://shop.coles.com.au/wcsstore/Coles-CAS/images/2/9/1/291457-th.jpg",
    "categories": ["entertaining-at-home"],
    "tags": ["party-fod-supplies", "mexican-party-fods"],
    "locations": {
      "vic": {
        "price": 3.25,
        "promoText": " ",
        "packageSize": "290g",
        "packagePrice": "$1.12 per 100G"
      }
    }
  },
  {
    "id": "old-el-paso-refried-beans",
    "brand": "Old El Paso",
    "name": "Refried Beans Mild",
    "imageUrl": "https://shop.coles.com.au/wcsstore/Coles-CAS/images/3/8/6/386021-th.jpg",
    "categories": ["entertaining-at-home"],
    "tags": ["party-fod-supplies", "mexican-party-fods"],
    "locations": {
      "vic": {
        "price": 3,
        "promoText": " ",
        "packageSize": "435g",
        "packagePrice": "$0.69 per 100G"
      }
    }
  },
  {
    "id": "mission-corn-chips-chilli-lime",
    "brand": "Mission",
    "name": "Chilli & Lime Tortilla Triangles Corn Chips",
    "imageUrl": "https://shop.coles.com.au/wcsstore/Coles-CAS/images/1/2/7/1277484-th.jpg",
    "categories": ["entertaining-at-home"],
    "tags": ["party-fod-supplies", "mexican-party-fods"],
    "locations": {
      "vic": {
        "price": 3.1,
        "promoText": "Any 2 $5.50",
        "packageSize": "230g",
        "packagePrice": "$1.35 per 100G"
      }
    }
  },
  {
    "id": "mission-tortilla-strips-yellow-corn-chips",
    "brand": "Mission",
    "name": "Original Yellow Corn Tortilla Strips",
    "imageUrl": "https://shop.coles.com.au/wcsstore/Coles-CAS/images/3/2/0/3208256-th.jpg",
    "categories": ["entertaining-at-home"],
    "tags": ["party-fod-supplies", "mexican-party-fods"],
    "locations": {
      "vic": {
        "price": 3.1,
        "promoText": "Any 2 $5.50",
        "packageSize": "230g",
        "packagePrice": "$1.35 per 100G"
      }
    }
  },
  {
    "id": "old-el-paso-taco-kit-jumbo",
    "brand": "Old El Paso",
    "name": "Jumbo Taco Kit Mild",
    "imageUrl": "https://shop.coles.com.au/wcsstore/Coles-CAS/images/9/7/4/9742533-th.jpg",
    "categories": ["entertaining-at-home"],
    "tags": ["party-fod-supplies", "mexican-party-fods"],
    "locations": {
      "vic": {
        "price": 3.25,
        "promoText": " ",
        "packageSize": "345g",
        "packagePrice": "$0.94 per 100G"
      }
    }
  },
  {
    "id": "old-el-paso-gluten-free-tortillas",
    "brand": "Old El Paso",
    "name": "Gluten Free Tortillas 6 pack",
    "imageUrl": "https://shop.coles.com.au/wcsstore/Coles-CAS/images/3/1/9/3198695-th.jpg",
    "categories": ["entertaining-at-home"],
    "tags": ["party-fod-supplies", "mexican-party-fods"],
    "locations": {
      "vic": {
        "price": 4.45,
        "promoText": " ",
        "packageSize": "216g",
        "packagePrice": "$2.06 per 100G"
      }
    }
  },
  {
    "id": "old-el-paso-tortillas-family-value-16-pack",
    "brand": "Old El Paso",
    "name": "Regular Tortillas 16 pack",
    "imageUrl": "https://shop.coles.com.au/wcsstore/Coles-CAS/images/7/3/7/7373720-th.jpg",
    "categories": ["entertaining-at-home", "bread-bakery"],
    "tags": ["party-fod-supplies", "mexican-party-fods"],
    "locations": {
      "vic": {
        "price": 6,
        "promoText": " ",
        "packageSize": "640g",
        "packagePrice": "$0.94 per 100G"
      }
    }
  },
  {
    "id": "old-el-paso-tortillas-wholegrain-6-pack",
    "brand": "Old El Paso",
    "name": "Regular Tortillas 6 pack",
    "imageUrl": "https://shop.coles.com.au/wcsstore/Coles-CAS/images/6/3/0/6305215-th.jpg",
    "categories": ["entertaining-at-home", "bread-bakery"],
    "tags": ["party-fod-supplies", "mexican-party-fods"],
    "locations": {
      "vic": {
        "price": 3,
        "promoText": " ",
        "packageSize": "240g",
        "packagePrice": "$1.25 per 100G"
      }
    }
  },
  {
    "id": "old-el-paso-taco-shells-stand-n-stuff",
    "brand": "Old El Paso",
    "name": "Stand 'N Stuff Taco Shells 10 Pack",
    "imageUrl": "https://shop.coles.com.au/wcsstore/Coles-CAS/images/4/5/6/4565292-th.jpg",
    "categories": ["entertaining-at-home"],
    "tags": ["party-fod-supplies", "mexican-party-fods"],
    "locations": {
      "vic": {
        "price": 3.95,
        "promoText": " ",
        "packageSize": "160g",
        "packagePrice": "$2.47 per 100G"
      }
    }
  },
  {
    "id": "old-el-paso-black-beans",
    "brand": "Old El Paso",
    "name": "Black Beans Mild",
    "imageUrl": "https://shop.coles.com.au/wcsstore/Coles-CAS/images/1/8/6/1868287-th.jpg",
    "categories": ["entertaining-at-home"],
    "tags": ["party-fod-supplies", "mexican-party-fods"],
    "locations": {
      "vic": {
        "price": 3,
        "promoText": " ",
        "packageSize": "425g",
        "packagePrice": "$0.71 per 100G"
      }
    }
  },
  {
    "id": "coles-street-tortilla-6-pack",
    "brand": "Coles",
    "name": "Street Tortilla Wraps 10 Pack",
    "imageUrl": "https://shop.coles.com.au/wcsstore/Coles-CAS/images/3/4/7/3478997-th.jpg",
    "categories": ["entertaining-at-home"],
    "tags": ["party-fod-supplies", "mexican-party-fods"],
    "locations": {
      "vic": {
        "price": 2.8,
        "promoText": " ",
        "packageSize": "280g",
        "packagePrice": "$1.00 per 100G"
      }
    }
  },
  {
    "id": "mission-corn-chips-extreme-cheese",
    "brand": "Mission",
    "name": "Extreme Cheese Tortilla Triangles Corn Chips",
    "imageUrl": "https://shop.coles.com.au/wcsstore/Coles-CAS/images/7/3/6/7368582-th.jpg",
    "categories": ["entertaining-at-home"],
    "tags": ["party-fod-supplies", "mexican-party-fods"],
    "locations": {
      "vic": {
        "price": 3.1,
        "promoText": "Any 2 $5.50",
        "packageSize": "230g",
        "packagePrice": "$1.35 per 100G"
      }
    }
  },
  {
    "id": "old-el-paso-seasoning-mix-crispy-chicken",
    "brand": "Old El Paso",
    "name": "Spice Mix For Soft Tacos Mild",
    "imageUrl": "https://shop.coles.com.au/wcsstore/Coles-CAS/images/7/9/6/7962481-th.jpg",
    "categories": ["entertaining-at-home"],
    "tags": ["party-fod-supplies", "mexican-party-fods"],
    "locations": {
      "vic": {
        "price": 2,
        "promoText": " ",
        "packageSize": "35g",
        "packagePrice": "$0.57 per 10G"
      }
    }
  },
  {
    "id": "old-el-paso-beans-mexican",
    "brand": "Old El Paso",
    "name": "Mexe Beans Mild",
    "imageUrl": "https://shop.coles.com.au/wcsstore/Coles-CAS/images/3/8/6/386032-th.jpg",
    "categories": ["entertaining-at-home"],
    "tags": ["party-fod-supplies", "mexican-party-fods"],
    "locations": {
      "vic": {
        "price": 3,
        "promoText": " ",
        "packageSize": "425g",
        "packagePrice": "$0.71 per 100G"
      }
    }
  },
  {
    "id": "old-el-paso-taco-sauce-hot",
    "brand": "Old El Paso",
    "name": "Hot Taco Sauce",
    "imageUrl": "https://shop.coles.com.au/wcsstore/Coles-CAS/images/4/0/4/404633-th.jpg",
    "categories": ["entertaining-at-home"],
    "tags": ["party-fod-supplies", "mexican-party-fods"],
    "locations": {
      "vic": {
        "price": 3.2,
        "promoText": " ",
        "packageSize": "200g",
        "packagePrice": "$1.60 per 100G"
      }
    }
  },
  {
    "id": "old-el-paso-taco-shells",
    "brand": "Old El Paso",
    "name": "Corn Taco Shells 12 pack",
    "imageUrl": "https://shop.coles.com.au/wcsstore/Coles-CAS/images/2/9/1/291468-th.jpg",
    "categories": ["entertaining-at-home"],
    "tags": ["party-fod-supplies", "mexican-party-fods"],
    "locations": {
      "vic": {
        "price": 3.2,
        "promoText": " ",
        "packageSize": "156g",
        "packagePrice": "$2.05 per 100G"
      }
    }
  },
  {
    "id": "coles-taco-shells-168g",
    "brand": "Coles",
    "name": "Hard Taco 12 Shells",
    "imageUrl": "https://shop.coles.com.au/wcsstore/Coles-CAS/images/7/4/0/7400743-th.jpg",
    "categories": ["entertaining-at-home"],
    "tags": ["party-fod-supplies", "mexican-party-fods"],
    "locations": {
      "vic": {
        "price": 2.4,
        "promoText": " ",
        "packageSize": "168g",
        "packagePrice": "$1.43 per 100G"
      }
    }
  },
  {
    "id": "coles-mexican-seasoning",
    "brand": "Coles",
    "name": "Mexican Seasoning Mix Mild",
    "imageUrl": "https://shop.coles.com.au/wcsstore/Coles-CAS/images/2/3/6/2368610-th.jpg",
    "categories": ["entertaining-at-home"],
    "tags": ["party-fod-supplies", "mexican-party-fods"],
    "locations": {
      "vic": {
        "price": 1,
        "promoText": "Was $1.25 on Jun 2019 ",
        "packageSize": "40g",
        "packagePrice": "$2.50 per 100G"
      }
    }
  },
  {
    "id": "coles-refried-beans",
    "brand": "Coles",
    "name": "Refried Beans",
    "imageUrl": "https://shop.coles.com.au/wcsstore/Coles-CAS/images/2/9/3/2938118-th.jpg",
    "categories": ["entertaining-at-home"],
    "tags": ["party-fod-supplies", "mexican-party-fods"],
    "locations": {
      "vic": {
        "price": 2.1,
        "promoText": " ",
        "packageSize": "454g",
        "packagePrice": "$0.46 per 100G"
      }
    }
  },
  {
    "id": "old-el-paso-burrito-tortilla-jumbo",
    "brand": "Old El Paso",
    "name": "Jumbo Tortillas 6 pack",
    "imageUrl": "https://shop.coles.com.au/wcsstore/Coles-CAS/images/4/8/2/4821406-th.jpg",
    "categories": ["entertaining-at-home", "bread-bakery"],
    "tags": ["party-fod-supplies", "mexican-party-fods"],
    "locations": {
      "vic": {
        "price": 5.3,
        "promoText": " ",
        "packageSize": "450g",
        "packagePrice": "$1.18 per 100G"
      }
    }
  },
  {
    "id": "old-el-paso-taco-shells-jumbo",
    "brand": "Old El Paso",
    "name": "Corn Jumbo Taco Shells 10 pack",
    "imageUrl": "https://shop.coles.com.au/wcsstore/Coles-CAS/images/2/1/6/216247-th.jpg",
    "categories": ["entertaining-at-home"],
    "tags": ["party-fod-supplies", "mexican-party-fods"],
    "locations": {
      "vic": {
        "price": 3.6,
        "promoText": "$0.40 ",
        "packageSize": "190g",
        "packagePrice": "$1.89 per 100G"
      }
    }
  },
  {
    "id": "old-el-paso-stand-n-stuff-soft-taco-kit",
    "brand": "Old El Paso",
    "name": "Stand 'N Stuff Soft Taco Kit Mild",
    "imageUrl": "https://shop.coles.com.au/wcsstore/Coles-CAS/images/1/8/6/1868130-th.jpg",
    "categories": ["entertaining-at-home"],
    "tags": ["party-fod-supplies", "mexican-party-fods"],
    "locations": {
      "vic": {
        "price": 3.5,
        "promoText": "$3.50 ",
        "packageSize": "348g",
        "packagePrice": "$1.01 per 100G"
      }
    }
  },
  {
    "id": "coles-burrito-tortillas-10-pack",
    "brand": "Coles",
    "name": "Burrito 10 Tortillas",
    "imageUrl": "https://shop.coles.com.au/wcsstore/Coles-CAS/images/2/3/7/2372301-th.jpg",
    "categories": ["entertaining-at-home"],
    "tags": ["party-fod-supplies", "mexican-party-fods"],
    "locations": {
      "vic": {
        "price": 3,
        "promoText": " ",
        "packageSize": "400g",
        "packagePrice": "$0.75 per 100G"
      }
    }
  },
  {
    "id": "old-el-paso-enchilada-sauce-mild",
    "brand": "Old El Paso",
    "name": "Enchilada Cooking Sauce Mild",
    "imageUrl": "https://shop.coles.com.au/wcsstore/Coles-CAS/images/7/3/9/7395450-th.jpg",
    "categories": ["entertaining-at-home"],
    "tags": ["party-fod-supplies", "mexican-party-fods"],
    "locations": {
      "vic": {
        "price": 4.15,
        "promoText": " ",
        "packageSize": "375g",
        "packagePrice": "$1.11 per 100G"
      }
    }
  },
  {
    "id": "old-el-paso-enchilada-kit",
    "brand": "Old El Paso",
    "name": "Enchilada Kit Mild",
    "imageUrl": "https://shop.coles.com.au/wcsstore/Coles-CAS/images/7/0/1/7010920-th.jpg",
    "categories": ["entertaining-at-home"],
    "tags": ["party-fod-supplies", "mexican-party-fods"],
    "locations": {
      "vic": {
        "price": 6.5,
        "promoText": " ",
        "packageSize": "520g",
        "packagePrice": "$1.25 per 100G"
      }
    }
  },
  {
    "id": "old-el-paso-taco-seasoning-mix-salt-reduced",
    "brand": "Old El Paso",
    "name": "Reduced Salt Spice Mix Taco Mild",
    "imageUrl": "https://shop.coles.com.au/wcsstore/Coles-CAS/images/5/3/2/5322591-th.jpg",
    "categories": ["entertaining-at-home"],
    "tags": ["party-fod-supplies", "mexican-party-fods"],
    "locations": {
      "vic": {
        "price": 2,
        "promoText": " ",
        "packageSize": "30g",
        "packagePrice": "$0.67 per 10G"
      }
    }
  },
  {
    "id": "old-el-paso-taco-kit-crispy-chicken",
    "brand": "Old El Paso",
    "name": "Crispy Chicken Soft Taco Kit Mild",
    "imageUrl": "https://shop.coles.com.au/wcsstore/Coles-CAS/images/5/9/3/5931782-th.jpg",
    "categories": ["entertaining-at-home"],
    "tags": ["party-fod-supplies", "mexican-party-fods"],
    "locations": {
      "vic": {
        "price": 3.25,
        "promoText": " ",
        "packageSize": "370g",
        "packagePrice": "$0.88 per 100G"
      }
    }
  },
  {
    "id": "old-el-paso-chilli-jalapenos",
    "brand": "Old El Paso",
    "name": "Green Jalapenos Hot",
    "imageUrl": "https://shop.coles.com.au/wcsstore/Coles-CAS/images/5/2/2/5224560-th.jpg",
    "categories": ["entertaining-at-home"],
    "tags": ["party-fod-supplies", "mexican-party-fods"],
    "locations": {
      "vic": {
        "price": 4.45,
        "promoText": " ",
        "packageSize": "250g",
        "packagePrice": "$1.78 per 100G"
      }
    }
  },
  {
    "id": "old-el-paso-thick-chunky-salsa-mild",
    "brand": "Old El Paso",
    "name": "Thick & Chunky Salsa Mild",
    "imageUrl": "https://shop.coles.com.au/wcsstore/Coles-CAS/images/5/0/8/5085452-th.jpg",
    "categories": ["entertaining-at-home"],
    "tags": ["party-fod-supplies", "mexican-party-fods"],
    "locations": {
      "vic": {
        "price": 4.45,
        "promoText": " ",
        "packageSize": "375g",
        "packagePrice": "$1.19 per 100G"
      }
    }
  },
  {
    "id": "old-el-paso-chilli-seasoning-mix",
    "brand": "Old El Paso",
    "name": "Spice Mix For Chili Medium",
    "imageUrl": "https://shop.coles.com.au/wcsstore/Coles-CAS/images/2/9/1/291388-th.jpg",
    "categories": ["entertaining-at-home"],
    "tags": ["party-fod-supplies", "mexican-party-fods"],
    "locations": {
      "vic": {
        "price": 2,
        "promoText": " ",
        "packageSize": "35g",
        "packagePrice": "$0.57 per 10G"
      }
    }
  },
  {
    "id": "old-el-paso-stand-n-stuff-mini-tortillas",
    "brand": "Old El Paso",
    "name": "Stand 'N Stuff Mini Soft Tortillas 12 pack",
    "imageUrl": "https://shop.coles.com.au/wcsstore/Coles-CAS/images/2/7/4/2745817-th.jpg",
    "categories": ["entertaining-at-home", "bread-bakery"],
    "tags": ["party-fod-supplies", "mexican-party-fods"],
    "locations": {
      "vic": {
        "price": 4.8,
        "promoText": " ",
        "packageSize": "145g",
        "packagePrice": "$3.31 per 100G"
      }
    }
  },
  {
    "id": "old-el-paso-guacamole-seasoning-spice",
    "brand": "Old El Paso",
    "name": "Spice Mix For Guacamole Mild",
    "imageUrl": "https://shop.coles.com.au/wcsstore/Coles-CAS/images/2/9/2/2926990-th.jpg",
    "categories": ["entertaining-at-home"],
    "tags": ["party-fod-supplies", "mexican-party-fods"],
    "locations": {
      "vic": {
        "price": 2,
        "promoText": " ",
        "packageSize": "30g",
        "packagePrice": "$0.67 per 10G"
      }
    }
  },
  {
    "id": "old-el-paso-kit-gluten-free-soft-taco",
    "brand": "Old El Paso",
    "name": "Gluten Free Soft Taco Kit",
    "imageUrl": "https://shop.coles.com.au/wcsstore/Coles-CAS/images/3/1/9/3198684-th.jpg",
    "categories": ["entertaining-at-home"],
    "tags": ["party-fod-supplies", "mexican-party-fods"],
    "locations": {
      "vic": {
        "price": 7,
        "promoText": " ",
        "packageSize": "418g",
        "packagePrice": "$1.67 per 100G"
      }
    }
  },
  {
    "id": "coles-tortilla-chip",
    "brand": "Coles",
    "name": "Mexico Tortilla Corn Chips",
    "imageUrl": "https://shop.coles.com.au/wcsstore/Coles-CAS/images/3/4/7/3479184-th.jpg",
    "categories": ["entertaining-at-home"],
    "tags": ["party-fod-supplies", "mexican-party-fods"],
    "locations": {
      "vic": {
        "price": 2.5,
        "promoText": " ",
        "packageSize": "250g",
        "packagePrice": "$1.00 per 100G"
      }
    }
  },
  {
    "id": "coles-salsa-roja",
    "brand": "Coles",
    "name": "Mexico Smokey Salsa Roja Medium",
    "imageUrl": "https://shop.coles.com.au/wcsstore/Coles-CAS/images/3/4/9/3492863-th.jpg",
    "categories": ["entertaining-at-home"],
    "tags": ["party-fod-supplies", "mexican-party-fods"],
    "locations": {
      "vic": {
        "price": 4,
        "promoText": " ",
        "packageSize": "300g",
        "packagePrice": "$1.33 per 100G"
      }
    }
  },
  {
    "id": "mission-tortillas-multigrain-8-pack",
    "brand": "Mission",
    "name": "Multigrain 8 Tortillas",
    "imageUrl": "https://shop.coles.com.au/wcsstore/Coles-CAS/images/6/7/6/6767935-th.jpg",
    "categories": ["entertaining-at-home"],
    "tags": ["party-fod-supplies", "mexican-party-fods"],
    "locations": {
      "vic": {
        "price": 3,
        "promoText": "$0.80 ",
        "packageSize": "384g",
        "packagePrice": "$0.78 per 100G"
      }
    }
  },
  {
    "id": "old-el-paso-thick-chunky-salsa-medium",
    "brand": "Old El Paso",
    "name": "Thick 'N Chunky Salsa Medium",
    "imageUrl": "https://shop.coles.com.au/wcsstore/Coles-CAS/images/3/8/9/38943-th.jpg",
    "categories": ["entertaining-at-home"],
    "tags": ["party-fod-supplies", "mexican-party-fods"],
    "locations": {
      "vic": {
        "price": 4.45,
        "promoText": " ",
        "packageSize": "375g",
        "packagePrice": "$1.19 per 100G"
      }
    }
  },
  {
    "id": "old-el-paso-stand-n-stuff-tortillas",
    "brand": "Old El Paso",
    "name": "Stand 'N Stuff Flour Soft Tortillas 8 Pack",
    "imageUrl": "https://shop.coles.com.au/wcsstore/Coles-CAS/images/1/8/6/1868323-th.jpg",
    "categories": ["entertaining-at-home", "bread-bakery"],
    "tags": ["party-fod-supplies", "mexican-party-fods"],
    "locations": {
      "vic": {
        "price": 4.45,
        "promoText": " ",
        "packageSize": "193g",
        "packagePrice": "$2.31 per 100G"
      }
    }
  },
  {
    "id": "coles-whole-chipotle-peppers",
    "brand": "Coles",
    "name": "Mexico Chiles Chipotle Peppers",
    "imageUrl": "https://shop.coles.com.au/wcsstore/Coles-CAS/images/3/4/7/3479592-th.jpg",
    "categories": ["entertaining-at-home"],
    "tags": ["party-fod-supplies", "mexican-party-fods"],
    "locations": {
      "vic": {
        "price": 3.8,
        "promoText": " ",
        "packageSize": "200g",
        "packagePrice": "$1.90 per 100G"
      }
    }
  },
  {
    "id": "old-el-paso-fajita-seasoning-mix",
    "brand": "Old El Paso",
    "name": "Spice Mix For Fajitas Mild",
    "imageUrl": "https://shop.coles.com.au/wcsstore/Coles-CAS/images/5/0/6/5066050-th.jpg",
    "categories": ["entertaining-at-home"],
    "tags": ["party-fod-supplies", "mexican-party-fods"],
    "locations": {
      "vic": {
        "price": 2,
        "promoText": " ",
        "packageSize": "40g",
        "packagePrice": "$0.50 per 10G"
      }
    }
  },
  {
    "id": "old-el-paso-taco-sauce-medium",
    "brand": "Old El Paso",
    "name": "Taco Sauce Medium",
    "imageUrl": "https://shop.coles.com.au/wcsstore/Coles-CAS/images/2/9/1/291402-th.jpg",
    "categories": ["entertaining-at-home"],
    "tags": ["party-fod-supplies", "mexican-party-fods"],
    "locations": {
      "vic": {
        "price": 3.2,
        "promoText": " ",
        "packageSize": "200mL",
        "packagePrice": "$1.60 per 100G"
      }
    }
  },
  {
    "id": "old-el-paso-burrito-kit",
    "brand": "Old El Paso",
    "name": "Burrito Kit Mild",
    "imageUrl": "https://shop.coles.com.au/wcsstore/Coles-CAS/images/7/8/8/7886168-th.jpg",
    "categories": ["entertaining-at-home"],
    "tags": ["party-fod-supplies", "mexican-party-fods"],
    "locations": {
      "vic": {
        "price": 6.5,
        "promoText": " ",
        "packageSize": "485g",
        "packagePrice": "$1.34 per 100G"
      }
    }
  },
  {
    "id": "old-el-paso-burrito-seasoning-mix",
    "brand": "Old El Paso",
    "name": "Spice Mix For Burritos Mild",
    "imageUrl": "https://shop.coles.com.au/wcsstore/Coles-CAS/images/6/0/4/6048848-th.jpg",
    "categories": ["entertaining-at-home"],
    "tags": ["party-fod-supplies", "mexican-party-fods"],
    "locations": {
      "vic": {
        "price": 2,
        "promoText": " ",
        "packageSize": "40g",
        "packagePrice": "$5.00 per 100G"
      }
    }
  },
  {
    "id": "old-el-paso-stand-n-stuff-mini-taco-shell-kit",
    "brand": "Old El Paso",
    "name": "Stand 'N Stuff Mini Taco Kit Mild 12 pack",
    "imageUrl": "https://shop.coles.com.au/wcsstore/Coles-CAS/images/2/7/4/2745737-th.jpg",
    "categories": ["entertaining-at-home"],
    "tags": ["party-fod-supplies", "mexican-party-fods"],
    "locations": {
      "vic": {
        "price": 7,
        "promoText": " ",
        "packageSize": "275g",
        "packagePrice": "$2.55 per 100G"
      }
    }
  },
  {
    "id": "old-el-paso-bulk-kit-hard-soft",
    "brand": "Old El Paso",
    "name": "Hard 'N Soft Taco Kit Mild",
    "imageUrl": "https://shop.coles.com.au/wcsstore/Coles-CAS/images/3/1/9/3198640-th.jpg",
    "categories": ["entertaining-at-home"],
    "tags": ["party-fod-supplies", "mexican-party-fods"],
    "locations": {
      "vic": {
        "price": 9,
        "promoText": "Was $9.50 on Jul 2019 ",
        "packageSize": "560g",
        "packagePrice": "$1.61 per 100G"
      }
    }
  },
  {
    "id": "coles-mexican-sauce",
    "brand": "Coles",
    "name": "Mexican Sauce Mild",
    "imageUrl": "https://shop.coles.com.au/wcsstore/Coles-CAS/images/7/4/0/7400700-th.jpg",
    "categories": ["entertaining-at-home"],
    "tags": ["party-fod-supplies", "mexican-party-fods"],
    "locations": {
      "vic": {
        "price": 2.5,
        "promoText": " ",
        "packageSize": "240g",
        "packagePrice": "$1.04 per 100G"
      }
    }
  },
  {
    "id": "one-night-in-mexico-lim-and-jalapeno-chicken",
    "brand": "One Night In Mexico",
    "name": "Lime & Jalapeno Taco Kit Hot",
    "imageUrl": "https://shop.coles.com.au/wcsstore/Coles-CAS/images/3/3/5/3352060-th.jpg",
    "categories": ["entertaining-at-home"],
    "tags": ["party-fod-supplies", "mexican-party-fods"],
    "locations": {
      "vic": {
        "price": 7,
        "promoText": " ",
        "packageSize": "435g",
        "packagePrice": "$1.61 per 100G"
      }
    }
  },
  {
    "id": "one-night-in-mexico-smokey-chipotle-chicken",
    "brand": "One Night In Mexico",
    "name": "Smokey Chipotle Taco Kit Medium",
    "imageUrl": "https://shop.coles.com.au/wcsstore/Coles-CAS/images/3/3/5/3352059-th.jpg",
    "categories": ["entertaining-at-home"],
    "tags": ["party-fod-supplies", "mexican-party-fods"],
    "locations": {
      "vic": {
        "price": 7,
        "promoText": " ",
        "packageSize": "435g",
        "packagePrice": "$1.61 per 100G"
      }
    }
  },
  {
    "id": "one-night-in-mexico-spice-beef",
    "brand": "One Night In Mexico",
    "name": "Mexican Spice Taco Kit Mild",
    "imageUrl": "https://shop.coles.com.au/wcsstore/Coles-CAS/images/3/3/5/3351996-th.jpg",
    "categories": ["entertaining-at-home"],
    "tags": ["party-fod-supplies", "mexican-party-fods"],
    "locations": {
      "vic": {
        "price": 7,
        "promoText": " ",
        "packageSize": "520g",
        "packagePrice": "$1.35 per 100G"
      }
    }
  },
  {
    "id": "mccain-potato-fries-crunchy-beer-batter-steak-frozen",
    "brand": "McCain",
    "name": "Frozen Steak Cut Beer Batter Chips",
    "imageUrl": "https://shop.coles.com.au/wcsstore/Coles-CAS/images/5/0/7/5070637-th.jpg",
    "categories": ["entertaining-at-home"],
    "tags": ["party-fod-supplies", "finger-fod"],
    "locations": {
      "vic": {
        "price": 3,
        "promoText": "$1.00 ",
        "packageSize": "750g",
        "packagePrice": "$0.40 per 100G"
      }
    }
  },
  {
    "id": "mccain-potato-superfries-crinkle-cut-polyunsaturated-frozen",
    "brand": "McCain",
    "name": "Frozen Superfries Crinkle Cut Potato Chips",
    "imageUrl": "https://shop.coles.com.au/wcsstore/Coles-CAS/images/5/0/6/5066946-th.jpg",
    "categories": ["entertaining-at-home"],
    "tags": ["party-fod-supplies", "finger-fod"],
    "locations": {
      "vic": {
        "price": 3,
        "promoText": " ",
        "packageSize": "900g",
        "packagePrice": "$3.33 per 1Kg"
      }
    }
  },
  {
    "id": "mccain-superfries-potato-chips-shoestring-frozen",
    "brand": "McCain",
    "name": "Frozen Superfries Shoestring Potato Chips",
    "imageUrl": "https://shop.coles.com.au/wcsstore/Coles-CAS/images/4/7/6/476022-th.jpg",
    "categories": ["entertaining-at-home"],
    "tags": ["party-fod-supplies", "finger-fod"],
    "locations": {
      "vic": {
        "price": 3,
        "promoText": " ",
        "packageSize": "900g",
        "packagePrice": "$3.33 per 1Kg"
      }
    }
  },
  {
    "id": "steggles-chicken-tempura-dinosnacks",
    "brand": "Steggles",
    "name": "Frozen Tempura Chicken Breast Dino Snacks",
    "imageUrl": "https://shop.coles.com.au/wcsstore/Coles-CAS/images/5/4/1/5413937-th.jpg",
    "categories": ["entertaining-at-home"],
    "tags": ["party-fod-supplies", "finger-fod"],
    "locations": {
      "vic": {
        "price": 5,
        "promoText": " ",
        "packageSize": "400g",
        "packagePrice": "$12.50 per 1Kg"
      }
    }
  },
  {
    "id": "coles-potato-chips-crinkle-cut-frozen",
    "brand": "Coles",
    "name": "Frozen Crinkle Cut Potato Chips",
    "imageUrl": "https://shop.coles.com.au/wcsstore/Coles-CAS/images/3/4/4/344269-th.jpg",
    "categories": ["entertaining-at-home"],
    "tags": ["party-fod-supplies", "finger-fod"],
    "locations": {
      "vic": {
        "price": 1.9,
        "promoText": "Was $2.00 on Feb 2020 ",
        "packageSize": "1kg",
        "packagePrice": "$1.90 per 1Kg"
      }
    }
  },
  {
    "id": "coles-potato-royals-oven-fry-frozen",
    "brand": "Coles",
    "name": "Frozen Potato Royals",
    "imageUrl": "https://shop.coles.com.au/wcsstore/Coles-CAS/images/5/2/1/52128-th.jpg",
    "categories": ["entertaining-at-home"],
    "tags": ["party-fod-supplies", "finger-fod"],
    "locations": {
      "vic": {
        "price": 3,
        "promoText": " ",
        "packageSize": "1kg",
        "packagePrice": "$3.00 per 1Kg"
      }
    }
  },
  {
    "id": "coles-potato-chips-straight-cut-frozen",
    "brand": "Coles",
    "name": "Frozen Straight Cut Potato Chips",
    "imageUrl": "https://shop.coles.com.au/wcsstore/Coles-CAS/images/2/9/3/293485-th.jpg",
    "categories": ["entertaining-at-home"],
    "tags": ["party-fod-supplies", "finger-fod"],
    "locations": {
      "vic": {
        "price": 1.9,
        "promoText": "Was $2.00 on Feb 2020 ",
        "packageSize": "1kg",
        "packagePrice": "$1.90 per 1Kg"
      }
    }
  },
  {
    "id": "coles-hash-browns-frozen",
    "brand": "Coles",
    "name": "Frozen Hash Browns Potatoes",
    "imageUrl": "https://shop.coles.com.au/wcsstore/Coles-CAS/images/9/7/2/9728215-th.jpg",
    "categories": ["entertaining-at-home"],
    "tags": ["party-fod-supplies", "finger-fod"],
    "locations": {
      "vic": {
        "price": 3,
        "promoText": " ",
        "packageSize": "1kg",
        "packagePrice": "$3.00 per 1Kg"
      }
    }
  },
  {
    "id": "mccain-potato-fries-beer-battered-thin-crispy-frozen",
    "brand": "McCain",
    "name": "Frozen Shoestring Beer Batter Chips",
    "imageUrl": "https://shop.coles.com.au/wcsstore/Coles-CAS/images/5/8/4/5841023-th.jpg",
    "categories": ["entertaining-at-home"],
    "tags": ["party-fod-supplies", "finger-fod"],
    "locations": {
      "vic": {
        "price": 3,
        "promoText": "$1.00 ",
        "packageSize": "750g",
        "packagePrice": "$0.40 per 100G"
      }
    }
  },
  {
    "id": "coles-potato-chips-french-fries-frozen",
    "brand": "Coles",
    "name": "Frozen Potato French Fries",
    "imageUrl": "https://shop.coles.com.au/wcsstore/Coles-CAS/images/5/2/1/52139-th.jpg",
    "categories": ["entertaining-at-home"],
    "tags": ["party-fod-supplies", "finger-fod"],
    "locations": {
      "vic": {
        "price": 1.9,
        "promoText": "Was $2.00 on Feb 2020 ",
        "packageSize": "1kg",
        "packagePrice": "$1.90 per 1Kg"
      }
    }
  },
  {
    "id": "mccains-scalloped-potatoes",
    "brand": "McCain",
    "name": "Frozen Scalloped Potatoes",
    "imageUrl": "https://shop.coles.com.au/wcsstore/Coles-CAS/images/3/3/9/3398388-th.jpg",
    "categories": ["entertaining-at-home"],
    "tags": ["party-fod-supplies", "finger-fod"],
    "locations": {
      "vic": {
        "price": 2.5,
        "promoText": "$2.50 ",
        "packageSize": "600g",
        "packagePrice": "$0.42 per 100G"
      }
    }
  },
  {
    "id": "steggles-chicken-kiev-garlic",
    "brand": "Steggles",
    "name": "Frozen Garlic Chicken Kiev",
    "imageUrl": "https://shop.coles.com.au/wcsstore/Coles-CAS/images/1/2/4/1248136-th.jpg",
    "categories": ["entertaining-at-home"],
    "tags": ["party-fod-supplies", "finger-fod"],
    "locations": {
      "vic": {
        "price": 4,
        "promoText": "$4.00 ",
        "packageSize": "350g",
        "packagePrice": "$1.14 per 100G"
      }
    }
  },
  {
    "id": "mccain-hashbrown-shredded-potato",
    "brand": "McCain",
    "name": "Frozen Shredded Potato Hash Browns",
    "imageUrl": "https://shop.coles.com.au/wcsstore/Coles-CAS/images/8/2/1/8217844-th.jpg",
    "categories": ["entertaining-at-home"],
    "tags": ["party-fod-supplies", "finger-fod"],
    "locations": {
      "vic": {
        "price": 3,
        "promoText": " ",
        "packageSize": "750g",
        "packagePrice": "$4.00 per 1Kg"
      }
    }
  },
  {
    "id": "mccain-potato-wedges-crunchy-frozen",
    "brand": "McCain",
    "name": "Frozen Pub Style Potato Wedges",
    "imageUrl": "https://shop.coles.com.au/wcsstore/Coles-CAS/images/5/3/9/5394810-th.jpg",
    "categories": ["entertaining-at-home"],
    "tags": ["party-fod-supplies", "finger-fod"],
    "locations": {
      "vic": {
        "price": 4,
        "promoText": " ",
        "packageSize": "750g",
        "packagePrice": "$5.33 per 1Kg"
      }
    }
  },
  {
    "id": "mccain-potato-fries-crunchy-beer-batter-thick-chunky-frozen",
    "brand": "McCain",
    "name": "Frozen Chunky Beer Batter Chips",
    "imageUrl": "https://shop.coles.com.au/wcsstore/Coles-CAS/images/5/0/7/5070648-th.jpg",
    "categories": ["entertaining-at-home"],
    "tags": ["party-fod-supplies", "finger-fod"],
    "locations": {
      "vic": {
        "price": 3,
        "promoText": "$1.00 ",
        "packageSize": "750g",
        "packagePrice": "$0.40 per 100G"
      }
    }
  },
  {
    "id": "steggles-crumbed-breast-goujons",
    "brand": "Steggles",
    "name": "Frozen Chicken Breast Goujons",
    "imageUrl": "https://shop.coles.com.au/wcsstore/Coles-CAS/images/8/4/3/8434332-th.jpg",
    "categories": ["entertaining-at-home"],
    "tags": ["party-fod-supplies", "finger-fod"],
    "locations": {
      "vic": {
        "price": 8.75,
        "promoText": "$8.75 ",
        "packageSize": "1kg",
        "packagePrice": "$8.75 per 1Kg"
      }
    }
  },
  {
    "id": "steggles-tempura-breast-pops",
    "brand": "Steggles",
    "name": "Frozen Tempura Chicken Breast Pops",
    "imageUrl": "https://shop.coles.com.au/wcsstore/Coles-CAS/images/3/2/3/3236976-th.jpg",
    "categories": ["entertaining-at-home"],
    "tags": ["party-fod-supplies", "finger-fod"],
    "locations": {
      "vic": {
        "price": 8.75,
        "promoText": "$8.75 ",
        "packageSize": "1kg",
        "packagePrice": "$8.75 per 1Kg"
      }
    }
  },
  {
    "id": "mccains-delish-chips-rosemary-sea-salt",
    "brand": "McCain",
    "name": "Rosemary Sea Salt Delish Chips",
    "imageUrl": "https://shop.coles.com.au/wcsstore/Coles-CAS/images/3/3/9/3398617-th.jpg",
    "categories": ["entertaining-at-home"],
    "tags": ["party-fod-supplies", "finger-fod"],
    "locations": {
      "vic": {
        "price": 4,
        "promoText": " ",
        "packageSize": "600g",
        "packagePrice": "$6.67 per 1Kg"
      }
    }
  },
  {
    "id": "mccain-potato-wedges-beer-batter-frozen",
    "brand": "McCain",
    "name": "Frozen Crispy & Golden Beer Batter Wedges",
    "imageUrl": "https://shop.coles.com.au/wcsstore/Coles-CAS/images/5/0/6/5069387-th.jpg",
    "categories": ["entertaining-at-home"],
    "tags": ["party-fod-supplies", "finger-fod"],
    "locations": {
      "vic": {
        "price": 3,
        "promoText": "$1.00 ",
        "packageSize": "750g",
        "packagePrice": "$0.40 per 100G"
      }
    }
  },
  {
    "id": "mccain-superfries-potato-chips-straight-cut-frozen",
    "brand": "McCain",
    "name": "Frozen Superfries Straight Cut Potato Chips",
    "imageUrl": "https://shop.coles.com.au/wcsstore/Coles-CAS/images/9/1/7/91710-th.jpg",
    "categories": ["entertaining-at-home"],
    "tags": ["party-fod-supplies", "finger-fod"],
    "locations": {
      "vic": {
        "price": 3,
        "promoText": " ",
        "packageSize": "900g",
        "packagePrice": "$3.33 per 1Kg"
      }
    }
  },
  {
    "id": "mccain-sweet-potato-chips",
    "brand": "McCain",
    "name": "Frozen Sweet Potato Chips",
    "imageUrl": "https://shop.coles.com.au/wcsstore/Coles-CAS/images/2/1/3/2137800-th.jpg",
    "categories": ["entertaining-at-home"],
    "tags": ["party-fod-supplies", "finger-fod"],
    "locations": {
      "vic": {
        "price": 5.5,
        "promoText": "Was $5.80 on Mar 2019 ",
        "packageSize": "750g",
        "packagePrice": "$7.33 per 1Kg"
      }
    }
  },
  {
    "id": "steggles-chicken-breast-crumbed-tenders",
    "brand": "Steggles",
    "name": "Frozen Crumbed Chicken Breast Tenders",
    "imageUrl": "https://shop.coles.com.au/wcsstore/Coles-CAS/images/8/4/3/8434627-th.jpg",
    "categories": ["entertaining-at-home"],
    "tags": ["party-fod-supplies", "finger-fod"],
    "locations": {
      "vic": {
        "price": 9,
        "promoText": " ",
        "packageSize": "400g",
        "packagePrice": "$22.50 per 1Kg"
      }
    }
  },
  {
    "id": "steggles-chicken-breast-fingers-frozen",
    "brand": "Steggles",
    "name": "Frozen Crumbed Chicken Breast Fingers",
    "imageUrl": "https://shop.coles.com.au/wcsstore/Coles-CAS/images/6/6/3/6632528-th.jpg",
    "categories": ["entertaining-at-home"],
    "tags": ["party-fod-supplies", "finger-fod"],
    "locations": {
      "vic": {
        "price": 7,
        "promoText": " ",
        "packageSize": "400g",
        "packagePrice": "$17.50 per 1Kg"
      }
    }
  },
  {
    "id": "coles-nuggets-chicken-breast-frozen",
    "brand": "Coles",
    "name": "Frozen Chicken Breast Nuggets",
    "imageUrl": "https://shop.coles.com.au/wcsstore/Coles-CAS/images/6/3/2/6324821-th.jpg",
    "categories": ["entertaining-at-home"],
    "tags": ["party-fod-supplies", "finger-fod"],
    "locations": {
      "vic": {
        "price": 3.6,
        "promoText": " ",
        "packageSize": "400g",
        "packagePrice": "$0.90 per 100G"
      }
    }
  },
  {
    "id": "coles-sweet-chilli-tender",
    "brand": "Coles",
    "name": "Frozen  Sweet Chilli Chicken Breast Tenders",
    "imageUrl": "https://shop.coles.com.au/wcsstore/Coles-CAS/images/3/1/8/3187509-th.jpg",
    "categories": ["entertaining-at-home"],
    "tags": ["party-fod-supplies", "finger-fod"],
    "locations": {
      "vic": {
        "price": 3.5,
        "promoText": "Was $3.80 on Mar 2020 ",
        "packageSize": "400g",
        "packagePrice": "$8.75 per 1Kg"
      }
    }
  },
  {
    "id": "mccain-potato-bites",
    "brand": "McCain",
    "name": "Frozen Potato Bites Crispy Nuggets",
    "imageUrl": "https://shop.coles.com.au/wcsstore/Coles-CAS/images/3/3/1/3310605-th.jpg",
    "categories": ["entertaining-at-home"],
    "tags": ["party-fod-supplies", "finger-fod"],
    "locations": {
      "vic": {
        "price": 4,
        "promoText": " ",
        "packageSize": "900g",
        "packagePrice": "$0.44 per 100G"
      }
    }
  },
  {
    "id": "steggles-chicken-breast-tenders",
    "brand": "Steggles",
    "name": "Frozen Classic Crumb Chicken Breast Tenders",
    "imageUrl": "https://shop.coles.com.au/wcsstore/Coles-CAS/images/3/2/3/3230710-th.jpg",
    "categories": ["entertaining-at-home"],
    "tags": ["party-fod-supplies", "finger-fod"],
    "locations": {
      "vic": {
        "price": 8.75,
        "promoText": "$2.25 ",
        "packageSize": "1kg",
        "packagePrice": "$8.75 per 1Kg"
      }
    }
  },
  {
    "id": "steggles-tempura-chicken-nuggets",
    "brand": "Steggles",
    "name": "Frozen Tempura Chicken Breast Nuggets",
    "imageUrl": "https://shop.coles.com.au/wcsstore/Coles-CAS/images/3/0/8/3088493-th.jpg",
    "categories": ["entertaining-at-home"],
    "tags": ["party-fod-supplies", "finger-fod"],
    "locations": {
      "vic": {
        "price": 5,
        "promoText": " ",
        "packageSize": "400g",
        "packagePrice": "$12.50 per 1Kg"
      }
    }
  },
  {
    "id": "coles-smart-buy-chicken-nuggets-frozen",
    "brand": "Coles",
    "name": "Frozen Chicken Nuggets",
    "imageUrl": "https://shop.coles.com.au/wcsstore/Coles-CAS/images/5/6/1/5613685-th.jpg",
    "categories": ["entertaining-at-home"],
    "tags": ["party-fod-supplies", "finger-fod"],
    "locations": {
      "vic": {
        "price": 2.9,
        "promoText": " ",
        "packageSize": "500g",
        "packagePrice": "$5.80 per 1Kg"
      }
    }
  },
  {
    "id": "coles-beer-batter-frozen-steakhouse-chips",
    "brand": "Coles",
    "name": "Frozen Beer Batter Steakhouse Potato Chips",
    "imageUrl": "https://shop.coles.com.au/wcsstore/Coles-CAS/images/2/2/7/2271348-th.jpg",
    "categories": ["entertaining-at-home"],
    "tags": ["party-fod-supplies", "finger-fod"],
    "locations": {
      "vic": {
        "price": 2.7,
        "promoText": " ",
        "packageSize": "750g",
        "packagePrice": "$3.60 per 1Kg"
      }
    }
  },
  {
    "id": "steggles-chicken-strips-crunchy-southern-style-frozen",
    "brand": "Steggles",
    "name": "Frozen Southern Style Chicken Strips",
    "imageUrl": "https://shop.coles.com.au/wcsstore/Coles-CAS/images/6/6/2/6624993-th.jpg",
    "categories": ["entertaining-at-home"],
    "tags": ["party-fod-supplies", "finger-fod"],
    "locations": {
      "vic": {
        "price": 8.5,
        "promoText": " ",
        "packageSize": "400g",
        "packagePrice": "$21.25 per 1Kg"
      }
    }
  },
  {
    "id": "steggles-crumbed-chicken-nugget",
    "brand": "Steggles",
    "name": "Frozen Crumbed Chicken Nuggets",
    "imageUrl": "https://shop.coles.com.au/wcsstore/Coles-CAS/images/3/0/8/3081825-th.jpg",
    "categories": ["entertaining-at-home"],
    "tags": ["party-fod-supplies", "finger-fod"],
    "locations": {
      "vic": {
        "price": 12,
        "promoText": " ",
        "packageSize": "1kg",
        "packagePrice": "$12.00 per 1Kg"
      }
    }
  },
  {
    "id": "steggles-premium-chicken-nuggets",
    "brand": "Steggles",
    "name": "Frozen Crumbed Chicken Breast Nuggets",
    "imageUrl": "https://shop.coles.com.au/wcsstore/Coles-CAS/images/3/0/8/3088450-th.jpg",
    "categories": ["entertaining-at-home"],
    "tags": ["party-fod-supplies", "finger-fod"],
    "locations": {
      "vic": {
        "price": 5,
        "promoText": " ",
        "packageSize": "400g",
        "packagePrice": "$12.50 per 1Kg"
      }
    }
  },
  {
    "id": "steggles-chicken-kiev-creamy-garlic-filled",
    "brand": "Steggles",
    "name": "Frozen Creamy Garlic Chicken Kiev",
    "imageUrl": "https://shop.coles.com.au/wcsstore/Coles-CAS/images/3/2/3/3230787-th.jpg",
    "categories": ["entertaining-at-home"],
    "tags": ["party-fod-supplies", "finger-fod"],
    "locations": {
      "vic": {
        "price": 6,
        "promoText": "$6.00 ",
        "packageSize": "600g",
        "packagePrice": "$10.00 per 1Kg"
      }
    }
  },
  {
    "id": "mccain-potato-fries-crunchy-frozen",
    "brand": "McCain",
    "name": "Frozen Pub Style Fries",
    "imageUrl": "https://shop.coles.com.au/wcsstore/Coles-CAS/images/5/7/6/5766020-th.jpg",
    "categories": ["entertaining-at-home"],
    "tags": ["party-fod-supplies", "finger-fod"],
    "locations": {
      "vic": {
        "price": 4,
        "promoText": " ",
        "packageSize": "750g",
        "packagePrice": "$0.53 per 100G"
      }
    }
  },
  {
    "id": "steggles-chicken-kiev-garlic-mini-frozen",
    "brand": "Steggles",
    "name": "Frozen Garlic Mini Chicken Kiev Balls",
    "imageUrl": "https://shop.coles.com.au/wcsstore/Coles-CAS/images/1/2/4/1248158-th.jpg",
    "categories": ["entertaining-at-home"],
    "tags": ["party-fod-supplies", "finger-fod"],
    "locations": {
      "vic": {
        "price": 3.75,
        "promoText": "$3.75 ",
        "packageSize": "400g",
        "packagePrice": "$9.38 per 1Kg"
      }
    }
  },
  {
    "id": "steggles-sweet-chilli-tenders",
    "brand": "Steggles",
    "name": "Frozen Sweet Chilli Chicken Tenders",
    "imageUrl": "https://shop.coles.com.au/wcsstore/Coles-CAS/images/3/0/8/3088438-th.jpg",
    "categories": ["entertaining-at-home"],
    "tags": ["party-fod-supplies", "finger-fod"],
    "locations": {
      "vic": {
        "price": 9,
        "promoText": "$2.00 ",
        "packageSize": "1kg",
        "packagePrice": "$9.00 per 1Kg"
      }
    }
  },
  {
    "id": "coles-tenders-chicken-breast-frozen",
    "brand": "Coles",
    "name": "Frozen Chicken Breast Tenders",
    "imageUrl": "https://shop.coles.com.au/wcsstore/Coles-CAS/images/5/4/2/5428275-th.jpg",
    "categories": ["entertaining-at-home"],
    "tags": ["party-fod-supplies", "finger-fod"],
    "locations": {
      "vic": {
        "price": 3.5,
        "promoText": "Was $3.80 on Mar 2020 ",
        "packageSize": "400g",
        "packagePrice": "$0.88 per 100G"
      }
    }
  },
  {
    "id": "lilydale-chicken-tenders-lemon-pepper",
    "brand": "Lilydale",
    "name": "Frozen Free Range Lemon & Pepper Baked Chicken Tenders",
    "imageUrl": "https://shop.coles.com.au/wcsstore/Coles-CAS/images/3/0/8/3081734-th.jpg",
    "categories": ["entertaining-at-home"],
    "tags": ["party-fod-supplies", "finger-fod"],
    "locations": {
      "vic": {
        "price": 7.6,
        "promoText": "$1.90 ",
        "packageSize": "350g",
        "packagePrice": "$21.71 per 1Kg"
      }
    }
  },
  {
    "id": "mccains-delish-roasts-rosemary-garlic",
    "brand": "McCain",
    "name": "Rosemary Garlic Delish Roasts",
    "imageUrl": "https://shop.coles.com.au/wcsstore/Coles-CAS/images/3/3/9/3398639-th.jpg",
    "categories": ["entertaining-at-home"],
    "tags": ["party-fod-supplies", "finger-fod"],
    "locations": {
      "vic": {
        "price": 4,
        "promoText": " ",
        "packageSize": "600g",
        "packagePrice": "$6.67 per 1Kg"
      }
    }
  },
  {
    "id": "mccains-pommes",
    "brand": "McCain",
    "name": "Frozen Pommes Light & Crispy Potato Balls",
    "imageUrl": "https://shop.coles.com.au/wcsstore/Coles-CAS/images/3/4/1/3412490-th.jpg",
    "categories": ["entertaining-at-home"],
    "tags": ["party-fod-supplies", "finger-fod"],
    "locations": {
      "vic": {
        "price": 4,
        "promoText": " ",
        "packageSize": "500g",
        "packagePrice": "$0.80 per 100G"
      }
    }
  },
  {
    "id": "steggles-chicken-tempura-crackles--frozen",
    "brand": "Steggles",
    "name": "Frozen Chicken Breast Tempura Crackles",
    "imageUrl": "https://shop.coles.com.au/wcsstore/Coles-CAS/images/5/4/0/5405881-th.jpg",
    "categories": ["entertaining-at-home"],
    "tags": ["party-fod-supplies", "finger-fod"],
    "locations": {
      "vic": {
        "price": 8.5,
        "promoText": " ",
        "packageSize": "400g",
        "packagePrice": "$21.25 per 1Kg"
      }
    }
  },
  {
    "id": "mccain-sweet-potato-rosemary-garlic",
    "brand": "McCain",
    "name": "Rosemary & Garlic Sweet Potato",
    "imageUrl": "https://shop.coles.com.au/wcsstore/Coles-CAS/images/3/4/1/3417926-th.jpg",
    "categories": ["entertaining-at-home"],
    "tags": ["party-fod-supplies", "finger-fod"],
    "locations": {
      "vic": {
        "price": 5.5,
        "promoText": " ",
        "packageSize": "750g",
        "packagePrice": "$7.33 per 1Kg"
      }
    }
  },
  {
    "id": "mccains-bubble-and-squeak",
    "brand": "McCain",
    "name": "Frozen Bubble and Squeak Potato Pattie with Veggies",
    "imageUrl": "https://shop.coles.com.au/wcsstore/Coles-CAS/images/3/4/1/3412514-th.jpg",
    "categories": ["entertaining-at-home"],
    "tags": ["party-fod-supplies", "finger-fod"],
    "locations": {
      "vic": {
        "price": 3,
        "promoText": "Was $3.50 on Jun 2019 ",
        "packageSize": "620g",
        "packagePrice": "$0.48 per 100G"
      }
    }
  },
  {
    "id": "steggles-hot-spicy-chicken-tenders",
    "brand": "Steggles",
    "name": "Frozen Hot & Spicy Chicken Breast Tenders",
    "imageUrl": "https://shop.coles.com.au/wcsstore/Coles-CAS/images/2/7/1/2719974-th.jpg",
    "categories": ["entertaining-at-home"],
    "tags": ["party-fod-supplies", "finger-fod"],
    "locations": {
      "vic": {
        "price": 9,
        "promoText": " ",
        "packageSize": "400g",
        "packagePrice": "$22.50 per 1Kg"
      }
    }
  },
  {
    "id": "steggles-chicken-tenders-sweet-chilli",
    "brand": "Steggles",
    "name": "Frozen Sweet Chilli Chicken Breast Tenders",
    "imageUrl": "https://shop.coles.com.au/wcsstore/Coles-CAS/images/2/7/1/2719952-th.jpg",
    "categories": ["entertaining-at-home"],
    "tags": ["party-fod-supplies", "finger-fod"],
    "locations": {
      "vic": {
        "price": 9,
        "promoText": " ",
        "packageSize": "400g",
        "packagePrice": "$22.50 per 1Kg"
      }
    }
  },
  {
    "id": "steggles-chicken-tenders-southern-style",
    "brand": "Steggles",
    "name": "Frozen Southern Style Chicken Breast Tenders",
    "imageUrl": "https://shop.coles.com.au/wcsstore/Coles-CAS/images/2/7/1/2719963-th.jpg",
    "categories": ["entertaining-at-home"],
    "tags": ["party-fod-supplies", "finger-fod"],
    "locations": {
      "vic": {
        "price": 9,
        "promoText": " ",
        "packageSize": "400g",
        "packagePrice": "$22.50 per 1Kg"
      }
    }
  },
  {
    "id": "steggles-honey-soy-tenders",
    "brand": "Steggles",
    "name": "Frozen Honey Soy Frozen Chicken Breast Tenders",
    "imageUrl": "https://shop.coles.com.au/wcsstore/Coles-CAS/images/3/2/3/3230754-th.jpg",
    "categories": ["entertaining-at-home"],
    "tags": ["party-fod-supplies", "finger-fod"],
    "locations": {
      "vic": {
        "price": 9,
        "promoText": " ",
        "packageSize": "400g",
        "packagePrice": "$22.50 per 1Kg"
      }
    }
  },
  {
    "id": "coles-southern-style-chicken-pops",
    "brand": "Coles",
    "name": "Southern Style Chicken Pops",
    "imageUrl": "https://shop.coles.com.au/wcsstore/Coles-CAS/images/3/1/8/3187553-th.jpg",
    "categories": ["entertaining-at-home"],
    "tags": ["party-fod-supplies", "finger-fod"],
    "locations": {
      "vic": {
        "price": 6,
        "promoText": " ",
        "packageSize": "400g",
        "packagePrice": "$15.00 per 1Kg"
      }
    }
  },
  {
    "id": "coles-tempura-chicken-nuggets",
    "brand": "Coles",
    "name": "Frozen Tempura Chicken Breast Nuggets",
    "imageUrl": "https://shop.coles.com.au/wcsstore/Coles-CAS/images/3/1/8/3182629-th.jpg",
    "categories": ["entertaining-at-home"],
    "tags": ["party-fod-supplies", "finger-fod"],
    "locations": {
      "vic": {
        "price": 3.6,
        "promoText": " ",
        "packageSize": "400g",
        "packagePrice": "$0.90 per 100G"
      }
    }
  },
  {
    "id": "coles-corn-cheese-chicken-nuggets",
    "brand": "Coles",
    "name": "Frozen Corn & Cheese Chicken Nuggets",
    "imageUrl": "https://shop.coles.com.au/wcsstore/Coles-CAS/images/3/1/8/3186200-th.jpg",
    "categories": ["entertaining-at-home"],
    "tags": ["party-fod-supplies", "finger-fod"],
    "locations": {
      "vic": {
        "price": 6.15,
        "promoText": " ",
        "packageSize": "400g",
        "packagePrice": "$15.38 per 1Kg"
      }
    }
  },
  {
    "id": "mccain-sweet-potato-cross-trax",
    "brand": "McCain",
    "name": "Frozen Sweet Potato Cross Trax",
    "imageUrl": "https://shop.coles.com.au/wcsstore/Coles-CAS/images/3/3/1/3310580-th.jpg",
    "categories": ["entertaining-at-home"],
    "tags": ["party-fod-supplies", "finger-fod"],
    "locations": {
      "vic": {
        "price": 5,
        "promoText": " ",
        "packageSize": "500g",
        "packagePrice": "$1.00 per 100G"
      }
    }
  },
  {
    "id": "mccains-delish-chips-parmesan-garlic-basil",
    "brand": "McCain",
    "name": "Basil Garlic & Parmesan Delish Chips",
    "imageUrl": "https://shop.coles.com.au/wcsstore/Coles-CAS/images/3/3/9/3398606-th.jpg",
    "categories": ["entertaining-at-home"],
    "tags": ["party-fod-supplies", "finger-fod"],
    "locations": {
      "vic": {
        "price": 4,
        "promoText": " ",
        "packageSize": "600g",
        "packagePrice": "$6.67 per 1Kg"
      }
    }
  },
  {
    "id": "steggles-flaming-wing-nibbles",
    "brand": "Steggles",
    "name": "Frozen Flaming Chicken Wing Nibbles",
    "imageUrl": "https://shop.coles.com.au/wcsstore/Coles-CAS/images/1/8/7/1873108-th.jpg",
    "categories": ["entertaining-at-home"],
    "tags": ["party-fod-supplies", "finger-fod"],
    "locations": {
      "vic": {
        "price": 17.5,
        "promoText": " ",
        "packageSize": "1kg",
        "packagePrice": "$17.50 per 1Kg"
      }
    }
  },
  {
    "id": "steggles-chicken-veg-nugget",
    "brand": "Steggles",
    "name": "Frozen Veggie Chicken Breast Nuggets",
    "imageUrl": "https://shop.coles.com.au/wcsstore/Coles-CAS/images/3/2/3/3230696-th.jpg",
    "categories": ["entertaining-at-home"],
    "tags": ["party-fod-supplies", "finger-fod"],
    "locations": {
      "vic": {
        "price": 5.5,
        "promoText": " ",
        "packageSize": "400g",
        "packagePrice": "$13.75 per 1Kg"
      }
    }
  },
  {
    "id": "steggles-boneless-bucket",
    "brand": "Steggles",
    "name": "Frozen Chicken Party Bucket",
    "imageUrl": "https://shop.coles.com.au/wcsstore/Coles-CAS/images/3/2/3/3230743-th.jpg",
    "categories": ["entertaining-at-home"],
    "tags": ["party-fod-supplies", "finger-fod"],
    "locations": {
      "vic": {
        "price": 17.5,
        "promoText": " ",
        "packageSize": "600g",
        "packagePrice": "$29.17 per 1Kg"
      }
    }
  },
  {
    "id": "south-cape-cheese-platter-white-wine-matched",
    "brand": "South Cape",
    "name": "White Wine Matched Cheese Platter",
    "imageUrl": "https://shop.coles.com.au/wcsstore/Coles-CAS/images/9/1/7/9172264-th.jpg",
    "categories": [
      "entertaining-at-home",
      "meat-seafood-deli",
      "dairy-eggs-meals"
    ],
    "tags": ["deli-platters", "meat-fre-4405668"],
    "locations": {
      "vic": {
        "price": 13,
        "promoText": " ",
        "packageSize": "320g",
        "packagePrice": "$40.63 per 1Kg"
      }
    }
  },
  {
    "id": "chrystal-fresh-trio-of-cheese-selections",
    "brand": "Chrystal Fresh",
    "name": "Trio Of Cheese Selection",
    "imageUrl": "https://shop.coles.com.au/wcsstore/Coles-CAS/images/1/8/5/1859570-th.jpg",
    "categories": [
      "entertaining-at-home",
      "meat-seafood-deli",
      "dairy-eggs-meals"
    ],
    "tags": ["deli-platters", "meat-fre-4405668"],
    "locations": {
      "vic": {
        "price": 11.5,
        "promoText": " ",
        "packageSize": "335g",
        "packagePrice": "$34.33 per 1Kg"
      }
    }
  },
  {
    "id": "schweppes-mixer-soda-water-300ml-bottles",
    "brand": "Schweppes",
    "name": "Mixers Soda Water Multipack Bottles 300mL",
    "imageUrl": "https://shop.coles.com.au/wcsstore/Coles-CAS/images/7/3/5/7351965-th.jpg",
    "categories": ["entertaining-at-home"],
    "tags": ["drinks-mixers", "drink-mixers"],
    "locations": {
      "vic": {
        "price": 5.25,
        "promoText": "Any 2 $7",
        "packageSize": "4 pack",
        "packagePrice": "$4.38 per 1L"
      }
    }
  },
  {
    "id": "schweppes-mixer-tonic-water-300ml-bottles",
    "brand": "Schweppes",
    "name": "Mixers Tonic Water Multipack Bottles 300mL",
    "imageUrl": "https://shop.coles.com.au/wcsstore/Coles-CAS/images/7/3/5/7351976-th.jpg",
    "categories": ["entertaining-at-home"],
    "tags": ["drinks-mixers", "drink-mixers"],
    "locations": {
      "vic": {
        "price": 5.25,
        "promoText": "Any 2 $7",
        "packageSize": "4 pack",
        "packagePrice": "$4.38 per 1L"
      }
    }
  },
  {
    "id": "schweppes-mixer-dry-ginger-300ml-bottles",
    "brand": "Schweppes",
    "name": "Dry Ginger Ale Classic Mixers Multipack Bottles 300mL",
    "imageUrl": "https://shop.coles.com.au/wcsstore/Coles-CAS/images/7/3/6/7364650-th.jpg",
    "categories": ["entertaining-at-home"],
    "tags": ["drinks-mixers", "drink-mixers"],
    "locations": {
      "vic": {
        "price": 5.25,
        "promoText": "Any 2 $7",
        "packageSize": "4 pack",
        "packagePrice": "$4.38 per 1L"
      }
    }
  },
  {
    "id": "cascade-mini-mixers-lemon-lime-bitters-200ml",
    "brand": "Cascade",
    "name": "Mini Mixers Lemon, Lime & Bitters Multipack Cans 200mL",
    "imageUrl": "https://shop.coles.com.au/wcsstore/Coles-CAS/images/2/7/7/2778270-th.jpg",
    "categories": ["entertaining-at-home"],
    "tags": ["drinks-mixers", "drink-mixers"],
    "locations": {
      "vic": {
        "price": 4,
        "promoText": "Any 2 $5",
        "packageSize": "4 pack",
        "packagePrice": "$5.00 per 1L"
      }
    }
  },
  {
    "id": "cascade-mini-mixers-lemon-soda-lime-200ml",
    "brand": "Cascade",
    "name": "Soda Water & Lime Multipack Mini Cans 200mL",
    "imageUrl": "https://shop.coles.com.au/wcsstore/Coles-CAS/images/2/7/7/2778281-th.jpg",
    "categories": ["entertaining-at-home"],
    "tags": ["drinks-mixers", "drink-mixers"],
    "locations": {
      "vic": {
        "price": 4,
        "promoText": "Any 2 $5",
        "packageSize": "4 Pack",
        "packagePrice": "$5.00 per 1L"
      }
    }
  },
  {
    "id": "cascade-mini-mixers-ginger-beer-200ml",
    "brand": "Cascade",
    "name": "Mini Mixers Ginger Beer Can 200mL",
    "imageUrl": "https://shop.coles.com.au/wcsstore/Coles-CAS/images/2/7/9/2794109-th.jpg",
    "categories": ["entertaining-at-home"],
    "tags": ["drinks-mixers", "drink-mixers"],
    "locations": {
      "vic": {
        "price": 4,
        "promoText": "Any 2 $5",
        "packageSize": "4 Pack",
        "packagePrice": "$5.00 per 1L"
      }
    }
  },
  {
    "id": "coles-mixer-soda-water-8836879p",
    "brand": "Coles",
    "name": "Soda Water",
    "imageUrl": "https://shop.coles.com.au/wcsstore/Coles-CAS/images/8/8/3/8836879-th.jpg",
    "categories": ["entertaining-at-home"],
    "tags": ["drinks-mixers", "drink-mixers"],
    "locations": {
      "vic": {
        "price": 0.75,
        "promoText": " ",
        "packageSize": "1.25L",
        "packagePrice": "$0.60 per 1L"
      }
    }
  },
  {
    "id": "coles-mixer-tonic-water-diet",
    "brand": "Coles",
    "name": "Diet Tonic Water",
    "imageUrl": "https://shop.coles.com.au/wcsstore/Coles-CAS/images/5/1/8/5180497-th.jpg",
    "categories": ["entertaining-at-home"],
    "tags": ["drinks-mixers", "drink-mixers"],
    "locations": {
      "vic": {
        "price": 0.75,
        "promoText": " ",
        "packageSize": "1.25L",
        "packagePrice": "$0.60 per 1L"
      }
    }
  },
  {
    "id": "schweppes-tonic-water-mixers",
    "brand": "Schweppes",
    "name": "Tonic Water Mixers",
    "imageUrl": "https://shop.coles.com.au/wcsstore/Coles-CAS/images/3/0/1/3014806-th.jpg",
    "categories": ["entertaining-at-home"],
    "tags": ["drinks-mixers", "drink-mixers"],
    "locations": {
      "vic": {
        "price": 2,
        "promoText": " ",
        "packageSize": "1.1L",
        "packagePrice": "$1.82 per 1L"
      }
    }
  },
  {
    "id": "schweppes-soda-water-3014770p",
    "brand": "Schweppes",
    "name": "Soda Water",
    "imageUrl": "https://shop.coles.com.au/wcsstore/Coles-CAS/images/3/0/1/3014770-th.jpg",
    "categories": ["entertaining-at-home"],
    "tags": ["drinks-mixers", "drink-mixers"],
    "locations": {
      "vic": {
        "price": 2,
        "promoText": " ",
        "packageSize": "1.1L",
        "packagePrice": "$1.82 per 1L"
      }
    }
  },
  {
    "id": "schweppes-mixer-tonic-water-diet-300ml-bottles",
    "brand": "Schweppes",
    "name": "Diet Tonic Water Mixers Multipack Bottles 300mL",
    "imageUrl": "https://shop.coles.com.au/wcsstore/Coles-CAS/images/7/3/6/7364661-th.jpg",
    "categories": ["entertaining-at-home"],
    "tags": ["drinks-mixers", "drink-mixers"],
    "locations": {
      "vic": {
        "price": 5.25,
        "promoText": "Any 2 $7",
        "packageSize": "4 pack",
        "packagePrice": "$4.38 per 1L"
      }
    }
  },
  {
    "id": "fever-tree-naturally-light-tonic-water",
    "brand": "Fever Tree",
    "name": "Mediterranean Tonic Water Multipack Bottles",
    "imageUrl": "https://shop.coles.com.au/wcsstore/Coles-CAS/images/3/0/4/3048794-th.jpg",
    "categories": ["entertaining-at-home"],
    "tags": ["drinks-mixers", "drink-mixers"],
    "locations": {
      "vic": {
        "price": 7,
        "promoText": " ",
        "packageSize": "4 pack",
        "packagePrice": "$8.75 per 1L"
      }
    }
  },
  {
    "id": "coles-mixer-tonic-water",
    "brand": "Coles",
    "name": "Tonic Water",
    "imageUrl": "https://shop.coles.com.au/wcsstore/Coles-CAS/images/5/1/8/5180362-th.jpg",
    "categories": ["entertaining-at-home"],
    "tags": ["drinks-mixers", "drink-mixers"],
    "locations": {
      "vic": {
        "price": 0.75,
        "promoText": " ",
        "packageSize": "1.25L",
        "packagePrice": "$0.60 per 1L"
      }
    }
  },
  {
    "id": "schweppes-tonic-water-diet-mixers",
    "brand": "Schweppes",
    "name": "Diet Tonic Water Classic Mixers",
    "imageUrl": "https://shop.coles.com.au/wcsstore/Coles-CAS/images/3/0/1/3014828-th.jpg",
    "categories": ["entertaining-at-home"],
    "tags": ["drinks-mixers", "drink-mixers"],
    "locations": {
      "vic": {
        "price": 2,
        "promoText": " ",
        "packageSize": "1.1L",
        "packagePrice": "$1.82 per 1L"
      }
    }
  },
  {
    "id": "fever-tree-mediterranean-tonic-water",
    "brand": "Fever Tree",
    "name": "Naturally Light Tonic Water 200mL",
    "imageUrl": "https://shop.coles.com.au/wcsstore/Coles-CAS/images/3/0/4/3048783-th.jpg",
    "categories": ["entertaining-at-home"],
    "tags": ["drinks-mixers", "drink-mixers"],
    "locations": {
      "vic": {
        "price": 7,
        "promoText": " ",
        "packageSize": "4 pack",
        "packagePrice": "$8.75 per 1L"
      }
    }
  },
  {
    "id": "fever-tree-premium-indian-tonic-water",
    "brand": "Fever Tree",
    "name": "Premium Indian Tonic Water Multipack Bottles 200mL",
    "imageUrl": "https://shop.coles.com.au/wcsstore/Coles-CAS/images/3/0/4/3048772-th.jpg",
    "categories": ["entertaining-at-home"],
    "tags": ["drinks-mixers", "drink-mixers"],
    "locations": {
      "vic": {
        "price": 7,
        "promoText": " ",
        "packageSize": "4 pack",
        "packagePrice": "$8.75 per 1L"
      }
    }
  },
  {
    "id": "schweppes-soda-water-6980794p",
    "brand": "Schweppes",
    "name": "Classic Mixers Soda Water",
    "imageUrl": "https://shop.coles.com.au/wcsstore/Coles-CAS/images/6/9/8/6980794-th.jpg",
    "categories": ["entertaining-at-home"],
    "tags": ["drinks-mixers", "drink-mixers"],
    "locations": {
      "vic": {
        "price": 2,
        "promoText": "Was $2.64 on Sep 2019 ",
        "packageSize": "2L",
        "packagePrice": "$1.00 per 1L"
      }
    }
  },
  {
    "id": "cascade-mini-mixers-dry-ginger-ale-200ml",
    "brand": "Cascade",
    "name": "Dry Ginger Ale Multipack Mini Cans 200mL",
    "imageUrl": "https://shop.coles.com.au/wcsstore/Coles-CAS/images/2/7/7/2778259-th.jpg",
    "categories": ["entertaining-at-home"],
    "tags": ["drinks-mixers", "drink-mixers"],
    "locations": {
      "vic": {
        "price": 4,
        "promoText": "Any 2 $5",
        "packageSize": "4 Pack",
        "packagePrice": "$5.00 per 1L"
      }
    }
  },
  {
    "id": "schweppes-mixer-bitter-lemon-300ml",
    "brand": "Schweppes",
    "name": "Bitter Lemon Flavour Mixer Bottles 300mL",
    "imageUrl": "https://shop.coles.com.au/wcsstore/Coles-CAS/images/7/3/5/7351885-th.jpg",
    "categories": ["entertaining-at-home"],
    "tags": ["drinks-mixers", "drink-mixers"],
    "locations": {
      "vic": {
        "price": 5.25,
        "promoText": "Any 2 $7",
        "packageSize": "4 pack",
        "packagePrice": "$4.38 per 1L"
      }
    }
  },
  {
    "id": "bundaberg-brewed-diet-ginger-beer-375ml-bottles",
    "brand": "Bundaberg",
    "name": "Diet Ginger Beer Multipack Bottles 375mL",
    "imageUrl": "https://shop.coles.com.au/wcsstore/Coles-CAS/images/2/4/8/2481307-th.jpg",
    "categories": ["entertaining-at-home"],
    "tags": ["drinks-mixers", "drink-mixers"],
    "locations": {
      "vic": {
        "price": 4.5,
        "promoText": "$1.20 ",
        "packageSize": "4 pack",
        "packagePrice": "$3.00 per 1L"
      }
    }
  },
  {
    "id": "coles-mixer-dry-ginger-ale-diet",
    "brand": "Coles",
    "name": "Diet Dry Ginger Ale Sparkling Mixer",
    "imageUrl": "https://shop.coles.com.au/wcsstore/Coles-CAS/images/5/1/8/5180486-th.jpg",
    "categories": ["entertaining-at-home"],
    "tags": ["drinks-mixers", "drink-mixers"],
    "locations": {
      "vic": {
        "price": 0.75,
        "promoText": " ",
        "packageSize": "1.25L",
        "packagePrice": "$0.60 per 1L"
      }
    }
  },
  {
    "id": "schweppes-mixer-diet-dry-ginger-300ml-bottles",
    "brand": "Schweppes",
    "name": "Diet Dry Ginger Ale Classic Mixers Multipack Bottles 300mL",
    "imageUrl": "https://shop.coles.com.au/wcsstore/Coles-CAS/images/7/3/6/7364672-th.jpg",
    "categories": ["entertaining-at-home"],
    "tags": ["drinks-mixers", "drink-mixers"],
    "locations": {
      "vic": {
        "price": 5.25,
        "promoText": "Any 2 $7",
        "packageSize": "4 pack",
        "packagePrice": "$4.38 per 1L"
      }
    }
  },
  {
    "id": "schweppes-agrum-sugar-free-mixers",
    "brand": "Schweppes",
    "name": "Agrum Flavoured Sugar Free Mixers",
    "imageUrl": "https://shop.coles.com.au/wcsstore/Coles-CAS/images/3/0/1/3014781-th.jpg",
    "categories": ["entertaining-at-home"],
    "tags": ["drinks-mixers", "drink-mixers"],
    "locations": {
      "vic": {
        "price": 2,
        "promoText": " ",
        "packageSize": "1.1L",
        "packagePrice": "$1.82 per 1L"
      }
    }
  },
  {
    "id": "bundaberg-brewed-4x375ml-drink-tropical-mango",
    "brand": "Bundaberg",
    "name": "Tropical Mango Flavour Sparkling Drink Multipack Bottles  375mL",
    "imageUrl": "https://shop.coles.com.au/wcsstore/Coles-CAS/images/3/0/3/3038994-th.jpg",
    "categories": ["entertaining-at-home"],
    "tags": ["drinks-mixers", "drink-mixers"],
    "locations": {
      "vic": {
        "price": 4.5,
        "promoText": "$1.20 ",
        "packageSize": "4 pack",
        "packagePrice": "$3.00 per 1L"
      }
    }
  },
  {
    "id": "coles-mixer-dry-ginger-ale",
    "brand": "Coles",
    "name": "Dry Ginger Ale",
    "imageUrl": "https://shop.coles.com.au/wcsstore/Coles-CAS/images/5/1/8/5180340-th.jpg",
    "categories": ["entertaining-at-home"],
    "tags": ["drinks-mixers", "drink-mixers"],
    "locations": {
      "vic": {
        "price": 0.75,
        "promoText": " ",
        "packageSize": "1.25L",
        "packagePrice": "$0.60 per 1L"
      }
    }
  },
  {
    "id": "schweppes-ginger-ale-mixers",
    "brand": "Schweppes",
    "name": "Ginger Ale Mixers",
    "imageUrl": "https://shop.coles.com.au/wcsstore/Coles-CAS/images/3/0/1/3014817-th.jpg",
    "categories": ["entertaining-at-home"],
    "tags": ["drinks-mixers", "drink-mixers"],
    "locations": {
      "vic": {
        "price": 2,
        "promoText": " ",
        "packageSize": "1.1L",
        "packagePrice": "$1.82 per 1L"
      }
    }
  },
  {
    "id": "fever-tree-elderflower-tonic-water-multipack-bottles-200ml",
    "brand": "Fever Tree",
    "name": "Elderflower Tonic Water Multipack Bottles 200mL",
    "imageUrl": "https://shop.coles.com.au/wcsstore/Coles-CAS/images/3/5/3/3536674-th.jpg",
    "categories": ["entertaining-at-home"],
    "tags": ["drinks-mixers", "drink-mixers"],
    "locations": {
      "vic": {
        "price": 7,
        "promoText": " ",
        "packageSize": "4 pack",
        "packagePrice": "$8.75 per 1L"
      }
    }
  },
  {
    "id": "schweppes-agrum-blood-orange-mixers",
    "brand": "Schweppes",
    "name": "Agrum Blood Orange Mixers",
    "imageUrl": "https://shop.coles.com.au/wcsstore/Coles-CAS/images/3/0/1/3014850-th.jpg",
    "categories": ["entertaining-at-home"],
    "tags": ["drinks-mixers", "drink-mixers"],
    "locations": {
      "vic": {
        "price": 2,
        "promoText": " ",
        "packageSize": "1.1L",
        "packagePrice": "$1.82 per 1L"
      }
    }
  },
  {
    "id": "schweppes-soda-water-twist-lime-mixers",
    "brand": "Schweppes",
    "name": "Lime Flavour Soda Water With Lime Juice",
    "imageUrl": "https://shop.coles.com.au/wcsstore/Coles-CAS/images/3/0/1/3014840-th.jpg",
    "categories": ["entertaining-at-home"],
    "tags": ["drinks-mixers", "drink-mixers"],
    "locations": {
      "vic": {
        "price": 2,
        "promoText": " ",
        "packageSize": "1.1L",
        "packagePrice": "$1.82 per 1L"
      }
    }
  },
  {
    "id": "schweppes-sig-ser-4x300ml-soft-drink-raspberry",
    "brand": "Schweppes",
    "name": "Raspberry Flavour Multipack Bottles 300mL",
    "imageUrl": "https://shop.coles.com.au/wcsstore/Coles-CAS/images/3/4/6/3468803-th.jpg",
    "categories": ["entertaining-at-home"],
    "tags": ["drinks-mixers", "drink-mixers"],
    "locations": {
      "vic": {
        "price": 4,
        "promoText": "$2.00 ",
        "packageSize": "4 pack",
        "packagePrice": "$3.33 per 1L"
      }
    }
  },
  {
    "id": "bundaberg-brewed-passionfruit-375ml-bottles",
    "brand": "Bundaberg",
    "name": "Passionfruit Flavour Sparkling Drink Multipack Bottles 375mL",
    "imageUrl": "https://shop.coles.com.au/wcsstore/Coles-CAS/images/2/4/8/2481282-th.jpg",
    "categories": ["entertaining-at-home"],
    "tags": ["drinks-mixers", "drink-mixers"],
    "locations": {
      "vic": {
        "price": 4.5,
        "promoText": "$1.20 ",
        "packageSize": "4 pack",
        "packagePrice": "$3.00 per 1L"
      }
    }
  },
  {
    "id": "bundaberg-brewed-diet-sarsaparilla-375ml-bottles",
    "brand": "Bundaberg",
    "name": "Diet Sarsaparilla Multipack Bottles 375mL",
    "imageUrl": "https://shop.coles.com.au/wcsstore/Coles-CAS/images/2/4/8/2481318-th.jpg",
    "categories": ["entertaining-at-home"],
    "tags": ["drinks-mixers", "drink-mixers"],
    "locations": {
      "vic": {
        "price": 4.5,
        "promoText": "$1.20 ",
        "packageSize": "4 pack",
        "packagePrice": "$3.00 per 1L"
      }
    }
  },
  {
    "id": "coles-soda-water-mixers-300ml",
    "brand": "Coles",
    "name": "Soda Water Sparkling Mixers Multipack Bottles 300mL",
    "imageUrl": "https://shop.coles.com.au/wcsstore/Coles-CAS/images/2/7/7/2778000-th.jpg",
    "categories": ["entertaining-at-home"],
    "tags": ["drinks-mixers", "drink-mixers"],
    "locations": {
      "vic": {
        "price": 2.95,
        "promoText": " ",
        "packageSize": "4 pack",
        "packagePrice": "$2.46 per 1L"
      }
    }
  },
  {
    "id": "schweppes-mixer-lemon-lime-bitters-300ml-bottles",
    "brand": "Schweppes",
    "name": "Lemon Lime & Bitters Classic Mixers Multipack Bottles 300mL",
    "imageUrl": "https://shop.coles.com.au/wcsstore/Coles-CAS/images/7/3/5/7351932-th.jpg",
    "categories": ["entertaining-at-home"],
    "tags": ["drinks-mixers", "drink-mixers"],
    "locations": {
      "vic": {
        "price": 5.25,
        "promoText": "Any 2 $7",
        "packageSize": "4 pack",
        "packagePrice": "$4.38 per 1L"
      }
    }
  },
  {
    "id": "schweppes-ginger-ale-diet-mixers",
    "brand": "Schweppes",
    "name": "Ginger Ale Diet Mixers",
    "imageUrl": "https://shop.coles.com.au/wcsstore/Coles-CAS/images/3/0/1/3014792-th.jpg",
    "categories": ["entertaining-at-home"],
    "tags": ["drinks-mixers", "drink-mixers"],
    "locations": {
      "vic": {
        "price": 2,
        "promoText": " ",
        "packageSize": "1.1L",
        "packagePrice": "$1.82 per 1L"
      }
    }
  },
  {
    "id": "schweppes-sig-ser-4x300ml-soft-drink-lime-cucumber",
    "brand": "Schweppes",
    "name": "Mexican Lime Signature Soft Drink Bottle 300mL",
    "imageUrl": "https://shop.coles.com.au/wcsstore/Coles-CAS/images/3/4/6/3468790-th.jpg",
    "categories": ["entertaining-at-home"],
    "tags": ["drinks-mixers", "drink-mixers"],
    "locations": {
      "vic": {
        "price": 4,
        "promoText": "$2.00 ",
        "packageSize": "4 pack",
        "packagePrice": "$3.33 per 1L"
      }
    }
  },
  {
    "id": "bundaberg-craft-brewed-traditional-lemonade",
    "brand": "Bundaberg",
    "name": "Traditional Lemonade Multipack Bottles 375mL",
    "imageUrl": "https://shop.coles.com.au/wcsstore/Coles-CAS/images/2/0/2/2027416-th.jpg",
    "categories": ["entertaining-at-home"],
    "tags": ["drinks-mixers", "drink-mixers"],
    "locations": {
      "vic": {
        "price": 4.5,
        "promoText": "$1.20 ",
        "packageSize": "4 pack",
        "packagePrice": "$3.00 per 1L"
      }
    }
  },
  {
    "id": "bundaberg-brewed-pineapple-coconut-375ml-bottles",
    "brand": "Bundaberg",
    "name": "Pineapple & Coconut Sparkling Drink Multipack Bottles 375mL",
    "imageUrl": "https://shop.coles.com.au/wcsstore/Coles-CAS/images/2/4/8/2481293-th.jpg",
    "categories": ["entertaining-at-home"],
    "tags": ["drinks-mixers", "drink-mixers"],
    "locations": {
      "vic": {
        "price": 4.5,
        "promoText": "$1.20 ",
        "packageSize": "4 pack",
        "packagePrice": "$3.00 per 1L"
      }
    }
  },
  {
    "id": "bundaberg-brewed-guava-375ml-bottles",
    "brand": "Bundaberg",
    "name": "Guava Flavoured Sparkling Drink Multipack Bottles 375mL",
    "imageUrl": "https://shop.coles.com.au/wcsstore/Coles-CAS/images/2/4/8/2481238-th.jpg",
    "categories": ["entertaining-at-home"],
    "tags": ["drinks-mixers", "drink-mixers"],
    "locations": {
      "vic": {
        "price": 4.5,
        "promoText": "$1.20 ",
        "packageSize": "4 pack",
        "packagePrice": "$3.00 per 1L"
      }
    }
  },
  {
    "id": "schweppes-lemon-lime-bitters-soda-mixers",
    "brand": "Schweppes",
    "name": "Lemon Lime Bitters Soda Mixers",
    "imageUrl": "https://shop.coles.com.au/wcsstore/Coles-CAS/images/3/0/1/3014839-th.jpg",
    "categories": ["entertaining-at-home"],
    "tags": ["drinks-mixers", "drink-mixers"],
    "locations": {
      "vic": {
        "price": 2,
        "promoText": " ",
        "packageSize": "1.1L",
        "packagePrice": "$1.82 per 1L"
      }
    }
  },
  {
    "id": "bundaberg-brewed-lemon-lime-bitters-375ml-bottles",
    "brand": "Bundaberg",
    "name": "Lemon Lime & Bitters Multipack Bottles 375mL",
    "imageUrl": "https://shop.coles.com.au/wcsstore/Coles-CAS/images/2/4/8/2481250-th.jpg",
    "categories": ["entertaining-at-home"],
    "tags": ["drinks-mixers", "drink-mixers"],
    "locations": {
      "vic": {
        "price": 4.5,
        "promoText": "$1.20 ",
        "packageSize": "4 pack",
        "packagePrice": "$3.00 per 1L"
      }
    }
  },
  {
    "id": "schweppes-mixer-lemonade-300ml-bottles",
    "brand": "Schweppes",
    "name": "Lemonade Bottles 300mL",
    "imageUrl": "https://shop.coles.com.au/wcsstore/Coles-CAS/images/7/3/5/7351954-th.jpg",
    "categories": ["entertaining-at-home"],
    "tags": ["drinks-mixers", "drink-mixers"],
    "locations": {
      "vic": {
        "price": 5.25,
        "promoText": "Any 2 $7",
        "packageSize": "4 pack",
        "packagePrice": "$4.38 per 1L"
      }
    }
  },
  {
    "id": "schweppes-signature-series-tonic-bottle",
    "brand": "Schweppes",
    "name": "Signature Series Tonic Bottle 300mL",
    "imageUrl": "https://shop.coles.com.au/wcsstore/Coles-CAS/images/3/5/3/3530168-th.jpg",
    "categories": ["entertaining-at-home"],
    "tags": ["drinks-mixers", "drink-mixers"],
    "locations": {
      "vic": {
        "price": 4,
        "promoText": "$2.00 ",
        "packageSize": "4 pack",
        "packagePrice": "$3.33 per 1L"
      }
    }
  },
  {
    "id": "bundaberg-craft-brewed-apple-cider",
    "brand": "Bundaberg",
    "name": "Apple Cider Multipack Bottles 375mL",
    "imageUrl": "https://shop.coles.com.au/wcsstore/Coles-CAS/images/2/0/2/2027427-th.jpg",
    "categories": ["entertaining-at-home"],
    "tags": ["drinks-mixers", "drink-mixers"],
    "locations": {
      "vic": {
        "price": 4.5,
        "promoText": "$1.20 ",
        "packageSize": "4 pack",
        "packagePrice": "$3.00 per 1L"
      }
    }
  },
  {
    "id": "bundaberg-burgundee-creaming-soda-375ml-bottles",
    "brand": "Bundaberg",
    "name": "Burgundee Creaming Soda Multipack Bottles 375mL",
    "imageUrl": "https://shop.coles.com.au/wcsstore/Coles-CAS/images/2/4/8/2481271-th.jpg",
    "categories": ["entertaining-at-home"],
    "tags": ["drinks-mixers", "drink-mixers"],
    "locations": {
      "vic": {
        "price": 4.5,
        "promoText": "$1.20 ",
        "packageSize": "4 pack",
        "packagePrice": "$3.00 per 1L"
      }
    }
  },
  {
    "id": "bundaberg-brewed-diet-lemon-lime-bitters-375ml-bottles",
    "brand": "Bundaberg",
    "name": "Diet Lemon Lime & Bitters Flavoured Multipack Bottles 375mL",
    "imageUrl": "https://shop.coles.com.au/wcsstore/Coles-CAS/images/2/4/8/2481260-th.jpg",
    "categories": ["entertaining-at-home"],
    "tags": ["drinks-mixers", "drink-mixers"],
    "locations": {
      "vic": {
        "price": 4.5,
        "promoText": "$1.20 ",
        "packageSize": "4 pack",
        "packagePrice": "$3.00 per 1L"
      }
    }
  },
  {
    "id": "bundaberg-brewed-4x375ml-drink-ginger-lemon-myrtle",
    "brand": "Bundaberg",
    "name": "Limited Edition Ginger Beer & Lemon Myrtle Multipack Bottles 375mL",
    "imageUrl": "https://shop.coles.com.au/wcsstore/Coles-CAS/images/3/4/4/3449591-th.jpg",
    "categories": ["entertaining-at-home"],
    "tags": ["drinks-mixers", "drink-mixers"],
    "locations": {
      "vic": {
        "price": 4.5,
        "promoText": "$1.20 ",
        "packageSize": "4 pack",
        "packagePrice": "$3.00 per 1L"
      }
    }
  },
  {
    "id": "bundaberg-brewed-4x375ml-drink-spiced-ginger-beer-3270930p",
    "brand": "Bundaberg",
    "name": "Spiced Ginger Beer Multipack Bottles 375mL",
    "imageUrl": "https://shop.coles.com.au/wcsstore/Coles-CAS/images/3/2/7/3270930-th.jpg",
    "categories": ["entertaining-at-home"],
    "tags": ["drinks-mixers", "drink-mixers"],
    "locations": {
      "vic": {
        "price": 0,
        "promoText": " ",
        "packageSize": "4 pack",
        "packagePrice": ""
      }
    }
  },
  {
    "id": "coles-lemon-lime-bitters-mixers-300ml",
    "brand": "Coles",
    "name": "Lemon Lime & Bitters Flavoured Sparkling Mixers Multipack Bottles 300mL",
    "imageUrl": "https://shop.coles.com.au/wcsstore/Coles-CAS/images/2/7/7/2777981-th.jpg",
    "categories": ["entertaining-at-home"],
    "tags": ["drinks-mixers", "drink-mixers"],
    "locations": {
      "vic": {
        "price": 2.95,
        "promoText": " ",
        "packageSize": "4 pack",
        "packagePrice": "$2.46 per 1L"
      }
    }
  },
  {
    "id": "nexba-mixers-4x300ml-tonic-cranberry-hibiscus",
    "brand": "Nexba",
    "name": "Cranberry & Hibiscus Flavour Tonic Water Bottles 300mL",
    "imageUrl": "https://shop.coles.com.au/wcsstore/Coles-CAS/images/3/2/6/3269465-th.jpg",
    "categories": ["entertaining-at-home"],
    "tags": ["drinks-mixers", "drink-mixers"],
    "locations": {
      "vic": {
        "price": 0,
        "promoText": " ",
        "packageSize": "4 pack",
        "packagePrice": ""
      }
    }
  },
  {
    "id": "schweppes-signature-series-dry-ginger-mixers-bottle",
    "brand": "Schweppes",
    "name": "Signature Series Dry Ginger Mixers Bottle 300mL",
    "imageUrl": "https://shop.coles.com.au/wcsstore/Coles-CAS/images/3/5/3/3530179-th.jpg",
    "categories": ["entertaining-at-home"],
    "tags": ["drinks-mixers", "drink-mixers"],
    "locations": {
      "vic": {
        "price": 4,
        "promoText": "$2.00 ",
        "packageSize": "4 pack",
        "packagePrice": "$3.33 per 1L"
      }
    }
  },
  {
    "id": "schweppes-signature-series-soda-water",
    "brand": "Schweppes",
    "name": "Signature Series Soda Water 300mL",
    "imageUrl": "https://shop.coles.com.au/wcsstore/Coles-CAS/images/3/5/3/3530157-th.jpg",
    "categories": ["entertaining-at-home"],
    "tags": ["drinks-mixers", "drink-mixers"],
    "locations": {
      "vic": {
        "price": 4,
        "promoText": "$2.00 ",
        "packageSize": "4 pack",
        "packagePrice": "$3.33 per 1L"
      }
    }
  },
  {
    "id": "mother-energy-drink-can",
    "brand": "Mother",
    "name": "Energy Drink Cans 500mL",
    "imageUrl": "https://shop.coles.com.au/wcsstore/Coles-CAS/images/6/9/0/6907295-th.jpg",
    "categories": ["entertaining-at-home"],
    "tags": ["drinks-mixers", "soft-drink"],
    "locations": {
      "vic": {
        "price": 6.2,
        "promoText": " ",
        "packageSize": "4 pack",
        "packagePrice": "$3.10 per 1L"
      }
    }
  },
  {
    "id": "cca-coca-cola-24x375ml-soft-drink-coke-no-sugar",
    "brand": "Coca-Cola",
    "name": "No Sugar Coke Multipack Cans 375mL",
    "imageUrl": "https://shop.coles.com.au/wcsstore/Coles-CAS/images/2/9/9/2993740-th.jpg",
    "categories": ["entertaining-at-home"],
    "tags": ["drinks-mixers", "soft-drink"],
    "locations": {
      "vic": {
        "price": 16.9,
        "promoText": "$11.30 ",
        "packageSize": "24 pack",
        "packagePrice": "$1.88 per 1L"
      }
    }
  },
  {
    "id": "coca-cola-soft-drink-coke-zero-375ml-cans",
    "brand": "Coca-Cola",
    "name": "No Sugar Coke Multipack Cans 375mL",
    "imageUrl": "https://shop.coles.com.au/wcsstore/Coles-CAS/images/8/4/6/8464810-th.jpg",
    "categories": ["entertaining-at-home"],
    "tags": ["drinks-mixers", "soft-drink"],
    "locations": {
      "vic": {
        "price": 34.45,
        "promoText": " ",
        "packageSize": "30 Pack",
        "packagePrice": "$3.06 per 1L"
      }
    }
  },
  {
    "id": "monster-green-500ml-energy-drink",
    "brand": "Monster",
    "name": "Green Energy Drink Cans 500mL",
    "imageUrl": "https://shop.coles.com.au/wcsstore/Coles-CAS/images/2/7/8/2785094-th.jpg",
    "categories": ["entertaining-at-home"],
    "tags": ["drinks-mixers", "soft-drink"],
    "locations": {
      "vic": {
        "price": 11.7,
        "promoText": "Any 2 $14",
        "packageSize": "4 pack",
        "packagePrice": "$5.85 per 1L"
      }
    }
  },
  {
    "id": "coca-cola-soft-drink-coke-375ml-cans",
    "brand": "Coca-Cola",
    "name": "Classic Coke Multipack Cans 375mL",
    "imageUrl": "https://shop.coles.com.au/wcsstore/Coles-CAS/images/8/4/6/8464796-th.jpg",
    "categories": ["entertaining-at-home"],
    "tags": ["drinks-mixers", "soft-drink"],
    "locations": {
      "vic": {
        "price": 34.45,
        "promoText": " ",
        "packageSize": "30 Pack",
        "packagePrice": "$3.06 per 1L"
      }
    }
  },
  {
    "id": "pepsi-max-soft-drink-cola-375ml-cans-7366022p",
    "brand": "Pepsi",
    "name": "Max Soft Drink 375mL",
    "imageUrl": "https://shop.coles.com.au/wcsstore/Coles-CAS/images/7/3/6/7366022-th.jpg",
    "categories": ["entertaining-at-home"],
    "tags": ["drinks-mixers", "soft-drink"],
    "locations": {
      "vic": {
        "price": 21,
        "promoText": " ",
        "packageSize": "24 pack",
        "packagePrice": "$2.33 per 1L"
      }
    }
  },
  {
    "id": "schweppes-soft-drink-solo-lemon-375ml-cans",
    "brand": "Schweppes",
    "name": "Solo Lemon Multipack Cans 375mL",
    "imageUrl": "https://shop.coles.com.au/wcsstore/Coles-CAS/images/9/3/9/9391574-th.jpg",
    "categories": ["entertaining-at-home"],
    "tags": ["drinks-mixers", "soft-drink"],
    "locations": {
      "vic": {
        "price": 21,
        "promoText": " ",
        "packageSize": "24 pack",
        "packagePrice": "$2.33 per 1L"
      }
    }
  },
  {
    "id": "schweppes-soft-drink-sunkist-orange-crush-375ml-cans",
    "brand": "Sunkist",
    "name": "Orange Crush Soft Drink Can 375mL",
    "imageUrl": "https://shop.coles.com.au/wcsstore/Coles-CAS/images/9/3/9/9391596-th.jpg",
    "categories": ["entertaining-at-home"],
    "tags": ["drinks-mixers", "soft-drink"],
    "locations": {
      "vic": {
        "price": 21,
        "promoText": " ",
        "packageSize": "24 Pack",
        "packagePrice": "$2.33 per 1L"
      }
    }
  },
  {
    "id": "deep-spring-mineral-water-orange-passionfruit",
    "brand": "Deep Spring",
    "name": "Orange & Passionfruit Flavoured Sparkling Mineral Water",
    "imageUrl": "https://shop.coles.com.au/wcsstore/Coles-CAS/images/4/0/8/408816-th.jpg",
    "categories": ["entertaining-at-home"],
    "tags": ["drinks-mixers", "soft-drink"],
    "locations": {
      "vic": {
        "price": 1,
        "promoText": " ",
        "packageSize": "1.25L",
        "packagePrice": "$0.80 per 1L"
      }
    }
  },
  {
    "id": "v-original-green-energy-drink-4-x-275ml-cans",
    "brand": "V",
    "name": "Original Green Energy Drink 275mL Cans",
    "imageUrl": "https://shop.coles.com.au/wcsstore/Coles-CAS/images/2/3/8/2383341-th.jpg",
    "categories": ["entertaining-at-home"],
    "tags": ["drinks-mixers", "soft-drink"],
    "locations": {
      "vic": {
        "price": 6,
        "promoText": "$3.35 ",
        "packageSize": "4 pack",
        "packagePrice": "$5.45 per 1L"
      }
    }
  },
  {
    "id": "red-bull-energy-drink-250ml",
    "brand": "Red Bull",
    "name": "Energy Drink Multipack Cans 250mL",
    "imageUrl": "https://shop.coles.com.au/wcsstore/Coles-CAS/images/7/3/0/7306224-th.jpg",
    "categories": ["entertaining-at-home"],
    "tags": ["drinks-mixers", "soft-drink"],
    "locations": {
      "vic": {
        "price": 14,
        "promoText": " ",
        "packageSize": "8 pack",
        "packagePrice": "$7.00 per 1L"
      }
    }
  },
  {
    "id": "red-bull-drink-energy-250ml-cans-9043363p",
    "brand": "Red Bull",
    "name": "Energy Drink Multipack 250mL",
    "imageUrl": "https://shop.coles.com.au/wcsstore/Coles-CAS/images/9/0/4/9043363-th.jpg",
    "categories": ["entertaining-at-home"],
    "tags": ["drinks-mixers", "soft-drink"],
    "locations": {
      "vic": {
        "price": 10.2,
        "promoText": " ",
        "packageSize": "4 pack",
        "packagePrice": "$10.20 per 1L"
      }
    }
  },
  {
    "id": "cca-coca-cola-8x200ml-soft-drink-coke-no-sugar",
    "brand": "Coca-Cola",
    "name": "No Sugar Coke Mini Multipack Cans 200mL",
    "imageUrl": "https://shop.coles.com.au/wcsstore/Coles-CAS/images/2/9/9/2993717-th.jpg",
    "categories": ["entertaining-at-home"],
    "tags": ["drinks-mixers", "soft-drink"],
    "locations": {
      "vic": {
        "price": 6,
        "promoText": "$2.50 ",
        "packageSize": "8 pack",
        "packagePrice": "$3.75 per 1L"
      }
    }
  },
  {
    "id": "cca-coca-cola-soft-drink-coke-no-sugar-2993706p",
    "brand": "Coca Cola",
    "name": "No Sugar Soft Drink Coke",
    "imageUrl": "https://shop.coles.com.au/wcsstore/Coles-CAS/images/2/9/9/2993706-th.jpg",
    "categories": ["entertaining-at-home"],
    "tags": ["drinks-mixers", "soft-drink"],
    "locations": {
      "vic": {
        "price": 3,
        "promoText": " ",
        "packageSize": "1.25L",
        "packagePrice": "$2.40 per 1L"
      }
    }
  },
  {
    "id": "coca-cola-soft-drink-coke-375ml-cans-7365777p",
    "brand": "Coca-Cola",
    "name": "Classic Coke Multipack Cans 375mL",
    "imageUrl": "https://shop.coles.com.au/wcsstore/Coles-CAS/images/7/3/6/7365777-th.jpg",
    "categories": ["entertaining-at-home"],
    "tags": ["drinks-mixers", "soft-drink"],
    "locations": {
      "vic": {
        "price": 16.9,
        "promoText": "$11.30 ",
        "packageSize": "24 pack",
        "packagePrice": "$1.88 per 1L"
      }
    }
  },
  {
    "id": "pepsi-max-soft-drink-cola",
    "brand": "Pepsi",
    "name": "Max Soft Drink",
    "imageUrl": "https://shop.coles.com.au/wcsstore/Coles-CAS/images/5/4/4/5441783-th.jpg",
    "categories": ["entertaining-at-home"],
    "tags": ["drinks-mixers", "soft-drink"],
    "locations": {
      "vic": {
        "price": 2,
        "promoText": "Was $3.25 on May 2017 ",
        "packageSize": "2L",
        "packagePrice": "$1.00 per 1L"
      }
    }
  },
  {
    "id": "kirks-soft-drink-lemonade-sugar-free-375ml-cans",
    "brand": "Kirks",
    "name": "Sugar Free Lemonade Multipack Cans 375 mL",
    "imageUrl": "https://shop.coles.com.au/wcsstore/Coles-CAS/images/8/4/9/8492689-th.jpg",
    "categories": ["entertaining-at-home"],
    "tags": ["drinks-mixers", "soft-drink"],
    "locations": {
      "vic": {
        "price": 5,
        "promoText": "Was $8.90 on Jun 2018 ",
        "packageSize": "10 Pack",
        "packagePrice": "$1.33 per 1L"
      }
    }
  },
  {
    "id": "coca-cola-soft-drink-coke-chilled",
    "brand": "Coca-Cola",
    "name": "Classic Coke",
    "imageUrl": "https://shop.coles.com.au/wcsstore/Coles-CAS/images/1/2/3/123011-th.jpg",
    "categories": ["entertaining-at-home"],
    "tags": ["drinks-mixers", "soft-drink"],
    "locations": {
      "vic": {
        "price": 3,
        "promoText": " ",
        "packageSize": "1.25L",
        "packagePrice": "$2.40 per 1L"
      }
    }
  },
  {
    "id": "cca-coca-cola-10x375ml-soft-drink-coke-no-sugar",
    "brand": "Coca-Cola",
    "name": "No Sugar Coke Multipack Cans 375mL",
    "imageUrl": "https://shop.coles.com.au/wcsstore/Coles-CAS/images/2/9/9/2993739-th.jpg",
    "categories": ["entertaining-at-home"],
    "tags": ["drinks-mixers", "soft-drink"],
    "locations": {
      "vic": {
        "price": 12.3,
        "promoText": "Any 2 $14",
        "packageSize": "10 Pack",
        "packagePrice": "$3.28 per 1L"
      }
    }
  },
  {
    "id": "pepsi-soft-drink-max",
    "brand": "Pepsi",
    "name": "Max Soft Drink 375mL Can",
    "imageUrl": "https://shop.coles.com.au/wcsstore/Coles-CAS/images/7/8/3/7837413-th.jpg",
    "categories": ["entertaining-at-home"],
    "tags": ["drinks-mixers", "soft-drink"],
    "locations": {
      "vic": {
        "price": 16,
        "promoText": "Was $28.50 on Mar 2019 ",
        "packageSize": "30 pack",
        "packagePrice": "$1.42 per 1L"
      }
    }
  },
  {
    "id": "coca-cola-soft-drink-coke-no-sugar",
    "brand": "Coca-Cola",
    "name": "No Sugar Coke",
    "imageUrl": "https://shop.coles.com.au/wcsstore/Coles-CAS/images/3/0/2/3029790-th.jpg",
    "categories": ["entertaining-at-home"],
    "tags": ["drinks-mixers", "soft-drink"],
    "locations": {
      "vic": {
        "price": 2.75,
        "promoText": "Was $3.00 on Nov 2018 ",
        "packageSize": "2L",
        "packagePrice": "$1.38 per 1L"
      }
    }
  },
  {
    "id": "pepsi-max-soft-drink-cola-5441863p",
    "brand": "Pepsi",
    "name": "Max Soft Drink",
    "imageUrl": "https://shop.coles.com.au/wcsstore/Coles-CAS/images/5/4/4/5441863-th.jpg",
    "categories": ["entertaining-at-home"],
    "tags": ["drinks-mixers", "soft-drink"],
    "locations": {
      "vic": {
        "price": 1.7,
        "promoText": "$0.50 ",
        "packageSize": "1.25L",
        "packagePrice": "$1.36 per 1L"
      }
    }
  },
  {
    "id": "coca-cola-soft-drink-coke-200ml-cans",
    "brand": "Coca-Cola",
    "name": "Classic Coke Mini Multipack Cans 200mL",
    "imageUrl": "https://shop.coles.com.au/wcsstore/Coles-CAS/images/7/9/1/7910003-th.jpg",
    "categories": ["entertaining-at-home"],
    "tags": ["drinks-mixers", "soft-drink"],
    "locations": {
      "vic": {
        "price": 6,
        "promoText": "$2.50 ",
        "packageSize": "8 pack",
        "packagePrice": "$3.75 per 1L"
      }
    }
  },
  {
    "id": "coca-cola-soft-drink-diet-coke-375ml-cans-4561203p",
    "brand": "Coca-Cola",
    "name": "Diet Coke Multipack Cans 375mL",
    "imageUrl": "https://shop.coles.com.au/wcsstore/Coles-CAS/images/4/5/6/4561203-th.jpg",
    "categories": ["entertaining-at-home"],
    "tags": ["drinks-mixers", "soft-drink"],
    "locations": {
      "vic": {
        "price": 16.9,
        "promoText": "$11.30 ",
        "packageSize": "24 pack",
        "packagePrice": "$1.88 per 1L"
      }
    }
  },
  {
    "id": "coles-soft-drink-lemonade",
    "brand": "Coles",
    "name": "Lemonade",
    "imageUrl": "https://shop.coles.com.au/wcsstore/Coles-CAS/images/5/1/7/5179159-th.jpg",
    "categories": ["entertaining-at-home"],
    "tags": ["drinks-mixers", "soft-drink"],
    "locations": {
      "vic": {
        "price": 0.75,
        "promoText": " ",
        "packageSize": "1.25L",
        "packagePrice": "$0.60 per 1L"
      }
    }
  },
  {
    "id": "coles-soft-drink-lemonade-diet-sugar-free",
    "brand": "Coles",
    "name": "Diet Lemonade",
    "imageUrl": "https://shop.coles.com.au/wcsstore/Coles-CAS/images/5/1/7/5179160-th.jpg",
    "categories": ["entertaining-at-home"],
    "tags": ["drinks-mixers", "soft-drink"],
    "locations": {
      "vic": {
        "price": 0.75,
        "promoText": " ",
        "packageSize": "1.25L",
        "packagePrice": "$0.60 per 1L"
      }
    }
  },
  {
    "id": "coca-cola-soft-drink-diet-coke-375ml-cans",
    "brand": "Coca-Cola",
    "name": "Diet Coke Multipack Cans 375mL",
    "imageUrl": "https://shop.coles.com.au/wcsstore/Coles-CAS/images/8/4/6/8464800-th.jpg",
    "categories": ["entertaining-at-home"],
    "tags": ["drinks-mixers", "soft-drink"],
    "locations": {
      "vic": {
        "price": 34.45,
        "promoText": " ",
        "packageSize": "30 pack",
        "packagePrice": "$3.06 per 1L"
      }
    }
  },
  {
    "id": "coca-cola-soft-drink-coke-191736p",
    "brand": "Coca-Cola",
    "name": "Classic Coke",
    "imageUrl": "https://shop.coles.com.au/wcsstore/Coles-CAS/images/1/9/1/191736-th.jpg",
    "categories": ["entertaining-at-home"],
    "tags": ["drinks-mixers", "soft-drink"],
    "locations": {
      "vic": {
        "price": 2.75,
        "promoText": "Was $3.00 on Nov 2018 ",
        "packageSize": "2L",
        "packagePrice": "$1.38 per 1L"
      }
    }
  },
  {
    "id": "kirks-soft-drink-lemon-sugar-free-375ml-cans",
    "brand": "Kirks",
    "name": "Sugar Free Lemon Squash Multipack Cans 375 mL",
    "imageUrl": "https://shop.coles.com.au/wcsstore/Coles-CAS/images/1/1/8/1181261-th.jpg",
    "categories": ["entertaining-at-home"],
    "tags": ["drinks-mixers", "soft-drink"],
    "locations": {
      "vic": {
        "price": 5,
        "promoText": "Was $8.90 on Jun 2018 ",
        "packageSize": "10 Pack",
        "packagePrice": "$1.33 per 1L"
      }
    }
  },
  {
    "id": "schweppes-pepsi-max-375ml-cans",
    "brand": "Pepsi",
    "name": "Max Multipack Cans 375mL",
    "imageUrl": "https://shop.coles.com.au/wcsstore/Coles-CAS/images/2/6/8/2684166-th.jpg",
    "categories": ["entertaining-at-home"],
    "tags": ["drinks-mixers", "soft-drink"],
    "locations": {
      "vic": {
        "price": 6,
        "promoText": "$5.05 ",
        "packageSize": "10 pack",
        "packagePrice": "$1.60 per 1L"
      }
    }
  },
  {
    "id": "schweppes-soft-drink-sunkist-orange-crush-diet-light",
    "brand": "Schweppes",
    "name": "Sunkist Sugar Free Diet Orange Crush",
    "imageUrl": "https://shop.coles.com.au/wcsstore/Coles-CAS/images/5/0/3/5037358-th.jpg",
    "categories": ["entertaining-at-home"],
    "tags": ["drinks-mixers", "soft-drink"],
    "locations": {
      "vic": {
        "price": 1.7,
        "promoText": "$0.50 ",
        "packageSize": "1.25L",
        "packagePrice": "$1.36 per 1L"
      }
    }
  },
  {
    "id": "sprite-soft-drink-lemonade-375ml-cans-7365904p",
    "brand": "Sprite",
    "name": "Lemon-Lime Flavour Multipack Cans 375mL",
    "imageUrl": "https://shop.coles.com.au/wcsstore/Coles-CAS/images/7/3/6/7365904-th.jpg",
    "categories": ["entertaining-at-home"],
    "tags": ["drinks-mixers", "soft-drink"],
    "locations": {
      "vic": {
        "price": 14,
        "promoText": "$14.20 ",
        "packageSize": "24 Pack",
        "packagePrice": "$1.56 per 1L"
      }
    }
  },
  {
    "id": "bundaberg-soft-drink-ginger-beer-375ml-bottles",
    "brand": "Bundaberg",
    "name": "Ginger Beer Bottles 375mL",
    "imageUrl": "https://shop.coles.com.au/wcsstore/Coles-CAS/images/5/5/9/5595856-th.jpg",
    "categories": ["entertaining-at-home"],
    "tags": ["drinks-mixers", "soft-drink"],
    "locations": {
      "vic": {
        "price": 4.5,
        "promoText": "$1.20 ",
        "packageSize": "4 pack",
        "packagePrice": "$3.00 per 1L"
      }
    }
  },
  {
    "id": "coca-cola-soft-drink-diet-coke-200ml-cans",
    "brand": "Coca Cola",
    "name": "Diet Coke Soft Drink Mini Can 200mL",
    "imageUrl": "https://shop.coles.com.au/wcsstore/Coles-CAS/images/7/9/1/7910014-th.jpg",
    "categories": ["entertaining-at-home"],
    "tags": ["drinks-mixers", "soft-drink"],
    "locations": {
      "vic": {
        "price": 6,
        "promoText": "$2.50 ",
        "packageSize": "8 pack",
        "packagePrice": "$3.75 per 1L"
      }
    }
  },
  {
    "id": "sprite-soft-drink-lemonade-401657p",
    "brand": "Coca-Cola",
    "name": "Sprite Soft Drink Lemon Lime",
    "imageUrl": "https://shop.coles.com.au/wcsstore/Coles-CAS/images/4/0/1/401657-th.jpg",
    "categories": ["entertaining-at-home"],
    "tags": ["drinks-mixers", "soft-drink"],
    "locations": {
      "vic": {
        "price": 2.5,
        "promoText": "Any 2 $3",
        "packageSize": "1.25L",
        "packagePrice": "$2.00 per 1L"
      }
    }
  },
  {
    "id": "schweppes-soft-drink-lemonade-375ml-cans",
    "brand": "Schweppes",
    "name": "Lemonade Multipack Cans 375mL",
    "imageUrl": "https://shop.coles.com.au/wcsstore/Coles-CAS/images/9/3/9/9391552-th.jpg",
    "categories": ["entertaining-at-home"],
    "tags": ["drinks-mixers", "soft-drink"],
    "locations": {
      "vic": {
        "price": 21,
        "promoText": " ",
        "packageSize": "24 pack",
        "packagePrice": "$2.33 per 1L"
      }
    }
  },
  {
    "id": "coca-cola-soft-drink-diet-coke-418503p",
    "brand": "Coca-Cola",
    "name": "Diet Coke",
    "imageUrl": "https://shop.coles.com.au/wcsstore/Coles-CAS/images/4/1/8/418503-th.jpg",
    "categories": ["entertaining-at-home"],
    "tags": ["drinks-mixers", "soft-drink"],
    "locations": {
      "vic": {
        "price": 2.75,
        "promoText": "Was $3.00 on Nov 2018 ",
        "packageSize": "2L",
        "packagePrice": "$1.38 per 1L"
      }
    }
  },
  {
    "id": "coca-cola-diet-coke-375ml-cans",
    "brand": "Coca-Cola",
    "name": "Diet Coke Multipack Cans 375mL",
    "imageUrl": "https://shop.coles.com.au/wcsstore/Coles-CAS/images/1/8/4/1849318-th.jpg",
    "categories": ["entertaining-at-home"],
    "tags": ["drinks-mixers", "soft-drink"],
    "locations": {
      "vic": {
        "price": 12.3,
        "promoText": "Any 2 $14",
        "packageSize": "10 pack",
        "packagePrice": "$3.28 per 1L"
      }
    }
  },
  {
    "id": "fanta-soft-drink-orange-375ml-cans",
    "brand": "Fanta",
    "name": "Orange Multipack Cans 375mL",
    "imageUrl": "https://shop.coles.com.au/wcsstore/Coles-CAS/images/5/3/2/5325873-th.jpg",
    "categories": ["entertaining-at-home"],
    "tags": ["drinks-mixers", "soft-drink"],
    "locations": {
      "vic": {
        "price": 14,
        "promoText": "$14.20 ",
        "packageSize": "24 Pack",
        "packagePrice": "$1.56 per 1L"
      }
    }
  },
  {
    "id": "coca-cola-soft-drink-coke-zero-300ml-bottles",
    "brand": "Coca-Cola",
    "name": "No Sugar Coke Multipack 300mL",
    "imageUrl": "https://shop.coles.com.au/wcsstore/Coles-CAS/images/1/4/9/1492374-th.jpg",
    "categories": ["entertaining-at-home"],
    "tags": ["drinks-mixers", "soft-drink"],
    "locations": {
      "vic": {
        "price": 9,
        "promoText": "$5.00 ",
        "packageSize": "12 pack",
        "packagePrice": "$2.50 per 1L"
      }
    }
  },
  {
    "id": "que-cola-soft-drink-cola-zero",
    "brand": "Que Cola",
    "name": "No Sugar Cola",
    "imageUrl": "https://shop.coles.com.au/wcsstore/Coles-CAS/images/3/2/4/3243563-th.jpg",
    "categories": ["entertaining-at-home"],
    "tags": ["drinks-mixers", "soft-drink"],
    "locations": {
      "vic": {
        "price": 0.75,
        "promoText": " ",
        "packageSize": "1.25L",
        "packagePrice": "$0.60 per 1L"
      }
    }
  },
  {
    "id": "coca-cola-soft-drink-coke-vanilla-chilled",
    "brand": "Coca-Cola",
    "name": "Vanilla Flavour Coke",
    "imageUrl": "https://shop.coles.com.au/wcsstore/Coles-CAS/images/9/3/9/9391600-th.jpg",
    "categories": ["entertaining-at-home"],
    "tags": ["drinks-mixers", "soft-drink"],
    "locations": {
      "vic": {
        "price": 3,
        "promoText": " ",
        "packageSize": "1.25L",
        "packagePrice": "$2.40 per 1L"
      }
    }
  },
  {
    "id": "kirks-soft-drink-creaming-soda-375ml-cans",
    "brand": "Kirks",
    "name": "Creaming Soda Multipack cans 375mL",
    "imageUrl": "https://shop.coles.com.au/wcsstore/Coles-CAS/images/9/1/2/9125082-th.jpg",
    "categories": ["entertaining-at-home"],
    "tags": ["drinks-mixers", "soft-drink"],
    "locations": {
      "vic": {
        "price": 5,
        "promoText": "Was $8.90 on Jun 2018 ",
        "packageSize": "10 pack",
        "packagePrice": "$1.33 per 1L"
      }
    }
  },
  {
    "id": "schweppes-soft-drink-solo-lemon-7837402p",
    "brand": "Solo",
    "name": "Original Lemon Thirst Crusher Multipack Cans 375mL",
    "imageUrl": "https://shop.coles.com.au/wcsstore/Coles-CAS/images/7/8/3/7837402-th.jpg",
    "categories": ["entertaining-at-home"],
    "tags": ["drinks-mixers", "soft-drink"],
    "locations": {
      "vic": {
        "price": 16,
        "promoText": "Was $28.50 on Mar 2019 ",
        "packageSize": "30 pack",
        "packagePrice": "$1.42 per 1L"
      }
    }
  },
  {
    "id": "sprite-soft-drink-lemonade-200ml-cans",
    "brand": "Sprite",
    "name": "Lemon Lime Natural Flavour Soft Drink Mini Cans 200mL",
    "imageUrl": "https://shop.coles.com.au/wcsstore/Coles-CAS/images/7/9/1/7910047-th.jpg",
    "categories": ["entertaining-at-home"],
    "tags": ["drinks-mixers", "soft-drink"],
    "locations": {
      "vic": {
        "price": 6,
        "promoText": "$2.50 ",
        "packageSize": "8 Pack",
        "packagePrice": "$3.75 per 1L"
      }
    }
  },
  {
    "id": "bundaberg-diet-ginger-beer-375ml-bottles",
    "brand": "Bundaberg",
    "name": "Diet Ginger Beer Multipack Bottles 375mL",
    "imageUrl": "https://shop.coles.com.au/wcsstore/Coles-CAS/images/2/4/8/2480632-th.jpg",
    "categories": ["entertaining-at-home"],
    "tags": ["drinks-mixers", "soft-drink"],
    "locations": {
      "vic": {
        "price": 13.1,
        "promoText": " ",
        "packageSize": "10 pack",
        "packagePrice": "$3.49 per 1L"
      }
    }
  },
  {
    "id": "sprite-soft-drink-lemonade",
    "brand": "Coca-Cola",
    "name": "Sprite Soft Drink Lemon Lime",
    "imageUrl": "https://shop.coles.com.au/wcsstore/Coles-CAS/images/4/3/8/438894-th.jpg",
    "categories": ["entertaining-at-home"],
    "tags": ["drinks-mixers", "soft-drink"],
    "locations": {
      "vic": {
        "price": 2.25,
        "promoText": " ",
        "packageSize": "2L",
        "packagePrice": "$1.13 per 1L"
      }
    }
  },
  {
    "id": "coca-cola-coke-375ml-cans",
    "brand": "Coca-Cola",
    "name": "Classic Coke Multipack Cans 375mL",
    "imageUrl": "https://shop.coles.com.au/wcsstore/Coles-CAS/images/1/8/4/1849307-th.jpg",
    "categories": ["entertaining-at-home"],
    "tags": ["drinks-mixers", "soft-drink"],
    "locations": {
      "vic": {
        "price": 12.3,
        "promoText": "Any 2 $14",
        "packageSize": "10 Pack",
        "packagePrice": "$3.28 per 1L"
      }
    }
  },
  {
    "id": "coca-cola-sprite-lemonade-375ml-cans",
    "brand": "Coca-Cola",
    "name": "Sprite Soft Drink Lemon Lime 375mL",
    "imageUrl": "https://shop.coles.com.au/wcsstore/Coles-CAS/images/1/8/4/1849329-th.jpg",
    "categories": ["entertaining-at-home"],
    "tags": ["drinks-mixers", "soft-drink"],
    "locations": {
      "vic": {
        "price": 12.3,
        "promoText": "Any 2 $14",
        "packageSize": "10 Pack",
        "packagePrice": "$3.28 per 1L"
      }
    }
  },
  {
    "id": "cca-coca-cola-diet-125l-soft-drink-diet-coke",
    "brand": "Coca-Cola",
    "name": "Diet Coke Soft Drink",
    "imageUrl": "https://shop.coles.com.au/wcsstore/Coles-CAS/images/4/1/9/419211-th.jpg",
    "categories": ["entertaining-at-home"],
    "tags": ["drinks-mixers", "soft-drink"],
    "locations": {
      "vic": {
        "price": 3,
        "promoText": " ",
        "packageSize": "1.25L",
        "packagePrice": "$2.40 per 1L"
      }
    }
  },
  {
    "id": "schweppes-pepsi-375ml-cans",
    "brand": "Pepsi",
    "name": "Multipack Cans 375mL",
    "imageUrl": "https://shop.coles.com.au/wcsstore/Coles-CAS/images/2/6/8/2684213-th.jpg",
    "categories": ["entertaining-at-home"],
    "tags": ["drinks-mixers", "soft-drink"],
    "locations": {
      "vic": {
        "price": 6,
        "promoText": "$5.05 ",
        "packageSize": "10 pack",
        "packagePrice": "$1.60 per 1L"
      }
    }
  },
  {
    "id": "schweppes-soft-drink-solo-lemon",
    "brand": "Schweppes",
    "name": "Solo Lemon Drink",
    "imageUrl": "https://shop.coles.com.au/wcsstore/Coles-CAS/images/1/4/7/147494-th.jpg",
    "categories": ["entertaining-at-home"],
    "tags": ["drinks-mixers", "soft-drink"],
    "locations": {
      "vic": {
        "price": 1.7,
        "promoText": "$0.50 ",
        "packageSize": "1.25L",
        "packagePrice": "$1.36 per 1L"
      }
    }
  },
  {
    "id": "coles-soft-drink-lemon",
    "brand": "Coles",
    "name": "Lemon Flavoured Drink",
    "imageUrl": "https://shop.coles.com.au/wcsstore/Coles-CAS/images/5/1/7/5179137-th.jpg",
    "categories": ["entertaining-at-home"],
    "tags": ["drinks-mixers", "soft-drink"],
    "locations": {
      "vic": {
        "price": 0.75,
        "promoText": " ",
        "packageSize": "1.25L",
        "packagePrice": "$0.60 per 1L"
      }
    }
  },
  {
    "id": "kirks-soft-drink-pasito-375ml-cans",
    "brand": "Kirks",
    "name": "Pasito Multipack Cans 375 mL",
    "imageUrl": "https://shop.coles.com.au/wcsstore/Coles-CAS/images/9/1/2/9125209-th.jpg",
    "categories": ["entertaining-at-home"],
    "tags": ["drinks-mixers", "soft-drink"],
    "locations": {
      "vic": {
        "price": 5,
        "promoText": "Was $8.90 on Jun 2018 ",
        "packageSize": "10 Pack",
        "packagePrice": "$1.33 per 1L"
      }
    }
  },
  {
    "id": "pepsi-soft-drink-cola",
    "brand": "Pepsi",
    "name": "Cola Soft Drink",
    "imageUrl": "https://shop.coles.com.au/wcsstore/Coles-CAS/images/3/3/7/337310-th.jpg",
    "categories": ["entertaining-at-home"],
    "tags": ["drinks-mixers", "soft-drink"],
    "locations": {
      "vic": {
        "price": 2,
        "promoText": "Was $3.25 on May 2017 ",
        "packageSize": "2L",
        "packagePrice": "$1.00 per 1L"
      }
    }
  },
  {
    "id": "schweppes-soft-drink-lemonade",
    "brand": "Schweppes",
    "name": "Lemonade",
    "imageUrl": "https://shop.coles.com.au/wcsstore/Coles-CAS/images/2/4/0/240208-th.jpg",
    "categories": ["entertaining-at-home"],
    "tags": ["drinks-mixers", "soft-drink"],
    "locations": {
      "vic": {
        "price": 2,
        "promoText": "Was $3.25 on May 2017 ",
        "packageSize": "2L",
        "packagePrice": "$1.00 per 1L"
      }
    }
  },
  {
    "id": "v-energy-drink-blue-4-x-275ml-cans",
    "brand": "V",
    "name": "Energy Drink Blue 4 x 275ml Cans",
    "imageUrl": "https://shop.coles.com.au/wcsstore/Coles-CAS/images/2/3/8/2383363-th.jpg",
    "categories": ["entertaining-at-home"],
    "tags": ["drinks-mixers", "soft-drink"],
    "locations": {
      "vic": {
        "price": 6,
        "promoText": "$3.35 ",
        "packageSize": "4 pack",
        "packagePrice": "$5.45 per 1L"
      }
    }
  },
  {
    "id": "bundaberg-soft-drink-ginger-beer-value-pack-375ml-bottles",
    "brand": "Bundaberg",
    "name": "Ginger Beer Multipack Bottles 375mL",
    "imageUrl": "https://shop.coles.com.au/wcsstore/Coles-CAS/images/9/8/2/9826123-th.jpg",
    "categories": ["entertaining-at-home"],
    "tags": ["drinks-mixers", "soft-drink"],
    "locations": {
      "vic": {
        "price": 13.1,
        "promoText": " ",
        "packageSize": "10 pack",
        "packagePrice": "$3.49 per 1L"
      }
    }
  },
  {
    "id": "coca-cola-diet-coke-caffeine-free-375ml-cans",
    "brand": "Coca-Cola",
    "name": "Diet Caffeine Free Coke Multipack Cans 375mL",
    "imageUrl": "https://shop.coles.com.au/wcsstore/Coles-CAS/images/1/8/4/1849282-th.jpg",
    "categories": ["entertaining-at-home"],
    "tags": ["drinks-mixers", "soft-drink"],
    "locations": {
      "vic": {
        "price": 12.3,
        "promoText": "Any 2 $14",
        "packageSize": "10 Pack",
        "packagePrice": "$3.28 per 1L"
      }
    }
  },
  {
    "id": "coca-cola-coke-300ml-bottles-7910342p",
    "brand": "Coca-Cola",
    "name": "Classic Coke Multipack 300mL",
    "imageUrl": "https://shop.coles.com.au/wcsstore/Coles-CAS/images/7/9/1/7910342-th.jpg",
    "categories": ["entertaining-at-home"],
    "tags": ["drinks-mixers", "soft-drink"],
    "locations": {
      "vic": {
        "price": 9,
        "promoText": "$5.00 ",
        "packageSize": "12 pack",
        "packagePrice": "$2.50 per 1L"
      }
    }
  },
  {
    "id": "mountain-dew-375ml-cans",
    "brand": "Mountain Dew",
    "name": "Multipack Cans 375mL",
    "imageUrl": "https://shop.coles.com.au/wcsstore/Coles-CAS/images/2/6/8/2684188-th.jpg",
    "categories": ["entertaining-at-home"],
    "tags": ["drinks-mixers", "soft-drink"],
    "locations": {
      "vic": {
        "price": 6,
        "promoText": "$5.05 ",
        "packageSize": "10 pack",
        "packagePrice": "$1.60 per 1L"
      }
    }
  },
  {
    "id": "pepsi-soft-drink-cola-375ml-cans-7837424p",
    "brand": "Pepsi",
    "name": "Cola Soft Drink 375mL",
    "imageUrl": "https://shop.coles.com.au/wcsstore/Coles-CAS/images/7/8/3/7837424-th.jpg",
    "categories": ["entertaining-at-home"],
    "tags": ["drinks-mixers", "soft-drink"],
    "locations": {
      "vic": {
        "price": 16,
        "promoText": " ",
        "packageSize": "30 pack",
        "packagePrice": "$1.42 per 1L"
      }
    }
  },
  {
    "id": "pepsi-soft-drink-10x375ml-soft-drink-max-raspberry",
    "brand": "Pepsi",
    "name": "Raspberry Flavour Max Multipack Cans 375mL",
    "imageUrl": "https://shop.coles.com.au/wcsstore/Coles-CAS/images/3/2/7/3270817-th.jpg",
    "categories": ["entertaining-at-home"],
    "tags": ["drinks-mixers", "soft-drink"],
    "locations": {
      "vic": {
        "price": 6,
        "promoText": "$5.05 ",
        "packageSize": "10 pack",
        "packagePrice": "$1.60 per 1L"
      }
    }
  },
  {
    "id": "red-bull-energy-drink-sugar-free",
    "brand": "Red Bull",
    "name": "Sugar Free Energy Drink Multipack 250mL",
    "imageUrl": "https://shop.coles.com.au/wcsstore/Coles-CAS/images/9/6/1/9615900-th.jpg",
    "categories": ["entertaining-at-home"],
    "tags": ["drinks-mixers", "soft-drink"],
    "locations": {
      "vic": {
        "price": 10.2,
        "promoText": " ",
        "packageSize": "4 pack",
        "packagePrice": "$10.20 per 1L"
      }
    }
  },
  {
    "id": "kirks-soft-drink-ginger-beer-375ml-cans",
    "brand": "Kirks",
    "name": "Ginger Beer Multiple Cans 375mL",
    "imageUrl": "https://shop.coles.com.au/wcsstore/Coles-CAS/images/8/4/9/8492033-th.jpg",
    "categories": ["entertaining-at-home"],
    "tags": ["drinks-mixers", "soft-drink"],
    "locations": {
      "vic": {
        "price": 5,
        "promoText": "Was $8.90 on Jun 2018 ",
        "packageSize": "375mL",
        "packagePrice": "$1.33 per 1L"
      }
    }
  },
  {
    "id": "kirks-soft-drink-lemonade",
    "brand": "Kirks",
    "name": "Lemonade",
    "imageUrl": "https://shop.coles.com.au/wcsstore/Coles-CAS/images/5/3/9/5399166-th.jpg",
    "categories": ["entertaining-at-home"],
    "tags": ["drinks-mixers", "soft-drink"],
    "locations": {
      "vic": {
        "price": 1.15,
        "promoText": "$0.55 ",
        "packageSize": "1.25L",
        "packagePrice": "$0.92 per 1L"
      }
    }
  },
  {
    "id": "pepsi-soft-drink-cola-148205p",
    "brand": "Pepsi",
    "name": "Cola Soft Drink",
    "imageUrl": "https://shop.coles.com.au/wcsstore/Coles-CAS/images/1/4/8/148205-th.jpg",
    "categories": ["entertaining-at-home"],
    "tags": ["drinks-mixers", "soft-drink"],
    "locations": {
      "vic": {
        "price": 1.7,
        "promoText": "$0.50 ",
        "packageSize": "1.25L",
        "packagePrice": "$1.36 per 1L"
      }
    }
  },
  {
    "id": "pepsi-soft-drink-10x375ml-pepsi-max-vanilla",
    "brand": "Pepsi",
    "name": "Max Vanilla Multipack Cans 375mL",
    "imageUrl": "https://shop.coles.com.au/wcsstore/Coles-CAS/images/2/8/8/2887480-th.jpg",
    "categories": ["entertaining-at-home"],
    "tags": ["drinks-mixers", "soft-drink"],
    "locations": {
      "vic": {
        "price": 6,
        "promoText": "$5.05 ",
        "packageSize": "10 pack",
        "packagePrice": "$1.60 per 1L"
      }
    }
  },
  {
    "id": "schweppes-soft-drink-lemonade-3270191p",
    "brand": "Schweppes",
    "name": "Lemonade",
    "imageUrl": "https://shop.coles.com.au/wcsstore/Coles-CAS/images/3/2/7/3270191-th.jpg",
    "categories": ["entertaining-at-home"],
    "tags": ["drinks-mixers", "soft-drink"],
    "locations": {
      "vic": {
        "price": 2,
        "promoText": " ",
        "packageSize": "1.1L",
        "packagePrice": "$1.82 per 1L"
      }
    }
  },
  {
    "id": "coca-cola-coke-zero-375ml-cans",
    "brand": "Coca-Cola",
    "name": "Vanilla Flavour Coke Multipack Cans 375mL",
    "imageUrl": "https://shop.coles.com.au/wcsstore/Coles-CAS/images/1/8/4/1849293-th.jpg",
    "categories": ["entertaining-at-home"],
    "tags": ["drinks-mixers", "soft-drink"],
    "locations": {
      "vic": {
        "price": 12.3,
        "promoText": "Any 2 $14",
        "packageSize": "10 pack",
        "packagePrice": "$3.28 per 1L"
      }
    }
  },
  {
    "id": "coles-soft-drink-pineapple",
    "brand": "Coles",
    "name": "Pineapple Drink",
    "imageUrl": "https://shop.coles.com.au/wcsstore/Coles-CAS/images/5/1/7/5179181-th.jpg",
    "categories": ["entertaining-at-home"],
    "tags": ["drinks-mixers", "soft-drink"],
    "locations": {
      "vic": {
        "price": 0.75,
        "promoText": " ",
        "packageSize": "1.25L",
        "packagePrice": "$0.60 per 1L"
      }
    }
  },
  {
    "id": "coca-cola-fanta-orange-375ml-cans",
    "brand": "Fanta",
    "name": "Orange Flavour Multipack Cans 375mL",
    "imageUrl": "https://shop.coles.com.au/wcsstore/Coles-CAS/images/1/8/4/1849330-th.jpg",
    "categories": ["entertaining-at-home"],
    "tags": ["drinks-mixers", "soft-drink"],
    "locations": {
      "vic": {
        "price": 12.3,
        "promoText": "Any 2 $14",
        "packageSize": "10 pack",
        "packagePrice": "$3.28 per 1L"
      }
    }
  },
  {
    "id": "kirks-soft-drink-lemon-squash-375ml-cans",
    "brand": "Kirks",
    "name": "Lemon Squash Multipack Cans 375 mL",
    "imageUrl": "https://shop.coles.com.au/wcsstore/Coles-CAS/images/9/1/2/9125050-th.jpg",
    "categories": ["entertaining-at-home"],
    "tags": ["drinks-mixers", "soft-drink"],
    "locations": {
      "vic": {
        "price": 5,
        "promoText": "Was $8.90 on Jun 2018 ",
        "packageSize": "10 Pack",
        "packagePrice": "$1.33 per 1L"
      }
    }
  },
  {
    "id": "pepsi-soft-drink-cola-375ml-cans",
    "brand": "Pepsi",
    "name": "Cola Soft Drink 375mL",
    "imageUrl": "https://shop.coles.com.au/wcsstore/Coles-CAS/images/7/3/6/7365960-th.jpg",
    "categories": ["entertaining-at-home"],
    "tags": ["drinks-mixers", "soft-drink"],
    "locations": {
      "vic": {
        "price": 21,
        "promoText": " ",
        "packageSize": "24 pack",
        "packagePrice": "$2.33 per 1L"
      }
    }
  },
  {
    "id": "que-cola-soft-drink-cola",
    "brand": "Que",
    "name": "Cola Soft Drink",
    "imageUrl": "https://shop.coles.com.au/wcsstore/Coles-CAS/images/3/2/4/3243541-th.jpg",
    "categories": ["entertaining-at-home"],
    "tags": ["drinks-mixers", "soft-drink"],
    "locations": {
      "vic": {
        "price": 0.75,
        "promoText": " ",
        "packageSize": "1.25L",
        "packagePrice": "$0.60 per 1L"
      }
    }
  },
  {
    "id": "red-bull-zero-energy-drink-zero",
    "brand": "Red Bull",
    "name": "Zero Energy Drink Multipack 250mL",
    "imageUrl": "https://shop.coles.com.au/wcsstore/Coles-CAS/images/1/4/9/1492443-th.jpg",
    "categories": ["entertaining-at-home"],
    "tags": ["drinks-mixers", "soft-drink"],
    "locations": {
      "vic": {
        "price": 10.2,
        "promoText": " ",
        "packageSize": "4 pack",
        "packagePrice": "$10.20 per 1L"
      }
    }
  },
  {
    "id": "solo-lemon-10x375ml-cans",
    "brand": "Solo",
    "name": "Lemon Flavour Multipack Cans 375mL",
    "imageUrl": "https://shop.coles.com.au/wcsstore/Coles-CAS/images/2/6/8/2684144-th.jpg",
    "categories": ["entertaining-at-home"],
    "tags": ["drinks-mixers", "soft-drink"],
    "locations": {
      "vic": {
        "price": 6,
        "promoText": "$5.05 ",
        "packageSize": "10 pack",
        "packagePrice": "$1.60 per 1L"
      }
    }
  },
  {
    "id": "v-energy-drink-original-sugar-free-4-x-275ml-cans",
    "brand": "V",
    "name": "Energy Drink Original Sugar Free 4 x 275ml cans",
    "imageUrl": "https://shop.coles.com.au/wcsstore/Coles-CAS/images/2/3/8/2383352-th.jpg",
    "categories": ["entertaining-at-home"],
    "tags": ["drinks-mixers", "soft-drink"],
    "locations": {
      "vic": {
        "price": 6,
        "promoText": "$3.35 ",
        "packageSize": "4 pack",
        "packagePrice": "$5.45 per 1L"
      }
    }
  },
  {
    "id": "coles-soft-drink-raspberry",
    "brand": "Coles",
    "name": "Raspberry Flavoured Drink",
    "imageUrl": "https://shop.coles.com.au/wcsstore/Coles-CAS/images/5/1/7/5179283-th.jpg",
    "categories": ["entertaining-at-home"],
    "tags": ["drinks-mixers", "soft-drink"],
    "locations": {
      "vic": {
        "price": 0.75,
        "promoText": " ",
        "packageSize": "1.25L",
        "packagePrice": "$0.60 per 1L"
      }
    }
  },
  {
    "id": "coles-variety-pack-soft-drinks-375ml-can",
    "brand": "Coles",
    "name": "Variety Pack Drinks Multipack Cans 375mL",
    "imageUrl": "https://shop.coles.com.au/wcsstore/Coles-CAS/images/2/6/0/2608805-th.jpg",
    "categories": ["entertaining-at-home"],
    "tags": ["drinks-mixers", "soft-drink"],
    "locations": {
      "vic": {
        "price": 10,
        "promoText": " ",
        "packageSize": "24 pack",
        "packagePrice": "$1.11 per 1L"
      }
    }
  },
  {
    "id": "kirks-soft-drink-lemonade-375ml-cans-9124920p",
    "brand": "Kirks",
    "name": "Lemonade Multipack Cans 375mL",
    "imageUrl": "https://shop.coles.com.au/wcsstore/Coles-CAS/images/9/1/2/9124920-th.jpg",
    "categories": ["entertaining-at-home"],
    "tags": ["drinks-mixers", "soft-drink"],
    "locations": {
      "vic": {
        "price": 5,
        "promoText": "Was $8.90 on Jun 2018 ",
        "packageSize": "10 pack",
        "packagePrice": "$1.33 per 1L"
      }
    }
  },
  {
    "id": "mountain-dew-soft-drink-3613108p",
    "brand": "Mountain Dew",
    "name": "Energised Multipack Soft Drink Cans 375mL",
    "imageUrl": "https://shop.coles.com.au/wcsstore/Coles-CAS/images/3/6/1/3613108-th.jpg",
    "categories": ["entertaining-at-home"],
    "tags": ["drinks-mixers", "soft-drink"],
    "locations": {
      "vic": {
        "price": 21,
        "promoText": " ",
        "packageSize": "24 Pack",
        "packagePrice": "$2.33 per 1L"
      }
    }
  },
  {
    "id": "schweppes-pepsi-max-300ml-glass-bottles",
    "brand": "Pepsi",
    "name": "Max Multipack Bottles 300mL",
    "imageUrl": "https://shop.coles.com.au/wcsstore/Coles-CAS/images/2/6/8/2684246-th.jpg",
    "categories": ["entertaining-at-home"],
    "tags": ["drinks-mixers", "soft-drink"],
    "locations": {
      "vic": {
        "price": 5.25,
        "promoText": "Any 2 $7",
        "packageSize": "4 pack",
        "packagePrice": "$4.38 per 1L"
      }
    }
  },
  {
    "id": "schweppes-soft-drink-raspberry",
    "brand": "Schweppes",
    "name": "Raspberry Flavoured Drink",
    "imageUrl": "https://shop.coles.com.au/wcsstore/Coles-CAS/images/3/2/7/3270216-th.jpg",
    "categories": ["entertaining-at-home"],
    "tags": ["drinks-mixers", "soft-drink"],
    "locations": {
      "vic": {
        "price": 2,
        "promoText": " ",
        "packageSize": "1.1L",
        "packagePrice": "$1.82 per 1L"
      }
    }
  },
  {
    "id": "v--energy-drink",
    "brand": "V",
    "name": "Energy Drink Can",
    "imageUrl": "https://shop.coles.com.au/wcsstore/Coles-CAS/images/7/3/0/7305345-th.jpg",
    "categories": ["entertaining-at-home"],
    "tags": ["drinks-mixers", "soft-drink"],
    "locations": {
      "vic": {
        "price": 9,
        "promoText": "$3.35 ",
        "packageSize": "4 pack",
        "packagePrice": "$4.50 per 1L"
      }
    }
  },
  {
    "id": "cottees-cordial-coola",
    "brand": "Cottee's",
    "name": "Coola Lime Cordial",
    "imageUrl": "https://shop.coles.com.au/wcsstore/Coles-CAS/images/7/7/6/7766767-th.jpg",
    "categories": ["entertaining-at-home"],
    "tags": ["drinks-mixers", "juices-cordial"],
    "locations": {
      "vic": {
        "price": 4.2,
        "promoText": "Any 2 $7.50",
        "packageSize": "1L",
        "packagePrice": "$4.20 per 1L"
      }
    }
  },
  {
    "id": "just-juice-100%25-apple",
    "brand": "Just Juice",
    "name": "Apple Juice",
    "imageUrl": "https://shop.coles.com.au/wcsstore/Coles-CAS/images/4/9/4/494807-th.jpg",
    "categories": ["entertaining-at-home"],
    "tags": ["drinks-mixers", "juices-cordial"],
    "locations": {
      "vic": {
        "price": 2,
        "promoText": "$0.30 ",
        "packageSize": "1L",
        "packagePrice": "$2.00 per 1L"
      }
    }
  },
  {
    "id": "cottees-cordial-fruit-cup",
    "brand": "Cottee's",
    "name": "Fruit Cup Cordial",
    "imageUrl": "https://shop.coles.com.au/wcsstore/Coles-CAS/images/7/7/6/7766778-th.jpg",
    "categories": ["entertaining-at-home"],
    "tags": ["drinks-mixers", "juices-cordial"],
    "locations": {
      "vic": {
        "price": 4.2,
        "promoText": "Any 2 $7.50",
        "packageSize": "1L",
        "packagePrice": "$4.20 per 1L"
      }
    }
  },
  {
    "id": "cottees-cordial-lemon-no-added-sugar",
    "brand": "Cottee's",
    "name": "Lemon No Added Sugar Cordial",
    "imageUrl": "https://shop.coles.com.au/wcsstore/Coles-CAS/images/7/7/6/7767919-th.jpg",
    "categories": ["entertaining-at-home"],
    "tags": ["drinks-mixers", "juices-cordial"],
    "locations": {
      "vic": {
        "price": 4.2,
        "promoText": "Any 2 $7.50",
        "packageSize": "1L",
        "packagePrice": "$4.20 per 1L"
      }
    }
  },
  {
    "id": "ribena-blackcurrant-syrup",
    "brand": "Ribena",
    "name": "Blackcurrant Syrup Bottle",
    "imageUrl": "https://shop.coles.com.au/wcsstore/Coles-CAS/images/1/6/4/164336-th.jpg",
    "categories": ["entertaining-at-home"],
    "tags": ["drinks-mixers", "juices-cordial"],
    "locations": {
      "vic": {
        "price": 6,
        "promoText": "Was $8.00 on Jun 2018 ",
        "packageSize": "1L",
        "packagePrice": "$6.00 per 1L"
      }
    }
  },
  {
    "id": "coles-orange-juice-2531551p",
    "brand": "Coles",
    "name": "Orange Juice",
    "imageUrl": "https://shop.coles.com.au/wcsstore/Coles-CAS/images/2/5/3/2531551-th.jpg",
    "categories": ["entertaining-at-home"],
    "tags": ["drinks-mixers", "juices-cordial"],
    "locations": {
      "vic": {
        "price": 2,
        "promoText": " ",
        "packageSize": "2L",
        "packagePrice": "$1.00 per 1L"
      }
    }
  },
  {
    "id": "golden-circle-pineapple-juice-unsweetened",
    "brand": "Golden Circle",
    "name": "Pineapple Juice",
    "imageUrl": "https://shop.coles.com.au/wcsstore/Coles-CAS/images/5/4/8/5487536-th.jpg",
    "categories": ["entertaining-at-home"],
    "tags": ["drinks-mixers", "juices-cordial"],
    "locations": {
      "vic": {
        "price": 3.8,
        "promoText": " ",
        "packageSize": "2L",
        "packagePrice": "$1.90 per 1L"
      }
    }
  },
  {
    "id": "bickfords-cordial-lemon-barley-water",
    "brand": "Bickford's",
    "name": "Lemon Barley Cordial",
    "imageUrl": "https://shop.coles.com.au/wcsstore/Coles-CAS/images/5/2/9/5291308-th.jpg",
    "categories": ["entertaining-at-home"],
    "tags": ["drinks-mixers", "juices-cordial"],
    "locations": {
      "vic": {
        "price": 4,
        "promoText": " ",
        "packageSize": "750mL",
        "packagePrice": "$5.33 per 1L"
      }
    }
  },
  {
    "id": "coles-apple-juice",
    "brand": "Coles",
    "name": "Apple Juice",
    "imageUrl": "https://shop.coles.com.au/wcsstore/Coles-CAS/images/2/5/3/2531530-th.jpg",
    "categories": ["entertaining-at-home"],
    "tags": ["drinks-mixers", "juices-cordial"],
    "locations": {
      "vic": {
        "price": 2,
        "promoText": " ",
        "packageSize": "2L",
        "packagePrice": "$1.00 per 1L"
      }
    }
  },
  {
    "id": "cottees-cordial-coola-no-added-sugar",
    "brand": "Cottee's",
    "name": "Coola No Added Sugar Cordial",
    "imageUrl": "https://shop.coles.com.au/wcsstore/Coles-CAS/images/7/7/6/7767883-th.jpg",
    "categories": ["entertaining-at-home"],
    "tags": ["drinks-mixers", "juices-cordial"],
    "locations": {
      "vic": {
        "price": 4.2,
        "promoText": "Any 2 $7.50",
        "packageSize": "1L",
        "packagePrice": "$4.20 per 1L"
      }
    }
  },
  {
    "id": "cottees-cordial-apple-raspberry-no-added-sugar",
    "brand": "Cottee's",
    "name": "Apple & Raspberry No Added Sugar Cordial",
    "imageUrl": "https://shop.coles.com.au/wcsstore/Coles-CAS/images/7/7/6/7766745-th.jpg",
    "categories": ["entertaining-at-home"],
    "tags": ["drinks-mixers", "juices-cordial"],
    "locations": {
      "vic": {
        "price": 4.2,
        "promoText": "Any 2 $7.50",
        "packageSize": "1L",
        "packagePrice": "$4.20 per 1L"
      }
    }
  },
  {
    "id": "ocean-spray-cranberry-classic-drink",
    "brand": "Ocean Spray",
    "name": "Classic Cranberry Juice Drink",
    "imageUrl": "https://shop.coles.com.au/wcsstore/Coles-CAS/images/9/7/9/9793057-th.jpg",
    "categories": ["entertaining-at-home"],
    "tags": ["drinks-mixers", "juices-cordial"],
    "locations": {
      "vic": {
        "price": 3.8,
        "promoText": "$1.90 ",
        "packageSize": "1.5L",
        "packagePrice": "$2.53 per 1L"
      }
    }
  },
  {
    "id": "golden-circle-juice-100%25-orange",
    "brand": "Golden Circle",
    "name": "Orange Juice",
    "imageUrl": "https://shop.coles.com.au/wcsstore/Coles-CAS/images/5/4/8/5487445-th.jpg",
    "categories": ["entertaining-at-home"],
    "tags": ["drinks-mixers", "juices-cordial"],
    "locations": {
      "vic": {
        "price": 2.5,
        "promoText": " ",
        "packageSize": "2L",
        "packagePrice": "$1.25 per 1L"
      }
    }
  },
  {
    "id": "appletiser-sparkling-apple-juice",
    "brand": "Appletiser",
    "name": "Sparkling Apple Juice Bottle",
    "imageUrl": "https://shop.coles.com.au/wcsstore/Coles-CAS/images/2/0/7/207100-th.jpg",
    "categories": ["entertaining-at-home"],
    "tags": ["drinks-mixers", "juices-cordial"],
    "locations": {
      "vic": {
        "price": 4.2,
        "promoText": "Any 2 $6",
        "packageSize": "750mL",
        "packagePrice": "$5.60 per 1L"
      }
    }
  },
  {
    "id": "golden-circle-apple-juice",
    "brand": "Golden Circle",
    "name": "Apple Juice",
    "imageUrl": "https://shop.coles.com.au/wcsstore/Coles-CAS/images/5/4/8/5487456-th.jpg",
    "categories": ["entertaining-at-home"],
    "tags": ["drinks-mixers", "juices-cordial"],
    "locations": {
      "vic": {
        "price": 2.5,
        "promoText": " ",
        "packageSize": "2L",
        "packagePrice": "$1.25 per 1L"
      }
    }
  },
  {
    "id": "cottees-cordial-orange-no-added-sugar",
    "brand": "Cottee's",
    "name": "Orange No Added Sugar Cordial",
    "imageUrl": "https://shop.coles.com.au/wcsstore/Coles-CAS/images/7/7/6/7767952-th.jpg",
    "categories": ["entertaining-at-home"],
    "tags": ["drinks-mixers", "juices-cordial"],
    "locations": {
      "vic": {
        "price": 4.2,
        "promoText": "Any 2 $7.50",
        "packageSize": "1L",
        "packagePrice": "$4.20 per 1L"
      }
    }
  },
  {
    "id": "devondale-sparkling-apple-juice",
    "brand": "Devondale",
    "name": "Sparkling Apple Juice Bottle",
    "imageUrl": "https://shop.coles.com.au/wcsstore/Coles-CAS/images/2/0/0/200462-th.jpg",
    "categories": ["entertaining-at-home"],
    "tags": ["drinks-mixers", "juices-cordial"],
    "locations": {
      "vic": {
        "price": 2.2,
        "promoText": "$0.70 ",
        "packageSize": "750mL",
        "packagePrice": "$2.93 per 1L"
      }
    }
  },
  {
    "id": "bickfords-cordial-lemon-lime-bitters",
    "brand": "Bickford's",
    "name": "Lemon Lime & Bitters Cordial",
    "imageUrl": "https://shop.coles.com.au/wcsstore/Coles-CAS/images/6/8/7/6875359-th.jpg",
    "categories": ["entertaining-at-home"],
    "tags": ["drinks-mixers", "juices-cordial"],
    "locations": {
      "vic": {
        "price": 4,
        "promoText": " ",
        "packageSize": "750mL",
        "packagePrice": "$5.33 per 1L"
      }
    }
  },
  {
    "id": "coles-apple-mango-juice",
    "brand": "Coles",
    "name": "Apple & Mango Juice",
    "imageUrl": "https://shop.coles.com.au/wcsstore/Coles-CAS/images/3/0/4/3048681-th.jpg",
    "categories": ["entertaining-at-home"],
    "tags": ["drinks-mixers", "juices-cordial"],
    "locations": {
      "vic": {
        "price": 2,
        "promoText": " ",
        "packageSize": "2L",
        "packagePrice": "$1.00 per 1L"
      }
    }
  },
  {
    "id": "diet-rite-fruit-cocktail-cordial",
    "brand": "Diet Rite",
    "name": "Fruit Cocktail Cordial",
    "imageUrl": "https://shop.coles.com.au/wcsstore/Coles-CAS/images/3/0/5/3050082-th.jpg",
    "categories": ["entertaining-at-home"],
    "tags": ["drinks-mixers", "juices-cordial"],
    "locations": {
      "vic": {
        "price": 3,
        "promoText": " ",
        "packageSize": "1L",
        "packagePrice": "$3.00 per 1L"
      }
    }
  },
  {
    "id": "golden-circle-fruit-drink-pineapple",
    "brand": "Golden Circle",
    "name": "Pineapple Juice",
    "imageUrl": "https://shop.coles.com.au/wcsstore/Coles-CAS/images/2/8/0/280086-th.jpg",
    "categories": ["entertaining-at-home"],
    "tags": ["drinks-mixers", "juices-cordial"],
    "locations": {
      "vic": {
        "price": 2.25,
        "promoText": " ",
        "packageSize": "1L",
        "packagePrice": "$2.25 per 1L"
      }
    }
  },
  {
    "id": "golden-circle-mango-nectar-fruit-juice",
    "brand": "Golden Circle",
    "name": "Mango Nectar Fruit Drink",
    "imageUrl": "https://shop.coles.com.au/wcsstore/Coles-CAS/images/7/7/9/7796225-th.jpg",
    "categories": ["entertaining-at-home"],
    "tags": ["drinks-mixers", "juices-cordial"],
    "locations": {
      "vic": {
        "price": 2.5,
        "promoText": " ",
        "packageSize": "2L",
        "packagePrice": "$1.25 per 1L"
      }
    }
  },
  {
    "id": "bickfords-cordial-lemon-juice",
    "brand": "Bickford's",
    "name": "Lemon Cordial",
    "imageUrl": "https://shop.coles.com.au/wcsstore/Coles-CAS/images/6/8/7/6875280-th.jpg",
    "categories": ["entertaining-at-home"],
    "tags": ["drinks-mixers", "juices-cordial"],
    "locations": {
      "vic": {
        "price": 4,
        "promoText": " ",
        "packageSize": "750ml",
        "packagePrice": "$5.33 per 1L"
      }
    }
  },
  {
    "id": "golden-circle-cordial-apple-raspberry",
    "brand": "Golden Circle",
    "name": "Apple Raspberry Cordial",
    "imageUrl": "https://shop.coles.com.au/wcsstore/Coles-CAS/images/6/0/1/6010674-th.jpg",
    "categories": ["entertaining-at-home"],
    "tags": ["drinks-mixers", "juices-cordial"],
    "locations": {
      "vic": {
        "price": 3,
        "promoText": "Was $4.00 on Apr 2018 ",
        "packageSize": "2L",
        "packagePrice": "$1.50 per 1L"
      }
    }
  },
  {
    "id": "ocean-spray-cranberry-drink-light",
    "brand": "Ocean Spray",
    "name": "Light Cranberry Fruit Drink",
    "imageUrl": "https://shop.coles.com.au/wcsstore/Coles-CAS/images/4/5/8/4586598-th.jpg",
    "categories": ["entertaining-at-home"],
    "tags": ["drinks-mixers", "juices-cordial"],
    "locations": {
      "vic": {
        "price": 3.8,
        "promoText": "$1.90 ",
        "packageSize": "1.5L",
        "packagePrice": "$2.53 per 1L"
      }
    }
  },
  {
    "id": "ardmona-apricot-nectar-juice",
    "brand": "Ardmona",
    "name": "Apricot Nectar Fruit Drink Can",
    "imageUrl": "https://shop.coles.com.au/wcsstore/Coles-CAS/images/4/7/4/4742015-th.jpg",
    "categories": ["entertaining-at-home"],
    "tags": ["drinks-mixers", "juices-cordial"],
    "locations": {
      "vic": {
        "price": 1.7,
        "promoText": " ",
        "packageSize": "405mL",
        "packagePrice": "$4.20 per 1L"
      }
    }
  },
  {
    "id": "bickfords-juice-prune",
    "brand": "Bickford's",
    "name": "Prune Juice",
    "imageUrl": "https://shop.coles.com.au/wcsstore/Coles-CAS/images/5/2/2/5225460-th.jpg",
    "categories": ["entertaining-at-home"],
    "tags": ["drinks-mixers", "juices-cordial"],
    "locations": {
      "vic": {
        "price": 6,
        "promoText": " ",
        "packageSize": "1L",
        "packagePrice": "$6.00 per 1L"
      }
    }
  },
  {
    "id": "bickfords-cordial-lime-juice",
    "brand": "Bickford's",
    "name": "Lime Cordial",
    "imageUrl": "https://shop.coles.com.au/wcsstore/Coles-CAS/images/1/6/7/167924-th.jpg",
    "categories": ["entertaining-at-home"],
    "tags": ["drinks-mixers", "juices-cordial"],
    "locations": {
      "vic": {
        "price": 4,
        "promoText": " ",
        "packageSize": "750mL",
        "packagePrice": "$5.33 per 1L"
      }
    }
  },
  {
    "id": "campbells-v8-juice-breakfast",
    "brand": "Campbell's",
    "name": "V8 Breakfast Fusion Juice",
    "imageUrl": "https://shop.coles.com.au/wcsstore/Coles-CAS/images/1/1/6/1165425-th.jpg",
    "categories": ["entertaining-at-home"],
    "tags": ["drinks-mixers", "juices-cordial"],
    "locations": {
      "vic": {
        "price": 4.6,
        "promoText": "Any 2 $7",
        "packageSize": "1.25L",
        "packagePrice": "$3.68 per 1L"
      }
    }
  },
  {
    "id": "cottees-cordial-lemon",
    "brand": "Cottee's",
    "name": "Lemon Cordial",
    "imageUrl": "https://shop.coles.com.au/wcsstore/Coles-CAS/images/7/7/6/7767908-th.jpg",
    "categories": ["entertaining-at-home"],
    "tags": ["drinks-mixers", "juices-cordial"],
    "locations": {
      "vic": {
        "price": 4.2,
        "promoText": "Any 2 $7.50",
        "packageSize": "1L",
        "packagePrice": "$4.20 per 1L"
      }
    }
  },
  {
    "id": "grapetiser-sparkling-red-grape-juice",
    "brand": "Grapetiser",
    "name": "Sparkling Red Grape Juice Bottle",
    "imageUrl": "https://shop.coles.com.au/wcsstore/Coles-CAS/images/5/1/9/5196566-th.jpg",
    "categories": ["entertaining-at-home"],
    "tags": ["drinks-mixers", "juices-cordial"],
    "locations": {
      "vic": {
        "price": 4.65,
        "promoText": "Any 2 $6",
        "packageSize": "750mL",
        "packagePrice": "$6.20 per 1L"
      }
    }
  },
  {
    "id": "just-juice-100%25-orange-unsweetened",
    "brand": "Just Juice",
    "name": "Orange Juice",
    "imageUrl": "https://shop.coles.com.au/wcsstore/Coles-CAS/images/1/0/5/105563-th.jpg",
    "categories": ["entertaining-at-home"],
    "tags": ["drinks-mixers", "juices-cordial"],
    "locations": {
      "vic": {
        "price": 2,
        "promoText": "$0.30 ",
        "packageSize": "1L",
        "packagePrice": "$2.00 per 1L"
      }
    }
  },
  {
    "id": "ribena-ready-to-drink-blackcurrant-drink-9592850p",
    "brand": "Ribena",
    "name": "Blackcurrant Fruit Drink",
    "imageUrl": "https://shop.coles.com.au/wcsstore/Coles-CAS/images/9/5/9/9592850-th.jpg",
    "categories": ["entertaining-at-home"],
    "tags": ["drinks-mixers", "juices-cordial"],
    "locations": {
      "vic": {
        "price": 3.6,
        "promoText": "Was $4.50 on Jan 2019 ",
        "packageSize": "2.4L",
        "packagePrice": "$1.50 per 1L"
      }
    }
  },
  {
    "id": "bickfords-cordial-raspberry",
    "brand": "Bickfords",
    "name": "Raspberry Cordial",
    "imageUrl": "https://shop.coles.com.au/wcsstore/Coles-CAS/images/4/4/2/4420370-th.jpg",
    "categories": ["entertaining-at-home"],
    "tags": ["drinks-mixers", "juices-cordial"],
    "locations": {
      "vic": {
        "price": 4,
        "promoText": " ",
        "packageSize": "750mL",
        "packagePrice": "$5.33 per 1L"
      }
    }
  },
  {
    "id": "campbells-v8-juice-vegetable-1165356p",
    "brand": "Campbell's",
    "name": "V8 Vegetable Juice",
    "imageUrl": "https://shop.coles.com.au/wcsstore/Coles-CAS/images/1/1/6/1165356-th.jpg",
    "categories": ["entertaining-at-home"],
    "tags": ["drinks-mixers", "juices-cordial"],
    "locations": {
      "vic": {
        "price": 4.6,
        "promoText": "Any 2 $7",
        "packageSize": "1.25L",
        "packagePrice": "$3.68 per 1L"
      }
    }
  },
  {
    "id": "campbells-v8-power-blend-juice-healthy-green",
    "brand": "Campbell's",
    "name": "V8 Healthy Greens Juice",
    "imageUrl": "https://shop.coles.com.au/wcsstore/Coles-CAS/images/2/5/2/2528320-th.jpg",
    "categories": ["entertaining-at-home"],
    "tags": ["drinks-mixers", "juices-cordial"],
    "locations": {
      "vic": {
        "price": 5,
        "promoText": "Any 2 $7",
        "packageSize": "1.25L",
        "packagePrice": "$4.00 per 1L"
      }
    }
  },
  {
    "id": "coles-multi-vitamin-juice",
    "brand": "Coles",
    "name": "Multi Vitamin Juice",
    "imageUrl": "https://shop.coles.com.au/wcsstore/Coles-CAS/images/2/5/3/2531584-th.jpg",
    "categories": ["entertaining-at-home"],
    "tags": ["drinks-mixers", "juices-cordial"],
    "locations": {
      "vic": {
        "price": 2,
        "promoText": " ",
        "packageSize": "2L",
        "packagePrice": "$1.00 per 1L"
      }
    }
  },
  {
    "id": "cottees-cordial-orange",
    "brand": "Cottee's",
    "name": "Orange Cordial",
    "imageUrl": "https://shop.coles.com.au/wcsstore/Coles-CAS/images/7/7/6/7767941-th.jpg",
    "categories": ["entertaining-at-home"],
    "tags": ["drinks-mixers", "juices-cordial"],
    "locations": {
      "vic": {
        "price": 4.2,
        "promoText": "Any 2 $7.50",
        "packageSize": "1L",
        "packagePrice": "$4.20 per 1L"
      }
    }
  },
  {
    "id": "diet-rite-apple-rasberry-cordial",
    "brand": "Diet Rite",
    "name": "Apple Raspberry Cordial",
    "imageUrl": "https://shop.coles.com.au/wcsstore/Coles-CAS/images/3/0/5/3050071-th.jpg",
    "categories": ["entertaining-at-home"],
    "tags": ["drinks-mixers", "juices-cordial"],
    "locations": {
      "vic": {
        "price": 3,
        "promoText": " ",
        "packageSize": "1L",
        "packagePrice": "$3.00 per 1L"
      }
    }
  },
  {
    "id": "golden-circle-fruit-drink-golden-pash",
    "brand": "Golden Circle",
    "name": "Golden Pash Fruit Drink",
    "imageUrl": "https://shop.coles.com.au/wcsstore/Coles-CAS/images/5/1/2/5127235-th.jpg",
    "categories": ["entertaining-at-home"],
    "tags": ["drinks-mixers", "juices-cordial"],
    "locations": {
      "vic": {
        "price": 1.5,
        "promoText": "$0.65 ",
        "packageSize": "1L",
        "packagePrice": "$1.50 per 1L"
      }
    }
  },
  {
    "id": "golden-circle-fruit-drink-tropical-punch",
    "brand": "Golden Circle",
    "name": "Tropical Punch Fruit Drink",
    "imageUrl": "https://shop.coles.com.au/wcsstore/Coles-CAS/images/3/2/5/325730-th.jpg",
    "categories": ["entertaining-at-home"],
    "tags": ["drinks-mixers", "juices-cordial"],
    "locations": {
      "vic": {
        "price": 1.5,
        "promoText": "$0.65 ",
        "packageSize": "1L",
        "packagePrice": "$1.50 per 1L"
      }
    }
  },
  {
    "id": "golden-circle-100%25-apple-blackcurrant-juice",
    "brand": "Golden Circle",
    "name": "Apple Blackcurrant Juice",
    "imageUrl": "https://shop.coles.com.au/wcsstore/Coles-CAS/images/2/0/4/2044539-th.jpg",
    "categories": ["entertaining-at-home"],
    "tags": ["drinks-mixers", "juices-cordial"],
    "locations": {
      "vic": {
        "price": 2.5,
        "promoText": " ",
        "packageSize": "2L",
        "packagePrice": "$1.25 per 1L"
      }
    }
  },
  {
    "id": "bickfords-diet-cordial",
    "brand": "Bickfords",
    "name": "Diet Lime Cordial",
    "imageUrl": "https://shop.coles.com.au/wcsstore/Coles-CAS/images/3/5/9/3592530-th.jpg",
    "categories": ["entertaining-at-home"],
    "tags": ["drinks-mixers", "juices-cordial"],
    "locations": {
      "vic": {
        "price": 4,
        "promoText": " ",
        "packageSize": "750mL",
        "packagePrice": "$5.33 per 1L"
      }
    }
  },
  {
    "id": "campbells-v8-juice-tropical-1165378p",
    "brand": "Campbell's",
    "name": "V8 Tropical Juice",
    "imageUrl": "https://shop.coles.com.au/wcsstore/Coles-CAS/images/1/1/6/1165378-th.jpg",
    "categories": ["entertaining-at-home"],
    "tags": ["drinks-mixers", "juices-cordial"],
    "locations": {
      "vic": {
        "price": 4.6,
        "promoText": "Any 2 $7",
        "packageSize": "1.25L",
        "packagePrice": "$3.68 per 1L"
      }
    }
  },
  {
    "id": "coles-cordial-blackcurrant-juice-syrup",
    "brand": "Coles",
    "name": "Blackcurrant Juice Syrup",
    "imageUrl": "https://shop.coles.com.au/wcsstore/Coles-CAS/images/5/6/1/5612999-th.jpg",
    "categories": ["entertaining-at-home"],
    "tags": ["drinks-mixers", "juices-cordial"],
    "locations": {
      "vic": {
        "price": 3.8,
        "promoText": " ",
        "packageSize": "750mL",
        "packagePrice": "$5.07 per 1L"
      }
    }
  },
  {
    "id": "golden-circle-apple-mango-juice",
    "brand": "Golden Circle",
    "name": "Apple & Mango Juice",
    "imageUrl": "https://shop.coles.com.au/wcsstore/Coles-CAS/images/5/4/8/5487547-th.jpg",
    "categories": ["entertaining-at-home"],
    "tags": ["drinks-mixers", "juices-cordial"],
    "locations": {
      "vic": {
        "price": 2.5,
        "promoText": " ",
        "packageSize": "2L",
        "packagePrice": "$1.25 per 1L"
      }
    }
  },
  {
    "id": "golden-circle-breakfast-juice-9051973p",
    "brand": "Golden Circle",
    "name": "Breakfast Juice",
    "imageUrl": "https://shop.coles.com.au/wcsstore/Coles-CAS/images/9/0/5/9051973-th.jpg",
    "categories": ["entertaining-at-home"],
    "tags": ["drinks-mixers", "juices-cordial"],
    "locations": {
      "vic": {
        "price": 2.5,
        "promoText": " ",
        "packageSize": "2L",
        "packagePrice": "$1.25 per 1L"
      }
    }
  },
  {
    "id": "ocean-spray-ruby-red-grapefruit-drink",
    "brand": "Ocean Spray",
    "name": "Ruby Red Grapefruit Juice",
    "imageUrl": "https://shop.coles.com.au/wcsstore/Coles-CAS/images/4/9/5/4950759-th.jpg",
    "categories": ["entertaining-at-home"],
    "tags": ["drinks-mixers", "juices-cordial"],
    "locations": {
      "vic": {
        "price": 3.8,
        "promoText": "$1.90 ",
        "packageSize": "1.5L",
        "packagePrice": "$2.53 per 1L"
      }
    }
  },
  {
    "id": "bickfords-iced-tea-cordial-peach",
    "brand": "Bickford's",
    "name": "Peach Iced Tea Cordial",
    "imageUrl": "https://shop.coles.com.au/wcsstore/Coles-CAS/images/6/0/0/6007727-th.jpg",
    "categories": ["entertaining-at-home"],
    "tags": ["drinks-mixers", "juices-cordial"],
    "locations": {
      "vic": {
        "price": 4,
        "promoText": " ",
        "packageSize": "750mL",
        "packagePrice": "$5.33 per 1L"
      }
    }
  },
  {
    "id": "bickfords-cloudy-pear-juice",
    "brand": "Bickford's",
    "name": "Cloudy Pear Juice",
    "imageUrl": "https://shop.coles.com.au/wcsstore/Coles-CAS/images/2/0/4/2044583-th.jpg",
    "categories": ["entertaining-at-home"],
    "tags": ["drinks-mixers", "juices-cordial"],
    "locations": {
      "vic": {
        "price": 5.8,
        "promoText": " ",
        "packageSize": "1L",
        "packagePrice": "$5.80 per 1L"
      }
    }
  },
  {
    "id": "buderim-cordial-ginger-refresher",
    "brand": "Buderim Ginger",
    "name": "Ginger Refresher Cordial",
    "imageUrl": "https://shop.coles.com.au/wcsstore/Coles-CAS/images/8/5/8/8586385-th.jpg",
    "categories": ["entertaining-at-home"],
    "tags": ["drinks-mixers", "juices-cordial"],
    "locations": {
      "vic": {
        "price": 4,
        "promoText": " ",
        "packageSize": "750mL",
        "packagePrice": "$5.33 per 1L"
      }
    }
  },
  {
    "id": "coles-cordial-lime",
    "brand": "Coles",
    "name": "Lime Cordial",
    "imageUrl": "https://shop.coles.com.au/wcsstore/Coles-CAS/images/5/2/6/5264407-th.jpg",
    "categories": ["entertaining-at-home"],
    "tags": ["drinks-mixers", "juices-cordial"],
    "locations": {
      "vic": {
        "price": 3,
        "promoText": " ",
        "packageSize": "750mL",
        "packagePrice": "$4.00 per 1L"
      }
    }
  },
  {
    "id": "coles-apple-blackcurrant-juice",
    "brand": "Coles",
    "name": "Apple & Blackcurrant Juice",
    "imageUrl": "https://shop.coles.com.au/wcsstore/Coles-CAS/images/2/5/3/2531529-th.jpg",
    "categories": ["entertaining-at-home"],
    "tags": ["drinks-mixers", "juices-cordial"],
    "locations": {
      "vic": {
        "price": 2,
        "promoText": " ",
        "packageSize": "2L",
        "packagePrice": "$1.00 per 1L"
      }
    }
  },
  {
    "id": "golden-circle-fruit-drink-sunshine-punch",
    "brand": "Golden Circle",
    "name": "Sunshine Punch Fruit Drink",
    "imageUrl": "https://shop.coles.com.au/wcsstore/Coles-CAS/images/6/9/0/6909461-th.jpg",
    "categories": ["entertaining-at-home"],
    "tags": ["drinks-mixers", "juices-cordial"],
    "locations": {
      "vic": {
        "price": 1.5,
        "promoText": "$0.65 ",
        "packageSize": "1L",
        "packagePrice": "$1.50 per 1L"
      }
    }
  },
  {
    "id": "golden-circle-juice-apple",
    "brand": "Golden Circle",
    "name": "Apple Juice",
    "imageUrl": "https://shop.coles.com.au/wcsstore/Coles-CAS/images/5/9/7/5975020-th.jpg",
    "categories": ["entertaining-at-home"],
    "tags": ["drinks-mixers", "juices-cordial"],
    "locations": {
      "vic": {
        "price": 4,
        "promoText": " ",
        "packageSize": "3L",
        "packagePrice": "$1.33 per 1L"
      }
    }
  },
  {
    "id": "golden-circle-cordial-fruit-cup-crush",
    "brand": "Golden Circle",
    "name": "Fruit Cup Cordial",
    "imageUrl": "https://shop.coles.com.au/wcsstore/Coles-CAS/images/2/1/9/219245-th.jpg",
    "categories": ["entertaining-at-home"],
    "tags": ["drinks-mixers", "juices-cordial"],
    "locations": {
      "vic": {
        "price": 3,
        "promoText": "Was $4.00 on Apr 2018 ",
        "packageSize": "2L",
        "packagePrice": "$1.50 per 1L"
      }
    }
  },
  {
    "id": "golden-circle-100%25-orange-mango-juice",
    "brand": "Golden Circle",
    "name": "Orange Mango Juice",
    "imageUrl": "https://shop.coles.com.au/wcsstore/Coles-CAS/images/2/0/4/2044540-th.jpg",
    "categories": ["entertaining-at-home"],
    "tags": ["drinks-mixers", "juices-cordial"],
    "locations": {
      "vic": {
        "price": 2.5,
        "promoText": " ",
        "packageSize": "2L",
        "packagePrice": "$1.25 per 1L"
      }
    }
  },
  {
    "id": "ocean-spray-cranberry-pomegranate-drink",
    "brand": "Ocean Spray",
    "name": "Cranberry & Pomegranate Fruit Drink",
    "imageUrl": "https://shop.coles.com.au/wcsstore/Coles-CAS/images/7/2/5/7258551-th.jpg",
    "categories": ["entertaining-at-home"],
    "tags": ["drinks-mixers", "juices-cordial"],
    "locations": {
      "vic": {
        "price": 3.8,
        "promoText": "$1.90 ",
        "packageSize": "1.5L",
        "packagePrice": "$2.53 per 1L"
      }
    }
  },
  {
    "id": "schweppes-cordial-lime-juice",
    "brand": "Schweppes",
    "name": "Lime Cordial",
    "imageUrl": "https://shop.coles.com.au/wcsstore/Coles-CAS/images/1/2/3/123714-th.jpg",
    "categories": ["entertaining-at-home"],
    "tags": ["drinks-mixers", "juices-cordial"],
    "locations": {
      "vic": {
        "price": 4,
        "promoText": "Was $4.50 on Feb 2020 ",
        "packageSize": "750mL",
        "packagePrice": "$5.33 per 1L"
      }
    }
  },
  {
    "id": "bickfords-juice-cranberry",
    "brand": "Bickford's",
    "name": "Cranberry Juice Drink",
    "imageUrl": "https://shop.coles.com.au/wcsstore/Coles-CAS/images/9/0/9/9097249-th.jpg",
    "categories": ["entertaining-at-home"],
    "tags": ["drinks-mixers", "juices-cordial"],
    "locations": {
      "vic": {
        "price": 5.15,
        "promoText": " ",
        "packageSize": "1L",
        "packagePrice": "$5.15 per 1L"
      }
    }
  },
  {
    "id": "campbells-v8-power-blend-juice-3447621p",
    "brand": "Campbell's",
    "name": "V8 Power Blend Rainbow Burst Juice",
    "imageUrl": "https://shop.coles.com.au/wcsstore/Coles-CAS/images/3/4/4/3447621-th.jpg",
    "categories": ["entertaining-at-home"],
    "tags": ["drinks-mixers", "juices-cordial"],
    "locations": {
      "vic": {
        "price": 5,
        "promoText": "Any 2 $7",
        "packageSize": "1.25L",
        "packagePrice": "$4.00 per 1L"
      }
    }
  },
  {
    "id": "coles-tomato-juice",
    "brand": "Coles",
    "name": "Tomato Juice",
    "imageUrl": "https://shop.coles.com.au/wcsstore/Coles-CAS/images/2/5/3/2531562-th.jpg",
    "categories": ["entertaining-at-home"],
    "tags": ["drinks-mixers", "juices-cordial"],
    "locations": {
      "vic": {
        "price": 2,
        "promoText": " ",
        "packageSize": "2L",
        "packagePrice": "$1.00 per 1L"
      }
    }
  },
  {
    "id": "golden-circle-fruit-drink-pineapple-mango",
    "brand": "Golden Circle",
    "name": "Pine Mango Fruit Drink",
    "imageUrl": "https://shop.coles.com.au/wcsstore/Coles-CAS/images/2/0/0/200145-th.jpg",
    "categories": ["entertaining-at-home"],
    "tags": ["drinks-mixers", "juices-cordial"],
    "locations": {
      "vic": {
        "price": 1.5,
        "promoText": "$0.65 ",
        "packageSize": "1L",
        "packagePrice": "$1.50 per 1L"
      }
    }
  },
  {
    "id": "golden-circle-apricot-nectar",
    "brand": "Golden Circle",
    "name": "Apricot Nectar Fruit Drink",
    "imageUrl": "https://shop.coles.com.au/wcsstore/Coles-CAS/images/4/8/0/4801136-th.jpg",
    "categories": ["entertaining-at-home"],
    "tags": ["drinks-mixers", "juices-cordial"],
    "locations": {
      "vic": {
        "price": 2.9,
        "promoText": " ",
        "packageSize": "1L",
        "packagePrice": "$2.90 per 1L"
      }
    }
  },
  {
    "id": "golden-circle-breakfast-juice",
    "brand": "Golden Circle",
    "name": "Breakfast Juice",
    "imageUrl": "https://shop.coles.com.au/wcsstore/Coles-CAS/images/9/3/4/9348305-th.jpg",
    "categories": ["entertaining-at-home"],
    "tags": ["drinks-mixers", "juices-cordial"],
    "locations": {
      "vic": {
        "price": 4,
        "promoText": " ",
        "packageSize": "3L",
        "packagePrice": "$1.33 per 1L"
      }
    }
  },
  {
    "id": "ocean-spray-low-sugar-cranberry-drink",
    "brand": "Ocean Spray",
    "name": "Low Sugar Cranberry Drink",
    "imageUrl": "https://shop.coles.com.au/wcsstore/Coles-CAS/images/2/5/2/2521026-th.jpg",
    "categories": ["entertaining-at-home"],
    "tags": ["drinks-mixers", "juices-cordial"],
    "locations": {
      "vic": {
        "price": 3.8,
        "promoText": "$1.90 ",
        "packageSize": "1.5L",
        "packagePrice": "$2.53 per 1L"
      }
    }
  },
  {
    "id": "viva-fruit-cup-cordial",
    "brand": "Viva",
    "name": "Fruit Cup Cordial",
    "imageUrl": "https://shop.coles.com.au/wcsstore/Coles-CAS/images/2/1/2/2123293-th.jpg",
    "categories": ["entertaining-at-home"],
    "tags": ["drinks-mixers", "juices-cordial"],
    "locations": {
      "vic": {
        "price": 2.2,
        "promoText": " ",
        "packageSize": "2L",
        "packagePrice": "$1.10 per 1L"
      }
    }
  },
  {
    "id": "campbells-pineapple-passion-v8-juice",
    "brand": "Campbell's",
    "name": "V8 Pineapple Passion Juice",
    "imageUrl": "https://shop.coles.com.au/wcsstore/Coles-CAS/images/2/1/0/2107901-th.jpg",
    "categories": ["entertaining-at-home"],
    "tags": ["drinks-mixers", "juices-cordial"],
    "locations": {
      "vic": {
        "price": 4.6,
        "promoText": "Any 2 $7",
        "packageSize": "1.25L",
        "packagePrice": "$3.68 per 1L"
      }
    }
  },
  {
    "id": "campbells-purple-power-v8-power-blend-juice",
    "brand": "Campbell's",
    "name": "V8 Purple Power Juice",
    "imageUrl": "https://shop.coles.com.au/wcsstore/Coles-CAS/images/2/5/2/2528342-th.jpg",
    "categories": ["entertaining-at-home"],
    "tags": ["drinks-mixers", "juices-cordial"],
    "locations": {
      "vic": {
        "price": 5,
        "promoText": "Any 2 $7",
        "packageSize": "1.25L",
        "packagePrice": "$4.00 per 1L"
      }
    }
  },
  {
    "id": "coles-cranberry-drink",
    "brand": "Coles",
    "name": "Cranberry Fruit Drink",
    "imageUrl": "https://shop.coles.com.au/wcsstore/Coles-CAS/images/3/0/4/3048728-th.jpg",
    "categories": ["entertaining-at-home"],
    "tags": ["drinks-mixers", "juices-cordial"],
    "locations": {
      "vic": {
        "price": 3,
        "promoText": " ",
        "packageSize": "1.5L",
        "packagePrice": "$2.00 per 1L"
      }
    }
  },
  {
    "id": "golden-circle-fruit-drink-pine-orange",
    "brand": "Golden Circle",
    "name": "Pine Orange Fruit Drink",
    "imageUrl": "https://shop.coles.com.au/wcsstore/Coles-CAS/images/2/8/0/280097-th.jpg",
    "categories": ["entertaining-at-home"],
    "tags": ["drinks-mixers", "juices-cordial"],
    "locations": {
      "vic": {
        "price": 1.5,
        "promoText": "$0.65 ",
        "packageSize": "1L",
        "packagePrice": "$1.50 per 1L"
      }
    }
  },
  {
    "id": "golden-circle-pine-orange-juice",
    "brand": "Golden Circle",
    "name": "Pine Orange Juice",
    "imageUrl": "https://shop.coles.com.au/wcsstore/Coles-CAS/images/8/1/4/8147137-th.jpg",
    "categories": ["entertaining-at-home"],
    "tags": ["drinks-mixers", "juices-cordial"],
    "locations": {
      "vic": {
        "price": 2.5,
        "promoText": " ",
        "packageSize": "2L",
        "packagePrice": "$1.25 per 1L"
      }
    }
  },
  {
    "id": "golden-circle-tropical-juice",
    "brand": "Golden Circle",
    "name": "Tropical Juice",
    "imageUrl": "https://shop.coles.com.au/wcsstore/Coles-CAS/images/5/4/8/5487558-th.jpg",
    "categories": ["entertaining-at-home"],
    "tags": ["drinks-mixers", "juices-cordial"],
    "locations": {
      "vic": {
        "price": 2.5,
        "promoText": " ",
        "packageSize": "2L",
        "packagePrice": "$1.25 per 1L"
      }
    }
  },
  {
    "id": "goulburn-valley-juice-pear-natural",
    "brand": "SPC",
    "name": "Pear Natural Juice Can",
    "imageUrl": "https://shop.coles.com.au/wcsstore/Coles-CAS/images/3/9/7/397006-th.jpg",
    "categories": ["entertaining-at-home"],
    "tags": ["drinks-mixers", "juices-cordial"],
    "locations": {
      "vic": {
        "price": 3.05,
        "promoText": " ",
        "packageSize": "850mL",
        "packagePrice": "$0.36 per 100mL"
      }
    }
  },
  {
    "id": "sunraysia-juice-prune",
    "brand": "Sunraysia",
    "name": "Prune Juice Bottle",
    "imageUrl": "https://shop.coles.com.au/wcsstore/Coles-CAS/images/1/3/8/1386118-th.jpg",
    "categories": ["entertaining-at-home"],
    "tags": ["drinks-mixers", "juices-cordial"],
    "locations": {
      "vic": {
        "price": 5,
        "promoText": "$1.00 ",
        "packageSize": "1L",
        "packagePrice": "$5.00 per 1L"
      }
    }
  },
  {
    "id": "streets-paddle-pop-ice-cream-cyclone",
    "brand": "Streets",
    "name": "Paddle Pop Cyclone Ice Cream Sticks 8 pack",
    "imageUrl": "https://shop.coles.com.au/wcsstore/Coles-CAS/images/9/3/6/9368743-th.jpg",
    "categories": ["entertaining-at-home"],
    "tags": ["icy-poles-ice-creams", "icy-poles"],
    "locations": {
      "vic": {
        "price": 7,
        "promoText": " ",
        "packageSize": "688mL",
        "packagePrice": "$1.02 per 100mL"
      }
    }
  },
  {
    "id": "sunburst-zooper-dooper-water-ice",
    "brand": "Zooper Dooper",
    "name": "8 Cosmic Flavours Water Ice 70mL Tubes",
    "imageUrl": "https://shop.coles.com.au/wcsstore/Coles-CAS/images/1/9/8/198393-th.jpg",
    "categories": ["entertaining-at-home"],
    "tags": ["icy-poles-ice-creams", "icy-poles"],
    "locations": {
      "vic": {
        "price": 5.8,
        "promoText": " ",
        "packageSize": "24 pack",
        "packagePrice": "$0.35 per 100mL"
      }
    }
  },
  {
    "id": "zooper-dooper-your-favourites",
    "brand": "Zooper Dooper",
    "name": "Your Favourites Ice Tubes 24 Pack",
    "imageUrl": "https://shop.coles.com.au/wcsstore/Coles-CAS/images/3/2/8/3283932-th.jpg",
    "categories": ["entertaining-at-home"],
    "tags": ["icy-poles-ice-creams", "icy-poles"],
    "locations": {
      "vic": {
        "price": 2.9,
        "promoText": "$2.90 ",
        "packageSize": "1.68L",
        "packagePrice": "$0.17 per 100mL"
      }
    }
  },
  {
    "id": "nestle-peters-lifesavers-icy-pole",
    "brand": "Peters",
    "name": "Life Savers Ice Cream 8 pack",
    "imageUrl": "https://shop.coles.com.au/wcsstore/Coles-CAS/images/7/2/1/7213575-th.jpg",
    "categories": ["entertaining-at-home"],
    "tags": ["icy-poles-ice-creams", "icy-poles"],
    "locations": {
      "vic": {
        "price": 7,
        "promoText": " ",
        "packageSize": "530mL",
        "packagePrice": "$1.32 per 100mL"
      }
    }
  },
  {
    "id": "berri-juice-berry-icy-tubes",
    "brand": "Berri",
    "name": "Quelch Apple Berry Fruit Juice Icy Tubes 24 pack",
    "imageUrl": "https://shop.coles.com.au/wcsstore/Coles-CAS/images/2/9/7/2971179-th.jpg",
    "categories": ["entertaining-at-home"],
    "tags": ["icy-poles-ice-creams", "icy-poles"],
    "locations": {
      "vic": {
        "price": 7,
        "promoText": " ",
        "packageSize": "1.68L",
        "packagePrice": "$0.42 per 100mL"
      }
    }
  },
  {
    "id": "berri-quelch-99-fruit-juice-tropical-icy-tubes",
    "brand": "Berri",
    "name": "Quelch Tropical Fruit Juice Icy Tubes 24 pack",
    "imageUrl": "https://shop.coles.com.au/wcsstore/Coles-CAS/images/2/9/7/2971180-th.jpg",
    "categories": ["entertaining-at-home"],
    "tags": ["icy-poles-ice-creams", "icy-poles"],
    "locations": {
      "vic": {
        "price": 7,
        "promoText": " ",
        "packageSize": "1.68L",
        "packagePrice": "$0.42 per 100mL"
      }
    }
  },
  {
    "id": "nestle-peters-frosty-fruits-icy-pole-tropical-372606p",
    "brand": "Peters",
    "name": "Frosty Fruits Tropical 8 pack",
    "imageUrl": "https://shop.coles.com.au/wcsstore/Coles-CAS/images/3/7/2/372606-th.jpg",
    "categories": ["entertaining-at-home"],
    "tags": ["icy-poles-ice-creams", "icy-poles"],
    "locations": {
      "vic": {
        "price": 7,
        "promoText": " ",
        "packageSize": "600mL",
        "packagePrice": "$1.17 per 100mL"
      }
    }
  },
  {
    "id": "zooper-dooper-no-sugar",
    "brand": "Zooper Dooper",
    "name": "No Sugar Multi Flavoured Ice Confection Mix 70mL Tubes",
    "imageUrl": "https://shop.coles.com.au/wcsstore/Coles-CAS/images/3/6/3/3639098-th.jpg",
    "categories": ["entertaining-at-home"],
    "tags": ["icy-poles-ice-creams", "icy-poles"],
    "locations": {
      "vic": {
        "price": 5.8,
        "promoText": " ",
        "packageSize": "24 Pack",
        "packagePrice": "$0.35 per 100mL"
      }
    }
  },
  {
    "id": "coles-ice-sticks-lemonade-8-pack",
    "brand": "Coles",
    "name": "Lemonade Ice Blocks 8 pack",
    "imageUrl": "https://shop.coles.com.au/wcsstore/Coles-CAS/images/7/1/8/7181107-th.jpg",
    "categories": ["entertaining-at-home"],
    "tags": ["icy-poles-ice-creams", "icy-poles"],
    "locations": {
      "vic": {
        "price": 3.6,
        "promoText": " ",
        "packageSize": "600 mL",
        "packagePrice": "$0.60 per 100mL"
      }
    }
  },
  {
    "id": "nestle-peters-original-ice-cream-vanilla",
    "brand": "Peters",
    "name": "Gluten Free Original Vanilla Ice Cream Tub",
    "imageUrl": "https://shop.coles.com.au/wcsstore/Coles-CAS/images/5/9/0/5901329-th.jpg",
    "categories": ["entertaining-at-home"],
    "tags": ["icy-poles-ice-creams", "ice-creams"],
    "locations": {
      "vic": {
        "price": 10,
        "promoText": " ",
        "packageSize": "4L",
        "packagePrice": "$2.50 per 1L"
      }
    }
  },
  {
    "id": "nestle-connoisseur-ice-cream-classic-vanilla",
    "brand": "Connoisseur",
    "name": "Classic Vanilla Gourmet Ice Cream Tub",
    "imageUrl": "https://shop.coles.com.au/wcsstore/Coles-CAS/images/5/6/1/5615272-th.jpg",
    "categories": ["entertaining-at-home"],
    "tags": ["icy-poles-ice-creams", "ice-creams"],
    "locations": {
      "vic": {
        "price": 11,
        "promoText": " ",
        "packageSize": "1L",
        "packagePrice": "$11.00 per 1L"
      }
    }
  },
  {
    "id": "streets-blue-ribbon-ice-cream-vanilla",
    "brand": "Blue Ribbon",
    "name": "Classic Vanilla Ice Cream Tub",
    "imageUrl": "https://shop.coles.com.au/wcsstore/Coles-CAS/images/2/0/7/207938-th.jpg",
    "categories": ["entertaining-at-home"],
    "tags": ["icy-poles-ice-creams", "ice-creams"],
    "locations": {
      "vic": {
        "price": 4.9,
        "promoText": " ",
        "packageSize": "2L",
        "packagePrice": "$2.45 per 1L"
      }
    }
  },
  {
    "id": "streets-golden-gaytime-ice-cream-traditional",
    "brand": "Streets",
    "name": "Golden Gaytime Ice Cream Sticks 4 pack",
    "imageUrl": "https://shop.coles.com.au/wcsstore/Coles-CAS/images/9/6/1/9611648-th.jpg",
    "categories": ["entertaining-at-home"],
    "tags": ["icy-poles-ice-creams", "ice-creams"],
    "locations": {
      "vic": {
        "price": 8.5,
        "promoText": " ",
        "packageSize": "400mL",
        "packagePrice": "$2.13 per 100mL"
      }
    }
  },
  {
    "id": "streets-blue-ribbon-ice-cream-vanilla-light",
    "brand": "Blue Ribbon",
    "name": "Light Vanilla Ice Cream Tub",
    "imageUrl": "https://shop.coles.com.au/wcsstore/Coles-CAS/images/5/1/7/5171270-th.jpg",
    "categories": ["entertaining-at-home"],
    "tags": ["icy-poles-ice-creams", "ice-creams"],
    "locations": {
      "vic": {
        "price": 4.9,
        "promoText": " ",
        "packageSize": "2L",
        "packagePrice": "$0.25 per 100mL"
      }
    }
  },
  {
    "id": "streets-magnum-ice-cream-almond-4-pack",
    "brand": "Streets",
    "name": "Magnum Almond Ice Cream Sticks 4 pack",
    "imageUrl": "https://shop.coles.com.au/wcsstore/Coles-CAS/images/6/8/9/6893703-th.jpg",
    "categories": ["entertaining-at-home"],
    "tags": ["icy-poles-ice-creams", "ice-creams"],
    "locations": {
      "vic": {
        "price": 6.5,
        "promoText": "$2.50 ",
        "packageSize": "428mL",
        "packagePrice": "$1.52 per 100mL"
      }
    }
  },
  {
    "id": "streets-magnum-ice-cream-classic-4-pack",
    "brand": "Streets",
    "name": "Magnum Classic Ice Cream Sticks 4 pack",
    "imageUrl": "https://shop.coles.com.au/wcsstore/Coles-CAS/images/6/8/9/6893736-th.jpg",
    "categories": ["entertaining-at-home"],
    "tags": ["icy-poles-ice-creams", "ice-creams"],
    "locations": {
      "vic": {
        "price": 6.5,
        "promoText": "$2.50 ",
        "packageSize": "428mL",
        "packagePrice": "$1.52 per 100mL"
      }
    }
  },
  {
    "id": "bulla-creamy-classics-ice-cream-vanilla",
    "brand": "Bulla",
    "name": "Creamy Classics Vanilla Ice Cream Tub",
    "imageUrl": "https://shop.coles.com.au/wcsstore/Coles-CAS/images/9/4/8/9486590-th.jpg",
    "categories": ["entertaining-at-home"],
    "tags": ["icy-poles-ice-creams", "ice-creams"],
    "locations": {
      "vic": {
        "price": 6,
        "promoText": "$2.50 ",
        "packageSize": "2L",
        "packagePrice": "$0.30 per 100mL"
      }
    }
  },
  {
    "id": "bulla-creamy-classics-ice-cream-cookies-cream",
    "brand": "Bulla",
    "name": "Creamy Classics Cookies & Cream Ice Cream Tub",
    "imageUrl": "https://shop.coles.com.au/wcsstore/Coles-CAS/images/9/4/8/9486411-th.jpg",
    "categories": ["entertaining-at-home"],
    "tags": ["icy-poles-ice-creams", "ice-creams"],
    "locations": {
      "vic": {
        "price": 6,
        "promoText": "$2.50 ",
        "packageSize": "2L",
        "packagePrice": "$0.30 per 100mL"
      }
    }
  },
  {
    "id": "mars-bars-ice-cream",
    "brand": "Mars",
    "name": "Chocolate Bar Iced Confectionery Multipack 6 x 51mL",
    "imageUrl": "https://shop.coles.com.au/wcsstore/Coles-CAS/images/9/9/9/9992122-th.jpg",
    "categories": ["entertaining-at-home"],
    "tags": ["icy-poles-ice-creams", "ice-creams"],
    "locations": {
      "vic": {
        "price": 8.5,
        "promoText": " ",
        "packageSize": "306mL",
        "packagePrice": "$2.78 per 100mL"
      }
    }
  },
  {
    "id": "sanitarium-so-good-bliss-ice-cream-dairy-free-creamy-vanilla",
    "brand": "Sanitarium",
    "name": "So Good Vanilla Bliss Frozen Dessert Tub",
    "imageUrl": "https://shop.coles.com.au/wcsstore/Coles-CAS/images/8/2/6/8264200-th.jpg",
    "categories": ["entertaining-at-home"],
    "tags": ["icy-poles-ice-creams", "ice-creams"],
    "locations": {
      "vic": {
        "price": 6.6,
        "promoText": " ",
        "packageSize": "1L",
        "packagePrice": "$6.60 per 1L"
      }
    }
  },
  {
    "id": "bulla-fruit-n-yoghurt-frozen-yoghurt-variety-97%25-fat-free",
    "brand": "Bulla",
    "name": "Frozen Multi Flavoured Yoghurt Sticks 8 pack",
    "imageUrl": "https://shop.coles.com.au/wcsstore/Coles-CAS/images/6/7/4/6749810-th.jpg",
    "categories": ["entertaining-at-home"],
    "tags": ["icy-poles-ice-creams", "ice-creams"],
    "locations": {
      "vic": {
        "price": 3.5,
        "promoText": "$3.50 ",
        "packageSize": "472g",
        "packagePrice": "$0.74 per 100G"
      }
    }
  },
  {
    "id": "nestle-connoisseur-ice-cream-belgian-choc",
    "brand": "Connoisseur",
    "name": "Belgian Chocolate Gourmet Ice Cream Tub",
    "imageUrl": "https://shop.coles.com.au/wcsstore/Coles-CAS/images/8/5/9/8591487-th.jpg",
    "categories": ["entertaining-at-home"],
    "tags": ["icy-poles-ice-creams", "ice-creams"],
    "locations": {
      "vic": {
        "price": 11,
        "promoText": " ",
        "packageSize": "1L",
        "packagePrice": "$1.10 per 100mL"
      }
    }
  },
  {
    "id": "bulla-crunch-ice-cream-variety-pack",
    "brand": "Bulla",
    "name": "Crunch Multi Flavoured Ice Cream Sticks 8 pack",
    "imageUrl": "https://shop.coles.com.au/wcsstore/Coles-CAS/images/5/9/7/5974719-th.jpg",
    "categories": ["entertaining-at-home"],
    "tags": ["icy-poles-ice-creams", "ice-creams"],
    "locations": {
      "vic": {
        "price": 3.5,
        "promoText": "$3.50 ",
        "packageSize": "631mL",
        "packagePrice": "$0.55 per 100mL"
      }
    }
  },
  {
    "id": "coles-ice-cream-vanilla",
    "brand": "Coles",
    "name": "Vanilla Ice Cream Tub",
    "imageUrl": "https://shop.coles.com.au/wcsstore/Coles-CAS/images/2/0/7/207971-th.jpg",
    "categories": ["entertaining-at-home"],
    "tags": ["icy-poles-ice-creams", "ice-creams"],
    "locations": {
      "vic": {
        "price": 2.75,
        "promoText": " ",
        "packageSize": "2L",
        "packagePrice": "$1.38 per 1L"
      }
    }
  },
  {
    "id": "streets-magnum-minis-ice-cream-classic",
    "brand": "Streets",
    "name": "Magnum Classic Mini Ice Cream Sticks 6 Pack",
    "imageUrl": "https://shop.coles.com.au/wcsstore/Coles-CAS/images/9/0/9/9091344-th.jpg",
    "categories": ["entertaining-at-home"],
    "tags": ["icy-poles-ice-creams", "ice-creams"],
    "locations": {
      "vic": {
        "price": 6.5,
        "promoText": "$2.50 ",
        "packageSize": "360mL",
        "packagePrice": "$1.81 per 100mL"
      }
    }
  },
  {
    "id": "bulla-ice-cream-splits-variety-pack",
    "brand": "Bulla",
    "name": "Splits Multi Flavoured Ice Cream Sticks 10 pack",
    "imageUrl": "https://shop.coles.com.au/wcsstore/Coles-CAS/images/5/8/9/5892294-th.jpg",
    "categories": ["entertaining-at-home"],
    "tags": ["icy-poles-ice-creams", "ice-creams"],
    "locations": {
      "vic": {
        "price": 3.5,
        "promoText": "$3.50 ",
        "packageSize": "750mL",
        "packagePrice": "$0.47 per 100mL"
      }
    }
  },
  {
    "id": "bulla-creamy-classics-ice-cream-choc-chip",
    "brand": "Bulla",
    "name": "Creamy Classics Choc Chip Ice Cream Tub",
    "imageUrl": "https://shop.coles.com.au/wcsstore/Coles-CAS/images/9/4/8/9486397-th.jpg",
    "categories": ["entertaining-at-home"],
    "tags": ["icy-poles-ice-creams", "ice-creams"],
    "locations": {
      "vic": {
        "price": 6,
        "promoText": "$2.50 ",
        "packageSize": "2L",
        "packagePrice": "$0.30 per 100mL"
      }
    }
  },
  {
    "id": "bulla-ice-cream-choc-bars-vanilla-768ml",
    "brand": "Bulla",
    "name": "Chocolate Coated Vanilla Ice Cream Bars 10 pack",
    "imageUrl": "https://shop.coles.com.au/wcsstore/Coles-CAS/images/5/9/3/5938974-th.jpg",
    "categories": ["entertaining-at-home"],
    "tags": ["icy-poles-ice-creams", "ice-creams"],
    "locations": {
      "vic": {
        "price": 3.5,
        "promoText": "$3.50 ",
        "packageSize": "768mL",
        "packagePrice": "$0.46 per 100mL"
      }
    }
  },
  {
    "id": "nestle-connoisseur-ice-cream-cookies-cream",
    "brand": "Connoisseur",
    "name": "Cookies & Cream Gourmet Ice Cream Tub",
    "imageUrl": "https://shop.coles.com.au/wcsstore/Coles-CAS/images/5/8/3/5832850-th.jpg",
    "categories": ["entertaining-at-home"],
    "tags": ["icy-poles-ice-creams", "ice-creams"],
    "locations": {
      "vic": {
        "price": 11,
        "promoText": " ",
        "packageSize": "1L",
        "packagePrice": "$1.10 per 100mL"
      }
    }
  },
  {
    "id": "peters-ice-cream-connoisseur-salted-caramel-4-pack",
    "brand": "Connoisseur",
    "name": "Murray River Salted Caramel With Macadamia Gourmet Ice Cream Sticks 4 pack",
    "imageUrl": "https://shop.coles.com.au/wcsstore/Coles-CAS/images/1/4/7/1476210-th.jpg",
    "categories": ["entertaining-at-home"],
    "tags": ["icy-poles-ice-creams", "ice-creams"],
    "locations": {
      "vic": {
        "price": 8.6,
        "promoText": " ",
        "packageSize": "455mL",
        "packagePrice": "$1.89 per 100mL"
      }
    }
  },
  {
    "id": "nestle-peters-drumstick-ice-cream-vanilla-minis-6-pack",
    "brand": "Peters",
    "name": "Drumstick Minis Classic Vanilla Ice Cream Cones 6 pack",
    "imageUrl": "https://shop.coles.com.au/wcsstore/Coles-CAS/images/5/8/6/5863445-th.jpg",
    "categories": ["entertaining-at-home"],
    "tags": ["icy-poles-ice-creams", "ice-creams"],
    "locations": {
      "vic": {
        "price": 8.4,
        "promoText": " ",
        "packageSize": "490mL",
        "packagePrice": "$1.71 per 100mL"
      }
    }
  },
  {
    "id": "nestle-peters-original-ice-cream-neapolitan-315690p",
    "brand": "Peters",
    "name": "Gluten Free Original Neapolitan Multi Flavoured Ice Cream Tub",
    "imageUrl": "https://shop.coles.com.au/wcsstore/Coles-CAS/images/3/1/5/315690-th.jpg",
    "categories": ["entertaining-at-home"],
    "tags": ["icy-poles-ice-creams", "ice-creams"],
    "locations": {
      "vic": {
        "price": 4.75,
        "promoText": "Was $6.00 on Jan 2020 ",
        "packageSize": "2L",
        "packagePrice": "$2.38 per 1L"
      }
    }
  },
  {
    "id": "nestle-peters-original-ice-cream-vanilla-239785p",
    "brand": "Peters",
    "name": "Gluten Free Original Vanilla Ice Cream Tub",
    "imageUrl": "https://shop.coles.com.au/wcsstore/Coles-CAS/images/2/3/9/239785-th.jpg",
    "categories": ["entertaining-at-home"],
    "tags": ["icy-poles-ice-creams", "ice-creams"],
    "locations": {
      "vic": {
        "price": 4.75,
        "promoText": "Was $6.00 on Jan 2020 ",
        "packageSize": "2L",
        "packagePrice": "$2.38 per 1L"
      }
    }
  },
  {
    "id": "peters-connoisseur-vanilla-caramel-brownie",
    "brand": "Connoisseur",
    "name": "Vanilla Caramel Brownie Gourmet Ice Cream Tub",
    "imageUrl": "https://shop.coles.com.au/wcsstore/Coles-CAS/images/3/2/5/3251233-th.jpg",
    "categories": ["entertaining-at-home"],
    "tags": ["icy-poles-ice-creams", "ice-creams"],
    "locations": {
      "vic": {
        "price": 11,
        "promoText": " ",
        "packageSize": "1L",
        "packagePrice": "$1.10 per 100mL"
      }
    }
  },
  {
    "id": "stsreets-dairy-free-magnum-almond-mps",
    "brand": "Streets",
    "name": "Dairy Free Magnum Almond 3 pack",
    "imageUrl": "https://shop.coles.com.au/wcsstore/Coles-CAS/images/3/3/9/3399358-th.jpg",
    "categories": ["entertaining-at-home"],
    "tags": ["icy-poles-ice-creams", "ice-creams"],
    "locations": {
      "vic": {
        "price": 7,
        "promoText": " ",
        "packageSize": "270mL",
        "packagePrice": "$2.59 per 100mL"
      }
    }
  },
  {
    "id": "coles-smart-buy-ice-creams-chocolate-coated-10-pack",
    "brand": "Coles",
    "name": "Choc Coated Ice Creams 10 Pack",
    "imageUrl": "https://shop.coles.com.au/wcsstore/Coles-CAS/images/4/6/9/4695822-th.jpg",
    "categories": ["entertaining-at-home"],
    "tags": ["icy-poles-ice-creams", "ice-creams"],
    "locations": {
      "vic": {
        "price": 3,
        "promoText": " ",
        "packageSize": "865mL",
        "packagePrice": "$0.35 per 100mL"
      }
    }
  },
  {
    "id": "streets-magnum-ice-cream-white",
    "brand": "Streets",
    "name": "Magnum White Ice Cream Sticks 4 pack",
    "imageUrl": "https://shop.coles.com.au/wcsstore/Coles-CAS/images/6/5/8/6583193-th.jpg",
    "categories": ["entertaining-at-home"],
    "tags": ["icy-poles-ice-creams", "ice-creams"],
    "locations": {
      "vic": {
        "price": 6.5,
        "promoText": "$2.50 ",
        "packageSize": "428mL",
        "packagePrice": "$1.52 per 100mL"
      }
    }
  },
  {
    "id": "streets-paddle-pop-rainbow",
    "brand": "Streets",
    "name": "Paddle Pop Rainbow Ice Cream Sticks 6 pack",
    "imageUrl": "https://shop.coles.com.au/wcsstore/Coles-CAS/images/3/1/2/3123481-th.jpg",
    "categories": ["entertaining-at-home"],
    "tags": ["icy-poles-ice-creams", "ice-creams"],
    "locations": {
      "vic": {
        "price": 5,
        "promoText": " ",
        "packageSize": "408 mL",
        "packagePrice": "$1.23 per 100mL"
      }
    }
  },
  {
    "id": "coles-ice-cream-banana-pops-10-pack",
    "brand": "Coles",
    "name": "Banana Pops Ice Cream Stick 10 pack",
    "imageUrl": "https://shop.coles.com.au/wcsstore/Coles-CAS/images/7/1/7/7172208-th.jpg",
    "categories": ["entertaining-at-home"],
    "tags": ["icy-poles-ice-creams", "ice-creams"],
    "locations": {
      "vic": {
        "price": 3.75,
        "promoText": " ",
        "packageSize": "700mL",
        "packagePrice": "$0.54 per 100mL"
      }
    }
  },
  {
    "id": "peters-connoisseur-ice-cream-montana-mint",
    "brand": "Connoisseur",
    "name": "Mint With Cookies Gourmet Ice Cream Tub",
    "imageUrl": "https://shop.coles.com.au/wcsstore/Coles-CAS/images/2/9/8/2982357-th.jpg",
    "categories": ["entertaining-at-home"],
    "tags": ["icy-poles-ice-creams", "ice-creams"],
    "locations": {
      "vic": {
        "price": 11,
        "promoText": " ",
        "packageSize": "1L",
        "packagePrice": "$11.00 per 1L"
      }
    }
  },
  {
    "id": "haagen-dazs-salted-caramel-ice-cream",
    "brand": "Haagen-Dazs",
    "name": "Salted Caramel Ice Cream Tub",
    "imageUrl": "https://shop.coles.com.au/wcsstore/Coles-CAS/images/2/7/5/2752700-th.jpg",
    "categories": ["entertaining-at-home"],
    "tags": ["icy-poles-ice-creams", "ice-creams"],
    "locations": {
      "vic": {
        "price": 11.5,
        "promoText": " ",
        "packageSize": "457mL",
        "packagePrice": "$2.52 per 100mL"
      }
    }
  },
  {
    "id": "nestle-peters-drumstick-ice-cream-choc-mint",
    "brand": "Peters",
    "name": "Drumstick Chocolate Mint Ice Cream Cones 4 pack",
    "imageUrl": "https://shop.coles.com.au/wcsstore/Coles-CAS/images/7/2/1/7210293-th.jpg",
    "categories": ["entertaining-at-home"],
    "tags": ["icy-poles-ice-creams", "ice-creams"],
    "locations": {
      "vic": {
        "price": 8.4,
        "promoText": " ",
        "packageSize": "475mL",
        "packagePrice": "$1.77 per 100mL"
      }
    }
  },
  {
    "id": "weis-ice-fruit-bars-mango-cream-4-pack",
    "brand": "Weis",
    "name": "Mango Ice Cream Bars 4 Pack",
    "imageUrl": "https://shop.coles.com.au/wcsstore/Coles-CAS/images/4/2/4/424685-th.jpg",
    "categories": ["entertaining-at-home"],
    "tags": ["icy-poles-ice-creams", "ice-creams"],
    "locations": {
      "vic": {
        "price": 5.5,
        "promoText": "$2.00 ",
        "packageSize": "280mL",
        "packagePrice": "$1.96 per 100mL"
      }
    }
  },
  {
    "id": "coles-ice-cream-vanilla-208205p",
    "brand": "Coles",
    "name": "Vanilla Flavoured Ice Cream Tub",
    "imageUrl": "https://shop.coles.com.au/wcsstore/Coles-CAS/images/2/0/8/208205-th.jpg",
    "categories": ["entertaining-at-home"],
    "tags": ["icy-poles-ice-creams", "ice-creams"],
    "locations": {
      "vic": {
        "price": 4.9,
        "promoText": "Was $5.20 on Jan 2020 ",
        "packageSize": "4L",
        "packagePrice": "$1.23 per 1L"
      }
    }
  },
  {
    "id": "weis-ice-fruit-mango-bars-280ml",
    "brand": "Weis",
    "name": "Minis Mango Ice Cream Bars 8 pack",
    "imageUrl": "https://shop.coles.com.au/wcsstore/Coles-CAS/images/5/1/2/5124168-th.jpg",
    "categories": ["entertaining-at-home"],
    "tags": ["icy-poles-ice-creams", "ice-creams"],
    "locations": {
      "vic": {
        "price": 5.5,
        "promoText": "$2.00 ",
        "packageSize": "280 mL",
        "packagePrice": "$1.96 per 100mL"
      }
    }
  },
  {
    "id": "bulla-splits-spiders",
    "brand": "Bulla",
    "name": "Splits Spiders Multiflavour Ice Cream Sticks 10 Pack",
    "imageUrl": "https://shop.coles.com.au/wcsstore/Coles-CAS/images/3/5/4/3544990-th.jpg",
    "categories": ["entertaining-at-home"],
    "tags": ["icy-poles-ice-creams", "ice-creams"],
    "locations": {
      "vic": {
        "price": 3.5,
        "promoText": "$3.50 ",
        "packageSize": "750mL",
        "packagePrice": "$0.47 per 100mL"
      }
    }
  },
  {
    "id": "nestle-connoisseur-ice-cream-cafe-grande",
    "brand": "Connoisseur",
    "name": "Cafe Grande Gourmet Ice Cream Tub",
    "imageUrl": "https://shop.coles.com.au/wcsstore/Coles-CAS/images/5/2/8/5289995-th.jpg",
    "categories": ["entertaining-at-home"],
    "tags": ["icy-poles-ice-creams", "ice-creams"],
    "locations": {
      "vic": {
        "price": 11,
        "promoText": " ",
        "packageSize": "1L",
        "packagePrice": "$1.10 per 100mL"
      }
    }
  },
  {
    "id": "denanda-ice-cream-chocolate",
    "brand": "Denada",
    "name": "Double Choc Ice Cream Tub",
    "imageUrl": "https://shop.coles.com.au/wcsstore/Coles-CAS/images/3/5/0/3508250-th.jpg",
    "categories": ["entertaining-at-home"],
    "tags": ["icy-poles-ice-creams", "ice-creams"],
    "locations": {
      "vic": {
        "price": 11.5,
        "promoText": " ",
        "packageSize": "475mL",
        "packagePrice": "$2.42 per 100mL"
      }
    }
  },
  {
    "id": "streets-magnum-minis-ice-cream-almond",
    "brand": "Streets",
    "name": "Magnum Almond Mini Ice Cream Sticks 6 Pack",
    "imageUrl": "https://shop.coles.com.au/wcsstore/Coles-CAS/images/9/0/9/9091672-th.jpg",
    "categories": ["entertaining-at-home"],
    "tags": ["icy-poles-ice-creams", "ice-creams"],
    "locations": {
      "vic": {
        "price": 6.5,
        "promoText": "$2.50 ",
        "packageSize": "360mL",
        "packagePrice": "$1.81 per 100mL"
      }
    }
  },
  {
    "id": "nestle-peters-drumstick-ice-cream-vanilla-193844p",
    "brand": "Peters",
    "name": "Drumstick Classic Vanilla Ice Cream Cones 4 pack",
    "imageUrl": "https://shop.coles.com.au/wcsstore/Coles-CAS/images/1/9/3/193844-th.jpg",
    "categories": ["entertaining-at-home"],
    "tags": ["icy-poles-ice-creams", "ice-creams"],
    "locations": {
      "vic": {
        "price": 8.4,
        "promoText": " ",
        "packageSize": "475mL",
        "packagePrice": "$1.77 per 100mL"
      }
    }
  },
  {
    "id": "nestle-peters-drumstick-ice-creamboysenberry",
    "brand": "Peters",
    "name": "Drumstick Boysenberry Swirl Ice Cream Cones 4 pack",
    "imageUrl": "https://shop.coles.com.au/wcsstore/Coles-CAS/images/9/3/6/9360854-th.jpg",
    "categories": ["entertaining-at-home"],
    "tags": ["icy-poles-ice-creams", "ice-creams"],
    "locations": {
      "vic": {
        "price": 8.4,
        "promoText": " ",
        "packageSize": "475mL",
        "packagePrice": "$1.77 per 100mL"
      }
    }
  },
  {
    "id": "weis-ice-fruit-mango-macadamia-bars-280ml",
    "brand": "Weis",
    "name": "Mango & Macadamia Ice Cream Bars 4 pack",
    "imageUrl": "https://shop.coles.com.au/wcsstore/Coles-CAS/images/4/4/6/4462755-th.jpg",
    "categories": ["entertaining-at-home"],
    "tags": ["icy-poles-ice-creams", "ice-creams"],
    "locations": {
      "vic": {
        "price": 5.5,
        "promoText": "$2.00 ",
        "packageSize": "280mL",
        "packagePrice": "$1.96 per 100mL"
      }
    }
  },
  {
    "id": "coles-ice-cream-neapolitan",
    "brand": "Coles",
    "name": "Neapolitan Ice Cream Tub",
    "imageUrl": "https://shop.coles.com.au/wcsstore/Coles-CAS/images/2/0/8/208216-th.jpg",
    "categories": ["entertaining-at-home"],
    "tags": ["icy-poles-ice-creams", "ice-creams"],
    "locations": {
      "vic": {
        "price": 4.9,
        "promoText": "Was $5.20 on Jan 2020 ",
        "packageSize": "4L",
        "packagePrice": "$1.23 per 1L"
      }
    }
  },
  {
    "id": "coles-ice-cream-chocolate-pops-10-pack",
    "brand": "Coles",
    "name": "Chocolate Pops Ice Cream Sticks 10 pack",
    "imageUrl": "https://shop.coles.com.au/wcsstore/Coles-CAS/images/7/1/7/7172194-th.jpg",
    "categories": ["entertaining-at-home"],
    "tags": ["icy-poles-ice-creams", "ice-creams"],
    "locations": {
      "vic": {
        "price": 3.75,
        "promoText": " ",
        "packageSize": "700mL",
        "packagePrice": "$0.54 per 100mL"
      }
    }
  },
  {
    "id": "nestle-peters-drumstick-ice-cream-vanilla",
    "brand": "Peters",
    "name": "Drumstick Classic Vanilla Ice Cream Cone 16 pack",
    "imageUrl": "https://shop.coles.com.au/wcsstore/Coles-CAS/images/7/1/0/7105051-th.jpg",
    "categories": ["entertaining-at-home"],
    "tags": ["icy-poles-ice-creams", "ice-creams"],
    "locations": {
      "vic": {
        "price": 17,
        "promoText": " ",
        "packageSize": "1.9L",
        "packagePrice": "$0.89 per 100mL"
      }
    }
  },
  {
    "id": "nestle-maxibon-ice-cream-vanilla-620ml",
    "brand": "Peters",
    "name": "Maxibon Vanilla 4 pack",
    "imageUrl": "https://shop.coles.com.au/wcsstore/Coles-CAS/images/6/4/3/6432008-th.jpg",
    "categories": ["entertaining-at-home"],
    "tags": ["icy-poles-ice-creams", "ice-creams"],
    "locations": {
      "vic": {
        "price": 8.4,
        "promoText": " ",
        "packageSize": "620mL",
        "packagePrice": "$1.35 per 100mL"
      }
    }
  },
  {
    "id": "nestle-peters-drumstick-ice-cream-super-choc",
    "brand": "Peters",
    "name": "Drumstick Super Chocolate Ice Cream Cones 4 pack",
    "imageUrl": "https://shop.coles.com.au/wcsstore/Coles-CAS/images/5/1/9/5197274-th.jpg",
    "categories": ["entertaining-at-home"],
    "tags": ["icy-poles-ice-creams", "ice-creams"],
    "locations": {
      "vic": {
        "price": 8.4,
        "promoText": " ",
        "packageSize": "475mL",
        "packagePrice": "$1.77 per 100mL"
      }
    }
  },
  {
    "id": "hersheys-reeses-peanut-butter-cone",
    "brand": "Reese's",
    "name": "Peanut Butter Chocolate Cones",
    "imageUrl": "https://shop.coles.com.au/wcsstore/Coles-CAS/images/3/4/0/3407310-th.jpg",
    "categories": ["entertaining-at-home"],
    "tags": ["icy-poles-ice-creams", "ice-creams"],
    "locations": {
      "vic": {
        "price": 8.5,
        "promoText": " ",
        "packageSize": "472mL",
        "packagePrice": "$1.80 per 100mL"
      }
    }
  },
  {
    "id": "coles-cookies-cream-sandwich-ice-cream-4-pack",
    "brand": "Coles",
    "name": "Cookies & Cream Ice Cream Sandwich 4 Pack",
    "imageUrl": "https://shop.coles.com.au/wcsstore/Coles-CAS/images/2/4/2/2426138-th.jpg",
    "categories": ["entertaining-at-home"],
    "tags": ["icy-poles-ice-creams", "ice-creams"],
    "locations": {
      "vic": {
        "price": 2.9,
        "promoText": " ",
        "packageSize": "440mL",
        "packagePrice": "$0.66 per 100mL"
      }
    }
  },
  {
    "id": "nestle-peters-original-ice-cream-neapolitan",
    "brand": "Peters",
    "name": "Gluten Free Original Neapolitan Multi Flavoured Ice Cream Tub",
    "imageUrl": "https://shop.coles.com.au/wcsstore/Coles-CAS/images/5/9/0/5901340-th.jpg",
    "categories": ["entertaining-at-home"],
    "tags": ["icy-poles-ice-creams", "ice-creams"],
    "locations": {
      "vic": {
        "price": 10,
        "promoText": " ",
        "packageSize": "4L",
        "packagePrice": "$2.50 per 1L"
      }
    }
  },
  {
    "id": "weis-sorbet-mango",
    "brand": "Weis",
    "name": "Dairy Free Mango Sorbet Tub",
    "imageUrl": "https://shop.coles.com.au/wcsstore/Coles-CAS/images/7/0/1/7014681-th.jpg",
    "categories": ["entertaining-at-home"],
    "tags": ["icy-poles-ice-creams", "ice-creams"],
    "locations": {
      "vic": {
        "price": 6,
        "promoText": "$1.00 ",
        "packageSize": "1L",
        "packagePrice": "$0.60 per 100mL"
      }
    }
  },
  {
    "id": "allens-minties-bag",
    "brand": "Allen's",
    "name": "Minties",
    "imageUrl": "https://shop.coles.com.au/wcsstore/Coles-CAS/images/1/3/8/1385115-th.jpg",
    "categories": ["entertaining-at-home"],
    "tags": ["confectionery-for-entertaining", "lollies-for-entertaining"],
    "locations": {
      "vic": {
        "price": 3,
        "promoText": "Any 2 $5",
        "packageSize": "150g",
        "packagePrice": "$2.00 per 100G"
      }
    }
  },
  {
    "id": "allens-party-mix",
    "brand": "Allen's",
    "name": "Party Mix",
    "imageUrl": "https://shop.coles.com.au/wcsstore/Coles-CAS/images/5/1/9/5196850-th.jpg",
    "categories": ["entertaining-at-home"],
    "tags": ["confectionery-for-entertaining", "lollies-for-entertaining"],
    "locations": {
      "vic": {
        "price": 3,
        "promoText": "Any 2 $5",
        "packageSize": "190g",
        "packagePrice": "$1.58 per 100G"
      }
    }
  },
  {
    "id": "pascall-marshmallows-pink-white",
    "brand": "Pascall",
    "name": "Marshmallows Pink and White",
    "imageUrl": "https://shop.coles.com.au/wcsstore/Coles-CAS/images/2/3/5/2351855-th.jpg",
    "categories": ["entertaining-at-home"],
    "tags": ["confectionery-for-entertaining", "lollies-for-entertaining"],
    "locations": {
      "vic": {
        "price": 2.5,
        "promoText": "$1.50 ",
        "packageSize": "280g",
        "packagePrice": "$0.89 per 100G"
      }
    }
  },
  {
    "id": "the-natural-confectionery-co-snakes",
    "brand": "The Natural Confectionary Co.",
    "name": "Snakes",
    "imageUrl": "https://shop.coles.com.au/wcsstore/Coles-CAS/images/2/3/5/2351298-th.jpg",
    "categories": ["entertaining-at-home"],
    "tags": ["confectionery-for-entertaining", "lollies-for-entertaining"],
    "locations": {
      "vic": {
        "price": 2.5,
        "promoText": "$1.50 ",
        "packageSize": "260g",
        "packagePrice": "$0.96 per 100G"
      }
    }
  },
  {
    "id": "the-natural-confectionary-co-party-mix-2351265p",
    "brand": "The Natural Confectionary Co.",
    "name": "Party Mix",
    "imageUrl": "https://shop.coles.com.au/wcsstore/Coles-CAS/images/2/3/5/2351265-th.jpg",
    "categories": ["entertaining-at-home"],
    "tags": ["confectionery-for-entertaining", "lollies-for-entertaining"],
    "locations": {
      "vic": {
        "price": 2.5,
        "promoText": "$1.50 ",
        "packageSize": "240g",
        "packagePrice": "$1.04 per 100G"
      }
    }
  },
  {
    "id": "skittles-funsize-fruit",
    "brand": "Skittles",
    "name": "Fruits Lollies Party Share Bag",
    "imageUrl": "https://shop.coles.com.au/wcsstore/Coles-CAS/images/2/9/1/2914018-th.jpg",
    "categories": ["entertaining-at-home"],
    "tags": ["confectionery-for-entertaining", "lollies-for-entertaining"],
    "locations": {
      "vic": {
        "price": 2.3,
        "promoText": "$2.30 ",
        "packageSize": "180g",
        "packagePrice": "$1.28 per 100G"
      }
    }
  },
  {
    "id": "skittles-fruits",
    "brand": "Skittles",
    "name": "Fruits Lollies Medium Bag",
    "imageUrl": "https://shop.coles.com.au/wcsstore/Coles-CAS/images/9/6/2/9628571-th.jpg",
    "categories": ["entertaining-at-home"],
    "tags": ["confectionery-for-entertaining", "lollies-for-entertaining"],
    "locations": {
      "vic": {
        "price": 4.3,
        "promoText": " ",
        "packageSize": "200g",
        "packagePrice": "$2.15 per 100G"
      }
    }
  },
  {
    "id": "allens-snakes-alive",
    "brand": "Allen's",
    "name": "Snakes Alive",
    "imageUrl": "https://shop.coles.com.au/wcsstore/Coles-CAS/images/9/5/3/9530138-th.jpg",
    "categories": ["entertaining-at-home"],
    "tags": ["confectionery-for-entertaining", "lollies-for-entertaining"],
    "locations": {
      "vic": {
        "price": 3,
        "promoText": "Any 2 $5",
        "packageSize": "200g",
        "packagePrice": "$1.50 per 100G"
      }
    }
  },
  {
    "id": "allens-kool-mints-1385126p",
    "brand": "Allen's",
    "name": "Kool Mints",
    "imageUrl": "https://shop.coles.com.au/wcsstore/Coles-CAS/images/1/3/8/1385126-th.jpg",
    "categories": ["entertaining-at-home"],
    "tags": ["confectionery-for-entertaining", "lollies-for-entertaining"],
    "locations": {
      "vic": {
        "price": 3,
        "promoText": "Any 2 $5",
        "packageSize": "150g",
        "packagePrice": "$2.00 per 100G"
      }
    }
  },
  {
    "id": "allens-classic-party-mix",
    "brand": "Allen's",
    "name": "Classic Party Mix",
    "imageUrl": "https://shop.coles.com.au/wcsstore/Coles-CAS/images/3/2/0/3207413-th.jpg",
    "categories": ["entertaining-at-home"],
    "tags": ["confectionery-for-entertaining", "lollies-for-entertaining"],
    "locations": {
      "vic": {
        "price": 5,
        "promoText": "Was $5.40 on May 2018 ",
        "packageSize": "520g",
        "packagePrice": "$0.96 per 100G"
      }
    }
  },
  {
    "id": "allens-minties-3207377p",
    "brand": "Allen's",
    "name": "Minties",
    "imageUrl": "https://shop.coles.com.au/wcsstore/Coles-CAS/images/3/2/0/3207377-th.jpg",
    "categories": ["entertaining-at-home"],
    "tags": ["confectionery-for-entertaining", "lollies-for-entertaining"],
    "locations": {
      "vic": {
        "price": 5,
        "promoText": "Was $5.40 on May 2018 ",
        "packageSize": "415g",
        "packagePrice": "$1.20 per 100G"
      }
    }
  },
  {
    "id": "darrell-lea-bullets-milk-choc-liquorice",
    "brand": "Darrell Lea",
    "name": "Bullet Milk Chocolate Liquorice",
    "imageUrl": "https://shop.coles.com.au/wcsstore/Coles-CAS/images/3/4/4/3448384-th.jpg",
    "categories": ["entertaining-at-home"],
    "tags": ["confectionery-for-entertaining", "lollies-for-entertaining"],
    "locations": {
      "vic": {
        "price": 3,
        "promoText": "$1.00 ",
        "packageSize": "250g",
        "packagePrice": "$1.20 per 100G"
      }
    }
  },
  {
    "id": "pascall-large-marshmallow-pink-white",
    "brand": "Pascall",
    "name": "Marshmallow Pink and White Large",
    "imageUrl": "https://shop.coles.com.au/wcsstore/Coles-CAS/images/2/3/5/2351811-th.jpg",
    "categories": ["entertaining-at-home"],
    "tags": ["confectionery-for-entertaining", "lollies-for-entertaining"],
    "locations": {
      "vic": {
        "price": 5,
        "promoText": "Was $6.00 on Dec 2017 ",
        "packageSize": "520g",
        "packagePrice": "$0.96 per 100G"
      }
    }
  },
  {
    "id": "allens-retro-party-mix",
    "brand": "Allen's",
    "name": "Retro Party Mix",
    "imageUrl": "https://shop.coles.com.au/wcsstore/Coles-CAS/images/5/9/1/5916031-th.jpg",
    "categories": ["entertaining-at-home"],
    "tags": ["confectionery-for-entertaining", "lollies-for-entertaining"],
    "locations": {
      "vic": {
        "price": 3,
        "promoText": "Any 2 $5",
        "packageSize": "190g",
        "packagePrice": "$1.58 per 100G"
      }
    }
  },
  {
    "id": "allens-frogs-alive",
    "brand": "Allen's",
    "name": "Frogs Alive",
    "imageUrl": "https://shop.coles.com.au/wcsstore/Coles-CAS/images/5/1/9/5196806-th.jpg",
    "categories": ["entertaining-at-home"],
    "tags": ["confectionery-for-entertaining", "lollies-for-entertaining"],
    "locations": {
      "vic": {
        "price": 3,
        "promoText": "Any 2 $5",
        "packageSize": "190g",
        "packagePrice": "$1.58 per 100G"
      }
    }
  },
  {
    "id": "allens-killer-pythons-2090900p",
    "brand": "Allen's",
    "name": "Killer Pythons",
    "imageUrl": "https://shop.coles.com.au/wcsstore/Coles-CAS/images/2/0/9/2090900-th.jpg",
    "categories": ["entertaining-at-home"],
    "tags": ["confectionery-for-entertaining", "lollies-for-entertaining"],
    "locations": {
      "vic": {
        "price": 3,
        "promoText": "Any 2 $5",
        "packageSize": "192g",
        "packagePrice": "$1.56 per 100G"
      }
    }
  },
  {
    "id": "allens-party-mix-3207402p",
    "brand": "Allen's",
    "name": "Party Mix",
    "imageUrl": "https://shop.coles.com.au/wcsstore/Coles-CAS/images/3/2/0/3207402-th.jpg",
    "categories": ["entertaining-at-home"],
    "tags": ["confectionery-for-entertaining", "lollies-for-entertaining"],
    "locations": {
      "vic": {
        "price": 5,
        "promoText": "Was $5.40 on May 2018 ",
        "packageSize": "520g",
        "packagePrice": "$0.96 per 100G"
      }
    }
  },
  {
    "id": "coles-bananas",
    "brand": "Coles",
    "name": "Bananas",
    "imageUrl": "https://shop.coles.com.au/wcsstore/Coles-CAS/images/2/2/2/2228214-th.jpg",
    "categories": ["entertaining-at-home"],
    "tags": ["confectionery-for-entertaining", "lollies-for-entertaining"],
    "locations": {
      "vic": {
        "price": 0.95,
        "promoText": " ",
        "packageSize": "160g",
        "packagePrice": "$0.59 per 100G"
      }
    }
  },
  {
    "id": "the-natural-confectionary-co-snakes-large",
    "brand": "The Natural Confectionary Co.",
    "name": "Snakes Large",
    "imageUrl": "https://shop.coles.com.au/wcsstore/Coles-CAS/images/2/3/5/2351312-th.jpg",
    "categories": ["entertaining-at-home"],
    "tags": ["confectionery-for-entertaining", "lollies-for-entertaining"],
    "locations": {
      "vic": {
        "price": 5,
        "promoText": "Was $6.00 on Dec 2017 ",
        "packageSize": "520g",
        "packagePrice": "$0.96 per 100G"
      }
    }
  },
  {
    "id": "the-natural-confec-co-reduced-sugar-snakes",
    "brand": "The Natural Confectionary Co.",
    "name": "25% Less Sugar Snakes",
    "imageUrl": "https://shop.coles.com.au/wcsstore/Coles-CAS/images/3/3/1/3311448-th.jpg",
    "categories": ["entertaining-at-home"],
    "tags": ["confectionery-for-entertaining", "lollies-for-entertaining"],
    "locations": {
      "vic": {
        "price": 2.5,
        "promoText": "$1.50 ",
        "packageSize": "260g",
        "packagePrice": "$0.96 per 100G"
      }
    }
  },
  {
    "id": "allens-chicos",
    "brand": "Allen's",
    "name": "Chicos",
    "imageUrl": "https://shop.coles.com.au/wcsstore/Coles-CAS/images/9/5/3/9530207-th.jpg",
    "categories": ["entertaining-at-home"],
    "tags": ["confectionery-for-entertaining", "lollies-for-entertaining"],
    "locations": {
      "vic": {
        "price": 3,
        "promoText": "Any 2 $5",
        "packageSize": "190g",
        "packagePrice": "$1.58 per 100G"
      }
    }
  },
  {
    "id": "coles-jelly-beans",
    "brand": "Coles",
    "name": "Jelly Beans",
    "imageUrl": "https://shop.coles.com.au/wcsstore/Coles-CAS/images/2/6/5/2654846-th.jpg",
    "categories": ["entertaining-at-home"],
    "tags": ["confectionery-for-entertaining", "lollies-for-entertaining"],
    "locations": {
      "vic": {
        "price": 1,
        "promoText": " ",
        "packageSize": "147g",
        "packagePrice": "$0.68 per 100G"
      }
    }
  },
  {
    "id": "pascall-jubes-2351866p",
    "brand": "Pascall",
    "name": "Jubes",
    "imageUrl": "https://shop.coles.com.au/wcsstore/Coles-CAS/images/2/3/5/2351866-th.jpg",
    "categories": ["entertaining-at-home"],
    "tags": ["confectionery-for-entertaining", "lollies-for-entertaining"],
    "locations": {
      "vic": {
        "price": 2.5,
        "promoText": "$1.50 ",
        "packageSize": "350g",
        "packagePrice": "$0.71 per 100G"
      }
    }
  },
  {
    "id": "the-natural-confectionary-co-fruit-salad-2351232p",
    "brand": "The Natural Confectionary Co.",
    "name": "Soft Jellies Fruit Salad Lollies",
    "imageUrl": "https://shop.coles.com.au/wcsstore/Coles-CAS/images/2/3/5/2351232-th.jpg",
    "categories": ["entertaining-at-home"],
    "tags": ["confectionery-for-entertaining", "lollies-for-entertaining"],
    "locations": {
      "vic": {
        "price": 2.5,
        "promoText": "$1.50 ",
        "packageSize": "240g",
        "packagePrice": "$1.04 per 100G"
      }
    }
  },
  {
    "id": "the-natural-confectionary-co-dinosaurs-2351276p",
    "brand": "The Natural Confectionary Co.",
    "name": "Dinosaurs",
    "imageUrl": "https://shop.coles.com.au/wcsstore/Coles-CAS/images/2/3/5/2351276-th.jpg",
    "categories": ["entertaining-at-home"],
    "tags": ["confectionery-for-entertaining", "lollies-for-entertaining"],
    "locations": {
      "vic": {
        "price": 2.5,
        "promoText": "$1.50 ",
        "packageSize": "260g",
        "packagePrice": "$0.96 per 100G"
      }
    }
  },
  {
    "id": "cadbury-caramels",
    "brand": "Cadbury",
    "name": "Caramels",
    "imageUrl": "https://shop.coles.com.au/wcsstore/Coles-CAS/images/2/3/5/2351899-th.jpg",
    "categories": ["entertaining-at-home"],
    "tags": ["confectionery-for-entertaining", "lollies-for-entertaining"],
    "locations": {
      "vic": {
        "price": 2.5,
        "promoText": "$1.50 ",
        "packageSize": "160g",
        "packagePrice": "$1.56 per 100G"
      }
    }
  },
  {
    "id": "coles-marshmallows",
    "brand": "Coles",
    "name": "Marshmallows",
    "imageUrl": "https://shop.coles.com.au/wcsstore/Coles-CAS/images/2/2/2/2225191-th.jpg",
    "categories": ["entertaining-at-home"],
    "tags": ["confectionery-for-entertaining", "lollies-for-entertaining"],
    "locations": {
      "vic": {
        "price": 1.95,
        "promoText": " ",
        "packageSize": "204g",
        "packagePrice": "$0.96 per 100G"
      }
    }
  },
  {
    "id": "allens-strawberries-cream",
    "brand": "Allen's",
    "name": "Strawberries & Cream",
    "imageUrl": "https://shop.coles.com.au/wcsstore/Coles-CAS/images/5/1/9/5196839-th.jpg",
    "categories": ["entertaining-at-home"],
    "tags": ["confectionery-for-entertaining", "lollies-for-entertaining"],
    "locations": {
      "vic": {
        "price": 3,
        "promoText": "Any 2 $5",
        "packageSize": "190g",
        "packagePrice": "$1.58 per 100G"
      }
    }
  },
  {
    "id": "allens-drumsticks",
    "brand": "Allen's",
    "name": "Ripe Raspberries",
    "imageUrl": "https://shop.coles.com.au/wcsstore/Coles-CAS/images/3/1/7/3179497-th.jpg",
    "categories": ["entertaining-at-home"],
    "tags": ["confectionery-for-entertaining", "lollies-for-entertaining"],
    "locations": {
      "vic": {
        "price": 3,
        "promoText": "Any 2 $5",
        "packageSize": "190g",
        "packagePrice": "$1.58 per 100G"
      }
    }
  },
  {
    "id": "chupa-chups--best-of-mini-tube-50-pack",
    "brand": "Chupa Chups",
    "name": "Mini Lollipops 50 Pack",
    "imageUrl": "https://shop.coles.com.au/wcsstore/Coles-CAS/images/2/2/1/2212961-th.jpg",
    "categories": ["entertaining-at-home"],
    "tags": ["confectionery-for-entertaining", "lollies-for-entertaining"],
    "locations": {
      "vic": {
        "price": 7,
        "promoText": " ",
        "packageSize": "300g",
        "packagePrice": "$2.33 per 100G"
      }
    }
  },
  {
    "id": "darrell-lea-liquorice-batch-37",
    "brand": "Darrell Lea",
    "name": "Batch 37 Fresh Liquorice",
    "imageUrl": "https://shop.coles.com.au/wcsstore/Coles-CAS/images/3/4/4/3449117-th.jpg",
    "categories": ["entertaining-at-home"],
    "tags": ["confectionery-for-entertaining", "lollies-for-entertaining"],
    "locations": {
      "vic": {
        "price": 3,
        "promoText": "$1.00 ",
        "packageSize": "260g",
        "packagePrice": "$1.15 per 100G"
      }
    }
  },
  {
    "id": "darrell-lea-liquorice-allsorts-3449081p",
    "brand": "Darrell Lea",
    "name": "Allsorts Liquorice",
    "imageUrl": "https://shop.coles.com.au/wcsstore/Coles-CAS/images/3/4/4/3449081-th.jpg",
    "categories": ["entertaining-at-home"],
    "tags": ["confectionery-for-entertaining", "lollies-for-entertaining"],
    "locations": {
      "vic": {
        "price": 3,
        "promoText": "$1.00 ",
        "packageSize": "270g",
        "packagePrice": "$1.11 per 100G"
      }
    }
  },
  {
    "id": "the-natural-confectionary-co-large-party-mix",
    "brand": "The Natural Confectionary Co.",
    "name": "Party Mix Large",
    "imageUrl": "https://shop.coles.com.au/wcsstore/Coles-CAS/images/2/3/5/2351323-th.jpg",
    "categories": ["entertaining-at-home"],
    "tags": ["confectionery-for-entertaining", "lollies-for-entertaining"],
    "locations": {
      "vic": {
        "price": 5,
        "promoText": "Was $6.00 on Dec 2017 ",
        "packageSize": "520g",
        "packagePrice": "$0.96 per 100G"
      }
    }
  },
  {
    "id": "allens-snakes-alive-3207424p",
    "brand": "Allen's",
    "name": "Snakes Alive",
    "imageUrl": "https://shop.coles.com.au/wcsstore/Coles-CAS/images/3/2/0/3207424-th.jpg",
    "categories": ["entertaining-at-home"],
    "tags": ["confectionery-for-entertaining", "lollies-for-entertaining"],
    "locations": {
      "vic": {
        "price": 5,
        "promoText": "Was $5.40 on May 2018 ",
        "packageSize": "520g",
        "packagePrice": "$0.96 per 100G"
      }
    }
  },
  {
    "id": "coles-strawberry-licorice-twist",
    "brand": "Coles",
    "name": "Strawberry Flavoured Liquorice Twists",
    "imageUrl": "https://shop.coles.com.au/wcsstore/Coles-CAS/images/2/2/2/2224836-th.jpg",
    "categories": ["entertaining-at-home"],
    "tags": ["confectionery-for-entertaining", "lollies-for-entertaining"],
    "locations": {
      "vic": {
        "price": 1.65,
        "promoText": " ",
        "packageSize": "250g",
        "packagePrice": "$0.66 per 100G"
      }
    }
  },
  {
    "id": "darell-lea-bullets-dark-choc-liquorice",
    "brand": "Darrell Lea",
    "name": "Bullet Dark Chocolate Liquorice",
    "imageUrl": "https://shop.coles.com.au/wcsstore/Coles-CAS/images/3/4/4/3448351-th.jpg",
    "categories": ["entertaining-at-home"],
    "tags": ["confectionery-for-entertaining", "lollies-for-entertaining"],
    "locations": {
      "vic": {
        "price": 3,
        "promoText": "$1.00 ",
        "packageSize": "250g",
        "packagePrice": "$1.20 per 100G"
      }
    }
  },
  {
    "id": "haribo-bags-goldbears",
    "brand": "Haribo",
    "name": "Goldbears",
    "imageUrl": "https://shop.coles.com.au/wcsstore/Coles-CAS/images/2/9/0/2904626-th.jpg",
    "categories": ["entertaining-at-home"],
    "tags": ["confectionery-for-entertaining", "lollies-for-entertaining"],
    "locations": {
      "vic": {
        "price": 2,
        "promoText": " ",
        "packageSize": "150g",
        "packagePrice": "$1.33 per 100G"
      }
    }
  },
  {
    "id": "coles-musk-sticks",
    "brand": "Coles",
    "name": "Musk Sticks",
    "imageUrl": "https://shop.coles.com.au/wcsstore/Coles-CAS/images/2/6/1/2618762-th.jpg",
    "categories": ["entertaining-at-home"],
    "tags": ["confectionery-for-entertaining", "lollies-for-entertaining"],
    "locations": {
      "vic": {
        "price": 1,
        "promoText": " ",
        "packageSize": "160g",
        "packagePrice": "$0.63 per 100G"
      }
    }
  },
  {
    "id": "darrell-lea-twists-liquorice",
    "brand": "Darrell Lea",
    "name": "Liquorice Twists",
    "imageUrl": "https://shop.coles.com.au/wcsstore/Coles-CAS/images/3/4/4/3449241-th.jpg",
    "categories": ["entertaining-at-home"],
    "tags": ["confectionery-for-entertaining", "lollies-for-entertaining"],
    "locations": {
      "vic": {
        "price": 3,
        "promoText": "$1.00 ",
        "packageSize": "280g",
        "packagePrice": "$1.07 per 100G"
      }
    }
  },
  {
    "id": "skittles-large-bag",
    "brand": "Skittles",
    "name": "Fruits Lollies Large Bag",
    "imageUrl": "https://shop.coles.com.au/wcsstore/Coles-CAS/images/3/4/5/3452960-th.jpg",
    "categories": ["entertaining-at-home"],
    "tags": ["confectionery-for-entertaining", "lollies-for-entertaining"],
    "locations": {
      "vic": {
        "price": 5,
        "promoText": "Was $6.70 on Apr 2019 ",
        "packageSize": "345g",
        "packagePrice": "$1.45 per 100G"
      }
    }
  },
  {
    "id": "x-treme-candy-straps-sour-strawberry",
    "brand": "X-Treme",
    "name": "Candy Sour Straps Strawberry",
    "imageUrl": "https://shop.coles.com.au/wcsstore/Coles-CAS/images/6/0/5/6051784-th.jpg",
    "categories": ["entertaining-at-home"],
    "tags": ["confectionery-for-entertaining", "lollies-for-entertaining"],
    "locations": {
      "vic": {
        "price": 2,
        "promoText": " ",
        "packageSize": "160g",
        "packagePrice": "$1.25 per 100G"
      }
    }
  },
  {
    "id": "allens-chewmix",
    "brand": "Allen's",
    "name": "Chew Mix",
    "imageUrl": "https://shop.coles.com.au/wcsstore/Coles-CAS/images/3/2/0/3207388-th.jpg",
    "categories": ["entertaining-at-home"],
    "tags": ["confectionery-for-entertaining", "lollies-for-entertaining"],
    "locations": {
      "vic": {
        "price": 5,
        "promoText": "Was $5.40 on May 2018 ",
        "packageSize": "415g",
        "packagePrice": "$1.20 per 100G"
      }
    }
  },
  {
    "id": "darrell-lea-bullets-milk-choc-raspberry",
    "brand": "Darrell Lea",
    "name": "Milk Choc Raspberry Bullets",
    "imageUrl": "https://shop.coles.com.au/wcsstore/Coles-CAS/images/3/4/4/3448362-th.jpg",
    "categories": ["entertaining-at-home"],
    "tags": ["confectionery-for-entertaining", "lollies-for-entertaining"],
    "locations": {
      "vic": {
        "price": 3,
        "promoText": "$1.00 ",
        "packageSize": "250g",
        "packagePrice": "$1.20 per 100G"
      }
    }
  },
  {
    "id": "pascall-eclairs-chocolate",
    "brand": "Pascall",
    "name": "Eclairs Chocolate",
    "imageUrl": "https://shop.coles.com.au/wcsstore/Coles-CAS/images/2/3/5/2351822-th.jpg",
    "categories": ["entertaining-at-home"],
    "tags": ["confectionery-for-entertaining", "lollies-for-entertaining"],
    "locations": {
      "vic": {
        "price": 5,
        "promoText": "Was $6.00 on Dec 2017 ",
        "packageSize": "240g",
        "packagePrice": "$1.67 per 100G"
      }
    }
  },
  {
    "id": "starburst-chews-fruit",
    "brand": "Starburst",
    "name": "Original Fruit Chews Lollies Large Bag",
    "imageUrl": "https://shop.coles.com.au/wcsstore/Coles-CAS/images/3/4/5/3450637-th.jpg",
    "categories": ["entertaining-at-home"],
    "tags": ["confectionery-for-entertaining", "lollies-for-entertaining"],
    "locations": {
      "vic": {
        "price": 4.3,
        "promoText": " ",
        "packageSize": "235g",
        "packagePrice": "$1.83 per 100G"
      }
    }
  },
  {
    "id": "the-natural-confectionary-co-sour-squirms",
    "brand": "The Natural Confectionary Co.",
    "name": "Sour Squirms",
    "imageUrl": "https://shop.coles.com.au/wcsstore/Coles-CAS/images/2/3/5/2351254-th.jpg",
    "categories": ["entertaining-at-home"],
    "tags": ["confectionery-for-entertaining", "lollies-for-entertaining"],
    "locations": {
      "vic": {
        "price": 2.5,
        "promoText": "$1.50 ",
        "packageSize": "240g",
        "packagePrice": "$1.04 per 100G"
      }
    }
  },
  {
    "id": "the-natural-confec-co-reduced-sugar-fruitbasket",
    "brand": "The Natural Confectionary Co.",
    "name": "25% Less Sugar Fruit Basket",
    "imageUrl": "https://shop.coles.com.au/wcsstore/Coles-CAS/images/3/3/1/3311426-th.jpg",
    "categories": ["entertaining-at-home"],
    "tags": ["confectionery-for-entertaining", "lollies-for-entertaining"],
    "locations": {
      "vic": {
        "price": 2.5,
        "promoText": "$1.50 ",
        "packageSize": "220g",
        "packagePrice": "$1.14 per 100G"
      }
    }
  },
  {
    "id": "the-natural-confec-co-fruit-smoothies-orchard",
    "brand": "The Natural Confectionery Co.",
    "name": "Orchard Blast Fruit Smoothie Flavoured Jellies",
    "imageUrl": "https://shop.coles.com.au/wcsstore/Coles-CAS/images/3/6/1/3615012-th.jpg",
    "categories": ["entertaining-at-home"],
    "tags": ["confectionery-for-entertaining", "lollies-for-entertaining"],
    "locations": {
      "vic": {
        "price": 2.5,
        "promoText": "$1.50 ",
        "packageSize": "200g",
        "packagePrice": "$1.25 per 100G"
      }
    }
  },
  {
    "id": "the-natural-confec-co-fruity-chews",
    "brand": "The Natural Confectionery Co.",
    "name": "Fruity Chews",
    "imageUrl": "https://shop.coles.com.au/wcsstore/Coles-CAS/images/2/2/1/2213090-th.jpg",
    "categories": ["entertaining-at-home"],
    "tags": ["confectionery-for-entertaining", "lollies-for-entertaining"],
    "locations": {
      "vic": {
        "price": 5,
        "promoText": "Was $6.00 on Aug 2019 ",
        "packageSize": "420g",
        "packagePrice": "$1.19 per 100G"
      }
    }
  },
  {
    "id": "trolli-britecrawlers",
    "brand": "Trolli",
    "name": "Britecrawlers",
    "imageUrl": "https://shop.coles.com.au/wcsstore/Coles-CAS/images/2/9/0/2909608-th.jpg",
    "categories": ["entertaining-at-home"],
    "tags": ["confectionery-for-entertaining", "lollies-for-entertaining"],
    "locations": {
      "vic": {
        "price": 1.7,
        "promoText": "$0.60 ",
        "packageSize": "150g",
        "packagePrice": "$1.13 per 100G"
      }
    }
  },
  {
    "id": "werthers-original-candies-butter-cream-9717773p",
    "brand": "Werther's Original",
    "name": "Cream Candies",
    "imageUrl": "https://shop.coles.com.au/wcsstore/Coles-CAS/images/9/7/1/9717773-th.jpg",
    "categories": ["entertaining-at-home"],
    "tags": ["confectionery-for-entertaining", "lollies-for-entertaining"],
    "locations": {
      "vic": {
        "price": 3.5,
        "promoText": " ",
        "packageSize": "140g",
        "packagePrice": "$2.50 per 100G"
      }
    }
  },
  {
    "id": "allens-jelly-beans",
    "brand": "Allen's",
    "name": "Jelly Beans",
    "imageUrl": "https://shop.coles.com.au/wcsstore/Coles-CAS/images/5/1/9/5196840-th.jpg",
    "categories": ["entertaining-at-home"],
    "tags": ["confectionery-for-entertaining", "lollies-for-entertaining"],
    "locations": {
      "vic": {
        "price": 3,
        "promoText": "Any 2 $5",
        "packageSize": "190g",
        "packagePrice": "$1.58 per 100G"
      }
    }
  },
  {
    "id": "allens-pineapples",
    "brand": "Allen's",
    "name": "Pineapples",
    "imageUrl": "https://shop.coles.com.au/wcsstore/Coles-CAS/images/2/2/1/2211186-th.jpg",
    "categories": ["entertaining-at-home"],
    "tags": ["confectionery-for-entertaining", "lollies-for-entertaining"],
    "locations": {
      "vic": {
        "price": 3,
        "promoText": "Any 2 $5",
        "packageSize": "170g",
        "packagePrice": "$1.76 per 100G"
      }
    }
  },
  {
    "id": "coles-chocolate-coated-bullets",
    "brand": "Coles",
    "name": "Liquorice Bullets Milk Chocolate",
    "imageUrl": "https://shop.coles.com.au/wcsstore/Coles-CAS/images/2/2/2/2224971-th.jpg",
    "categories": ["entertaining-at-home"],
    "tags": ["confectionery-for-entertaining", "lollies-for-entertaining"],
    "locations": {
      "vic": {
        "price": 1.7,
        "promoText": "Was $2.00 on Sep 2018 ",
        "packageSize": "190g",
        "packagePrice": "$0.89 per 100G"
      }
    }
  },
  {
    "id": "coles-liquorice-allsorts",
    "brand": "Coles",
    "name": "Liquorice Allsorts",
    "imageUrl": "https://shop.coles.com.au/wcsstore/Coles-CAS/images/2/2/2/2225307-th.jpg",
    "categories": ["entertaining-at-home"],
    "tags": ["confectionery-for-entertaining", "lollies-for-entertaining"],
    "locations": {
      "vic": {
        "price": 2,
        "promoText": " ",
        "packageSize": "300g",
        "packagePrice": "$0.67 per 100G"
      }
    }
  },
  {
    "id": "coles-sour-rainbows",
    "brand": "Coles",
    "name": "Sour Rainbows",
    "imageUrl": "https://shop.coles.com.au/wcsstore/Coles-CAS/images/2/6/1/2618070-th.jpg",
    "categories": ["entertaining-at-home"],
    "tags": ["confectionery-for-entertaining", "lollies-for-entertaining"],
    "locations": {
      "vic": {
        "price": 1,
        "promoText": " ",
        "packageSize": "85g",
        "packagePrice": "$1.18 per 100G"
      }
    }
  },
  {
    "id": "darrell-lea-choc-twists-milk-choc-raspberry",
    "brand": "Darrell Lea",
    "name": "Raspberry Milk Chocolate Twists",
    "imageUrl": "https://shop.coles.com.au/wcsstore/Coles-CAS/images/3/4/4/3449263-th.jpg",
    "categories": ["entertaining-at-home"],
    "tags": ["confectionery-for-entertaining", "lollies-for-entertaining"],
    "locations": {
      "vic": {
        "price": 3,
        "promoText": "$1.00 ",
        "packageSize": "200g",
        "packagePrice": "$1.50 per 100G"
      }
    }
  },
  {
    "id": "skittles-candy-fruits-box",
    "brand": "Skittles",
    "name": "Fruits Lollies Box",
    "imageUrl": "https://shop.coles.com.au/wcsstore/Coles-CAS/images/1/8/5/1855354-th.jpg",
    "categories": ["entertaining-at-home"],
    "tags": ["confectionery-for-entertaining", "lollies-for-entertaining"],
    "locations": {
      "vic": {
        "price": 1.55,
        "promoText": " ",
        "packageSize": "45g",
        "packagePrice": "$3.44 per 100G"
      }
    }
  },
  {
    "id": "sour-patch-watermelon",
    "brand": "The Natural Confectionary Co.",
    "name": "Sour Patch Watermelon",
    "imageUrl": "https://shop.coles.com.au/wcsstore/Coles-CAS/images/2/2/1/2213104-th.jpg",
    "categories": ["entertaining-at-home"],
    "tags": ["confectionery-for-entertaining", "lollies-for-entertaining"],
    "locations": {
      "vic": {
        "price": 2.5,
        "promoText": "$1.50 ",
        "packageSize": "220g",
        "packagePrice": "$1.14 per 100G"
      }
    }
  },
  {
    "id": "allens-redskin",
    "brand": "Allen's",
    "name": "Red Skins",
    "imageUrl": "https://shop.coles.com.au/wcsstore/Coles-CAS/images/3/2/0/3207366-th.jpg",
    "categories": ["entertaining-at-home"],
    "tags": ["confectionery-for-entertaining", "lollies-for-entertaining"],
    "locations": {
      "vic": {
        "price": 5,
        "promoText": "Was $5.40 on May 2018 ",
        "packageSize": "370g",
        "packagePrice": "$1.35 per 100G"
      }
    }
  },
  {
    "id": "allens-sherbies-sour-fizz-chews",
    "brand": "Allen's",
    "name": "Sherbies Sour Fizz Chews",
    "imageUrl": "https://shop.coles.com.au/wcsstore/Coles-CAS/images/3/4/4/3448250-th.jpg",
    "categories": ["entertaining-at-home"],
    "tags": ["confectionery-for-entertaining", "lollies-for-entertaining"],
    "locations": {
      "vic": {
        "price": 3,
        "promoText": "Any 2 $5",
        "packageSize": "150g",
        "packagePrice": "$2.00 per 100G"
      }
    }
  },
  {
    "id": "allens-25-less-sugar-candy-grubs",
    "brand": "Allen's",
    "name": "25% Less Sugar Candy Grubs",
    "imageUrl": "https://shop.coles.com.au/wcsstore/Coles-CAS/images/3/6/1/3612910-th.jpg",
    "categories": ["entertaining-at-home"],
    "tags": ["confectionery-for-entertaining", "lollies-for-entertaining"],
    "locations": {
      "vic": {
        "price": 3,
        "promoText": "Any 2 $5",
        "packageSize": "170g",
        "packagePrice": "$1.76 per 100G"
      }
    }
  },
  {
    "id": "beacon-fizzer-faves",
    "brand": "Beacon",
    "name": "Candy Fizzer Faves",
    "imageUrl": "https://shop.coles.com.au/wcsstore/Coles-CAS/images/7/5/7/7578406-th.jpg",
    "categories": ["entertaining-at-home"],
    "tags": ["confectionery-for-entertaining", "lollies-for-entertaining"],
    "locations": {
      "vic": {
        "price": 2.5,
        "promoText": " ",
        "packageSize": "92g",
        "packagePrice": "$2.72 per 100G"
      }
    }
  },
  {
    "id": "coles-brand-sherbert-lemon",
    "brand": "Coles",
    "name": "Lemon Sherbets",
    "imageUrl": "https://shop.coles.com.au/wcsstore/Coles-CAS/images/9/6/8/9680039-th.jpg",
    "categories": ["entertaining-at-home"],
    "tags": ["confectionery-for-entertaining", "lollies-for-entertaining"],
    "locations": {
      "vic": {
        "price": 2,
        "promoText": " ",
        "packageSize": "200g",
        "packagePrice": "$1.00 per 100G"
      }
    }
  },
  {
    "id": "coles-party-mix-2654879p",
    "brand": "Coles",
    "name": "Party Mix",
    "imageUrl": "https://shop.coles.com.au/wcsstore/Coles-CAS/images/2/6/5/2654879-th.jpg",
    "categories": ["entertaining-at-home"],
    "tags": ["confectionery-for-entertaining", "lollies-for-entertaining"],
    "locations": {
      "vic": {
        "price": 3.45,
        "promoText": " ",
        "packageSize": "750g",
        "packagePrice": "$0.46 per 100G"
      }
    }
  },
  {
    "id": "coles-butterscotch",
    "brand": "Coles",
    "name": "Butterscotch",
    "imageUrl": "https://shop.coles.com.au/wcsstore/Coles-CAS/images/2/6/5/2654857-th.jpg",
    "categories": ["entertaining-at-home"],
    "tags": ["confectionery-for-entertaining", "lollies-for-entertaining"],
    "locations": {
      "vic": {
        "price": 1,
        "promoText": " ",
        "packageSize": "112g",
        "packagePrice": "$0.89 per 100G"
      }
    }
  },
  {
    "id": "darrell-lea-choc-twists-dark-choc-liquorice",
    "brand": "Darrell Lea",
    "name": "Chocolate Twists Dark Chocolate Liquorice",
    "imageUrl": "https://shop.coles.com.au/wcsstore/Coles-CAS/images/3/4/4/3449274-th.jpg",
    "categories": ["entertaining-at-home"],
    "tags": ["confectionery-for-entertaining", "lollies-for-entertaining"],
    "locations": {
      "vic": {
        "price": 3,
        "promoText": "$1.00 ",
        "packageSize": "200g",
        "packagePrice": "$1.50 per 100G"
      }
    }
  },
  {
    "id": "pascall-milk-bottles",
    "brand": "Pascall",
    "name": "Milk Bottles",
    "imageUrl": "https://shop.coles.com.au/wcsstore/Coles-CAS/images/3/6/1/3611532-th.jpg",
    "categories": ["entertaining-at-home"],
    "tags": ["confectionery-for-entertaining", "lollies-for-entertaining"],
    "locations": {
      "vic": {
        "price": 2.5,
        "promoText": "$1.50 ",
        "packageSize": "210g",
        "packagePrice": "$1.19 per 100G"
      }
    }
  },
  {
    "id": "sour-patch-kidz",
    "brand": "The Natural Confectionary Co.",
    "name": "Sour Patch Kids",
    "imageUrl": "https://shop.coles.com.au/wcsstore/Coles-CAS/images/2/3/5/2352916-th.jpg",
    "categories": ["entertaining-at-home"],
    "tags": ["confectionery-for-entertaining", "lollies-for-entertaining"],
    "locations": {
      "vic": {
        "price": 2.5,
        "promoText": "$1.50 ",
        "packageSize": "220g",
        "packagePrice": "$1.14 per 100G"
      }
    }
  },
  {
    "id": "the-natural-confectionary-co-berry-bliss",
    "brand": "The Natural Confectionary Co.",
    "name": "Berry Bliss Lollies",
    "imageUrl": "https://shop.coles.com.au/wcsstore/Coles-CAS/images/2/3/5/2351196-th.jpg",
    "categories": ["entertaining-at-home"],
    "tags": ["confectionery-for-entertaining", "lollies-for-entertaining"],
    "locations": {
      "vic": {
        "price": 2.5,
        "promoText": "$1.50 ",
        "packageSize": "200g",
        "packagePrice": "$1.25 per 100G"
      }
    }
  },
  {
    "id": "the-natural-confec-co-rainbow-snakes",
    "brand": "The Natural Confectionary Co.",
    "name": "Rainbow Snakes",
    "imageUrl": "https://shop.coles.com.au/wcsstore/Coles-CAS/images/3/1/5/3158522-th.jpg",
    "categories": ["entertaining-at-home"],
    "tags": ["confectionery-for-entertaining", "lollies-for-entertaining"],
    "locations": {
      "vic": {
        "price": 2.5,
        "promoText": "$1.50 ",
        "packageSize": "220g",
        "packagePrice": "$1.14 per 100G"
      }
    }
  },
  {
    "id": "werthers-caramel-chews",
    "brand": "Werther's Original",
    "name": "Chewy Toffees",
    "imageUrl": "https://shop.coles.com.au/wcsstore/Coles-CAS/images/9/5/2/9524408-th.jpg",
    "categories": ["entertaining-at-home"],
    "tags": ["confectionery-for-entertaining", "lollies-for-entertaining"],
    "locations": {
      "vic": {
        "price": 3.5,
        "promoText": " ",
        "packageSize": "135g",
        "packagePrice": "$2.59 per 100G"
      }
    }
  },
  {
    "id": "coles-brand-mints-extra-strong",
    "brand": "Coles",
    "name": "Extra Strong Mints",
    "imageUrl": "https://shop.coles.com.au/wcsstore/Coles-CAS/images/5/6/8/5686907-th.jpg",
    "categories": ["entertaining-at-home"],
    "tags": ["confectionery-for-entertaining", "lollies-for-entertaining"],
    "locations": {
      "vic": {
        "price": 1.75,
        "promoText": " ",
        "packageSize": "200g",
        "packagePrice": "$0.88 per 100G"
      }
    }
  },
  {
    "id": "coles-brand-peppermints",
    "brand": "Coles",
    "name": "Peppermints",
    "imageUrl": "https://shop.coles.com.au/wcsstore/Coles-CAS/images/1/1/4/114349-th.jpg",
    "categories": ["entertaining-at-home"],
    "tags": ["confectionery-for-entertaining", "lollies-for-entertaining"],
    "locations": {
      "vic": {
        "price": 1.75,
        "promoText": " ",
        "packageSize": "200g",
        "packagePrice": "$0.88 per 100G"
      }
    }
  },
  {
    "id": "coles-jelly-party-mix",
    "brand": "Coles",
    "name": "Jelly Party Mix",
    "imageUrl": "https://shop.coles.com.au/wcsstore/Coles-CAS/images/2/2/2/2228236-th.jpg",
    "categories": ["entertaining-at-home"],
    "tags": ["confectionery-for-entertaining", "lollies-for-entertaining"],
    "locations": {
      "vic": {
        "price": 1,
        "promoText": " ",
        "packageSize": "147g",
        "packagePrice": "$0.68 per 100G"
      }
    }
  },
  {
    "id": "coles-chocolate-coated-licorice",
    "brand": "Coles",
    "name": "Dark Chocolate Coated Liquorice",
    "imageUrl": "https://shop.coles.com.au/wcsstore/Coles-CAS/images/2/2/2/2224847-th.jpg",
    "categories": ["entertaining-at-home"],
    "tags": ["confectionery-for-entertaining", "lollies-for-entertaining"],
    "locations": {
      "vic": {
        "price": 2,
        "promoText": " ",
        "packageSize": "250g",
        "packagePrice": "$0.80 per 100G"
      }
    }
  },
  {
    "id": "coles-soft-black-licorice",
    "brand": "Coles",
    "name": "Traditional Soft Liquorice",
    "imageUrl": "https://shop.coles.com.au/wcsstore/Coles-CAS/images/2/2/2/2224790-th.jpg",
    "categories": ["entertaining-at-home"],
    "tags": ["confectionery-for-entertaining", "lollies-for-entertaining"],
    "locations": {
      "vic": {
        "price": 2,
        "promoText": " ",
        "packageSize": "250g",
        "packagePrice": "$0.80 per 100G"
      }
    }
  },
  {
    "id": "coles-snakes",
    "brand": "Coles",
    "name": "Snakes",
    "imageUrl": "https://shop.coles.com.au/wcsstore/Coles-CAS/images/2/6/5/2654880-th.jpg",
    "categories": ["entertaining-at-home"],
    "tags": ["confectionery-for-entertaining", "lollies-for-entertaining"],
    "locations": {
      "vic": {
        "price": 3.45,
        "promoText": " ",
        "packageSize": "750g",
        "packagePrice": "$0.46 per 100G"
      }
    }
  },
  {
    "id": "coles-spearmint-leaves",
    "brand": "Coles",
    "name": "Spearmint Leaves",
    "imageUrl": "https://shop.coles.com.au/wcsstore/Coles-CAS/images/3/4/5/3450987-th.jpg",
    "categories": ["entertaining-at-home"],
    "tags": ["confectionery-for-entertaining", "lollies-for-entertaining"],
    "locations": {
      "vic": {
        "price": 2,
        "promoText": " ",
        "packageSize": "250g",
        "packagePrice": "$0.80 per 100G"
      }
    }
  },
  {
    "id": "fyna-wizz-fizz-sherbet-original",
    "brand": "Fyna",
    "name": "Sherbert Wizz Fizz Original 8 Pack",
    "imageUrl": "https://shop.coles.com.au/wcsstore/Coles-CAS/images/5/9/1/5911887-th.jpg",
    "categories": ["entertaining-at-home"],
    "tags": ["confectionery-for-entertaining", "lollies-for-entertaining"],
    "locations": {
      "vic": {
        "price": 2,
        "promoText": " ",
        "packageSize": "8 pack",
        "packagePrice": "$2.00 per 100G"
      }
    }
  },
  {
    "id": "pascall-party-pack-3611485p",
    "brand": "Pascall",
    "name": "Party Pack",
    "imageUrl": "https://shop.coles.com.au/wcsstore/Coles-CAS/images/3/6/1/3611485-th.jpg",
    "categories": ["entertaining-at-home"],
    "tags": ["confectionery-for-entertaining", "lollies-for-entertaining"],
    "locations": {
      "vic": {
        "price": 2.5,
        "promoText": "$1.50 ",
        "packageSize": "240g",
        "packagePrice": "$1.04 per 100G"
      }
    }
  },
  {
    "id": "the-natural-confectionary-co-smoothie-chews",
    "brand": "The Natural Confectionary Co.",
    "name": "Smoothie Chews",
    "imageUrl": "https://shop.coles.com.au/wcsstore/Coles-CAS/images/2/3/5/2351210-th.jpg",
    "categories": ["entertaining-at-home"],
    "tags": ["confectionery-for-entertaining", "lollies-for-entertaining"],
    "locations": {
      "vic": {
        "price": 2.5,
        "promoText": "$1.50 ",
        "packageSize": "220g",
        "packagePrice": "$1.14 per 100G"
      }
    }
  },
  {
    "id": "the-natural-confec-co-fruit-smoothies-tropical",
    "brand": "The Natural Confectionery Co.",
    "name": "Tropical Crush Fruit Smoothie Flavoured Jellies",
    "imageUrl": "https://shop.coles.com.au/wcsstore/Coles-CAS/images/3/6/1/3615001-th.jpg",
    "categories": ["entertaining-at-home"],
    "tags": ["confectionery-for-entertaining", "lollies-for-entertaining"],
    "locations": {
      "vic": {
        "price": 2.5,
        "promoText": "$1.50 ",
        "packageSize": "200g",
        "packagePrice": "$1.25 per 100G"
      }
    }
  },
  {
    "id": "nestle-kit-kat-fun-pack",
    "brand": "Nestle",
    "name": "KitKat Milk Chocolate 11 Pieces",
    "imageUrl": "https://shop.coles.com.au/wcsstore/Coles-CAS/images/5/1/6/5169687-th.jpg",
    "categories": ["entertaining-at-home"],
    "tags": ["confectionery-for-entertaining", "chocolates-for-entertaining"],
    "locations": {
      "vic": {
        "price": 4.6,
        "promoText": " ",
        "packageSize": "185g",
        "packagePrice": "$2.49 per 100G"
      }
    }
  },
  {
    "id": "nestle-milkybar-fun-pack",
    "brand": "Nestle",
    "name": "Milkybar White Chocolate 11 Piece Fun Pack",
    "imageUrl": "https://shop.coles.com.au/wcsstore/Coles-CAS/images/6/9/9/6991746-th.jpg",
    "categories": ["entertaining-at-home"],
    "tags": ["confectionery-for-entertaining", "chocolates-for-entertaining"],
    "locations": {
      "vic": {
        "price": 4.6,
        "promoText": " ",
        "packageSize": "158g",
        "packagePrice": "$2.91 per 100G"
      }
    }
  },
  {
    "id": "cadbury-milk-chocolate-block-dairy-milk",
    "brand": "Cadbury",
    "name": "Dairy Milk Chocolate Large Block",
    "imageUrl": "https://shop.coles.com.au/wcsstore/Coles-CAS/images/7/7/7/7778609-th.jpg",
    "categories": ["entertaining-at-home"],
    "tags": ["confectionery-for-entertaining", "chocolates-for-entertaining"],
    "locations": {
      "vic": {
        "price": 5,
        "promoText": "Was $6.30 on Jun 2017 ",
        "packageSize": "350g",
        "packagePrice": "$1.43 per 100G"
      }
    }
  },
  {
    "id": "mars-large-bag-m-ms-regular",
    "brand": "M&M's",
    "name": "Milk Chocolate Bag Large",
    "imageUrl": "https://shop.coles.com.au/wcsstore/Coles-CAS/images/6/1/0/6104122-th.jpg",
    "categories": ["entertaining-at-home"],
    "tags": ["confectionery-for-entertaining", "chocolates-for-entertaining"],
    "locations": {
      "vic": {
        "price": 5,
        "promoText": " ",
        "packageSize": "345g",
        "packagePrice": "$1.45 per 100G"
      }
    }
  },
  {
    "id": "cadbury-family-block-chocolate-hazelnut",
    "brand": "Cadbury",
    "name": "Dairy Milk Hazelnut Chocolate Family Block",
    "imageUrl": "https://shop.coles.com.au/wcsstore/Coles-CAS/images/2/3/5/2351720-th.jpg",
    "categories": ["entertaining-at-home"],
    "tags": ["confectionery-for-entertaining", "chocolates-for-entertaining"],
    "locations": {
      "vic": {
        "price": 5,
        "promoText": "Any 2 $7",
        "packageSize": "180g",
        "packagePrice": "$2.78 per 100G"
      }
    }
  },
  {
    "id": "nestle-family-size-smarties",
    "brand": "Nestle",
    "name": "Smarties Chocolate Bag Family Size",
    "imageUrl": "https://shop.coles.com.au/wcsstore/Coles-CAS/images/9/4/0/9405840-th.jpg",
    "categories": ["entertaining-at-home"],
    "tags": ["confectionery-for-entertaining", "chocolates-for-entertaining"],
    "locations": {
      "vic": {
        "price": 5,
        "promoText": " ",
        "packageSize": "340g",
        "packagePrice": "$1.47 per 100G"
      }
    }
  },
  {
    "id": "mars-m-ms-peanut-5258947p",
    "brand": "M&M's",
    "name": "Chocolate Peanut Bag Medium",
    "imageUrl": "https://shop.coles.com.au/wcsstore/Coles-CAS/images/5/2/5/5258947-th.jpg",
    "categories": ["entertaining-at-home"],
    "tags": ["confectionery-for-entertaining", "chocolates-for-entertaining"],
    "locations": {
      "vic": {
        "price": 4.25,
        "promoText": " ",
        "packageSize": "180g",
        "packagePrice": "$2.36 per 100G"
      }
    }
  },
  {
    "id": "nestle-smarties-fun-pack",
    "brand": "Nestle",
    "name": "Smarties Chocolate 11 Piece Fun Pack",
    "imageUrl": "https://shop.coles.com.au/wcsstore/Coles-CAS/images/5/3/5/5350418-th.jpg",
    "categories": ["entertaining-at-home"],
    "tags": ["confectionery-for-entertaining", "chocolates-for-entertaining"],
    "locations": {
      "vic": {
        "price": 4.6,
        "promoText": " ",
        "packageSize": "140g",
        "packagePrice": "$3.29 per 100G"
      }
    }
  },
  {
    "id": "cadbury-roses-boxed-chocolates",
    "brand": "Cadbury",
    "name": "Roses Chocolate Gift Box",
    "imageUrl": "https://shop.coles.com.au/wcsstore/Coles-CAS/images/9/1/8/9185801-th.jpg",
    "categories": ["entertaining-at-home"],
    "tags": ["confectionery-for-entertaining", "chocolates-for-entertaining"],
    "locations": {
      "vic": {
        "price": 15.5,
        "promoText": " ",
        "packageSize": "450g",
        "packagePrice": "$3.44 per 100G"
      }
    }
  },
  {
    "id": "cadbury-sharepack-crunchie-12-treats",
    "brand": "Cadbury",
    "name": "Crunchie Chocolate Bar Multipack 12 Treats",
    "imageUrl": "https://shop.coles.com.au/wcsstore/Coles-CAS/images/2/3/5/2352971-th.jpg",
    "categories": ["entertaining-at-home"],
    "tags": ["confectionery-for-entertaining", "chocolates-for-entertaining"],
    "locations": {
      "vic": {
        "price": 5,
        "promoText": "Any 2 $7",
        "packageSize": "180g",
        "packagePrice": "$2.78 per 100G"
      }
    }
  },
  {
    "id": "nestle-chocolate-block-kit-kat-milk",
    "brand": "Nestle",
    "name": "KitKat Milk Chocolate Block",
    "imageUrl": "https://shop.coles.com.au/wcsstore/Coles-CAS/images/5/8/7/5872479-th.jpg",
    "categories": ["entertaining-at-home"],
    "tags": ["confectionery-for-entertaining", "chocolates-for-entertaining"],
    "locations": {
      "vic": {
        "price": 3,
        "promoText": "$1.50 ",
        "packageSize": "170g",
        "packagePrice": "$1.76 per 100G"
      }
    }
  },
  {
    "id": "allens-family-size-jaffas",
    "brand": "Allen's",
    "name": "Jaffas Family Size Bag",
    "imageUrl": "https://shop.coles.com.au/wcsstore/Coles-CAS/images/3/0/3/3035588-th.jpg",
    "categories": ["entertaining-at-home"],
    "tags": ["confectionery-for-entertaining", "chocolates-for-entertaining"],
    "locations": {
      "vic": {
        "price": 5,
        "promoText": " ",
        "packageSize": "340g",
        "packagePrice": "$1.47 per 100G"
      }
    }
  },
  {
    "id": "nestle-milkybar-block-chocolate",
    "brand": "Nestle",
    "name": "Milkybar White Chocolate Block",
    "imageUrl": "https://shop.coles.com.au/wcsstore/Coles-CAS/images/7/7/6/7767770-th.jpg",
    "categories": ["entertaining-at-home"],
    "tags": ["confectionery-for-entertaining", "chocolates-for-entertaining"],
    "locations": {
      "vic": {
        "price": 3,
        "promoText": "$1.50 ",
        "packageSize": "180g",
        "packagePrice": "$1.67 per 100G"
      }
    }
  },
  {
    "id": "allens-family-size-freckles",
    "brand": "Allen's",
    "name": "Freckles Family Size Bag",
    "imageUrl": "https://shop.coles.com.au/wcsstore/Coles-CAS/images/1/8/9/1895381-th.jpg",
    "categories": ["entertaining-at-home"],
    "tags": ["confectionery-for-entertaining", "chocolates-for-entertaining"],
    "locations": {
      "vic": {
        "price": 5,
        "promoText": " ",
        "packageSize": "340g",
        "packagePrice": "$1.47 per 100G"
      }
    }
  },
  {
    "id": "allens-family-size-fantales",
    "brand": "Allen's",
    "name": "Fantales Family Size",
    "imageUrl": "https://shop.coles.com.au/wcsstore/Coles-CAS/images/9/4/0/9405635-th.jpg",
    "categories": ["entertaining-at-home"],
    "tags": ["confectionery-for-entertaining", "chocolates-for-entertaining"],
    "locations": {
      "vic": {
        "price": 5,
        "promoText": " ",
        "packageSize": "340g",
        "packagePrice": "$1.47 per 100G"
      }
    }
  },
  {
    "id": "mars-bar-fun-size-share-pack",
    "brand": "Mars",
    "name": "Chocolate Medium Party Share Bag 12 Pieces",
    "imageUrl": "https://shop.coles.com.au/wcsstore/Coles-CAS/images/5/2/2/5225960-th.jpg",
    "categories": ["entertaining-at-home"],
    "tags": ["confectionery-for-entertaining", "chocolates-for-entertaining"],
    "locations": {
      "vic": {
        "price": 2.3,
        "promoText": "$2.30 ",
        "packageSize": "216g",
        "packagePrice": "$1.06 per 100G"
      }
    }
  },
  {
    "id": "mars-funsize-variety",
    "brand": "Mars",
    "name": "Mixed Variety Chocolate Large Party Share Bag 20 Pieces",
    "imageUrl": "https://shop.coles.com.au/wcsstore/Coles-CAS/images/1/2/5/1257148-th.jpg",
    "categories": ["entertaining-at-home"],
    "tags": ["confectionery-for-entertaining", "chocolates-for-entertaining"],
    "locations": {
      "vic": {
        "price": 6,
        "promoText": " ",
        "packageSize": "307g",
        "packagePrice": "$1.95 per 100G"
      }
    }
  },
  {
    "id": "cadbury-caramello-koala-sharepack-12-treats",
    "brand": "Cadbury",
    "name": "Caramello Koala Chocolate Multipack 12 Treats",
    "imageUrl": "https://shop.coles.com.au/wcsstore/Coles-CAS/images/2/3/5/2353056-th.jpg",
    "categories": ["entertaining-at-home"],
    "tags": ["confectionery-for-entertaining", "chocolates-for-entertaining"],
    "locations": {
      "vic": {
        "price": 5,
        "promoText": "Any 2 $7",
        "packageSize": "180g",
        "packagePrice": "$2.78 per 100G"
      }
    }
  },
  {
    "id": "mars-snickers-fun-size-share-pack",
    "brand": "Snickers",
    "name": "Chocolate Medium Party Share Bag 12 piece",
    "imageUrl": "https://shop.coles.com.au/wcsstore/Coles-CAS/images/5/2/2/5225959-th.jpg",
    "categories": ["entertaining-at-home"],
    "tags": ["confectionery-for-entertaining", "chocolates-for-entertaining"],
    "locations": {
      "vic": {
        "price": 2.3,
        "promoText": "$2.30 ",
        "packageSize": "216g",
        "packagePrice": "$1.06 per 100G"
      }
    }
  },
  {
    "id": "cadbury-family-block-chocolate-dairy-milk",
    "brand": "Cadbury",
    "name": "Dairy Milk Chocolate Block",
    "imageUrl": "https://shop.coles.com.au/wcsstore/Coles-CAS/images/2/3/5/2351709-th.jpg",
    "categories": ["entertaining-at-home"],
    "tags": ["confectionery-for-entertaining", "chocolates-for-entertaining"],
    "locations": {
      "vic": {
        "price": 5,
        "promoText": "Any 2 $7",
        "packageSize": "180g",
        "packagePrice": "$2.78 per 100G"
      }
    }
  },
  {
    "id": "cadbury-family-block-chocolate-top-deck",
    "brand": "Cadbury",
    "name": "Dairy Milk Top Deck Chocolate Block",
    "imageUrl": "https://shop.coles.com.au/wcsstore/Coles-CAS/images/2/3/5/2351607-th.jpg",
    "categories": ["entertaining-at-home"],
    "tags": ["confectionery-for-entertaining", "chocolates-for-entertaining"],
    "locations": {
      "vic": {
        "price": 5,
        "promoText": "Any 2 $7",
        "packageSize": "180g",
        "packagePrice": "$2.78 per 100G"
      }
    }
  },
  {
    "id": "cadbury-family-block-chocolate-fruit-nut",
    "brand": "Cadbury",
    "name": "Dairy Milk Fruit and Nut Chocolate Block",
    "imageUrl": "https://shop.coles.com.au/wcsstore/Coles-CAS/images/2/3/5/2351651-th.jpg",
    "categories": ["entertaining-at-home"],
    "tags": ["confectionery-for-entertaining", "chocolates-for-entertaining"],
    "locations": {
      "vic": {
        "price": 5,
        "promoText": "Any 2 $7",
        "packageSize": "180g",
        "packagePrice": "$2.78 per 100G"
      }
    }
  },
  {
    "id": "lindt-excellence-chocolate-mint-intense",
    "brand": "Lindt",
    "name": "Excellence Mint Intense Chocolate Block",
    "imageUrl": "https://shop.coles.com.au/wcsstore/Coles-CAS/images/5/4/6/5460267-th.jpg",
    "categories": ["entertaining-at-home"],
    "tags": ["confectionery-for-entertaining", "chocolates-for-entertaining"],
    "locations": {
      "vic": {
        "price": 4.5,
        "promoText": "Any 2 $7",
        "packageSize": "100g",
        "packagePrice": "$4.50 per 100G"
      }
    }
  },
  {
    "id": "cadbury-family-block-chocolate-snack",
    "brand": "Cadbury",
    "name": "Dairy Milk Snack Chocolate Block",
    "imageUrl": "https://shop.coles.com.au/wcsstore/Coles-CAS/images/2/3/5/2351618-th.jpg",
    "categories": ["entertaining-at-home"],
    "tags": ["confectionery-for-entertaining", "chocolates-for-entertaining"],
    "locations": {
      "vic": {
        "price": 5,
        "promoText": "Any 2 $7",
        "packageSize": "180g",
        "packagePrice": "$2.78 per 100G"
      }
    }
  },
  {
    "id": "lindt-90%25-cocoa-excellence-supreme-dark-chocolate",
    "brand": "Lindt",
    "name": "90% Cocoa Excellence Supreme Dark Chocolate",
    "imageUrl": "https://shop.coles.com.au/wcsstore/Coles-CAS/images/1/7/3/1735589-th.jpg",
    "categories": ["entertaining-at-home"],
    "tags": ["confectionery-for-entertaining", "chocolates-for-entertaining"],
    "locations": {
      "vic": {
        "price": 4.5,
        "promoText": "Any 2 $7",
        "packageSize": "100g",
        "packagePrice": "$4.50 per 100G"
      }
    }
  },
  {
    "id": "mars-fun-size-milky-way",
    "brand": "Milky Way",
    "name": "Chocolate Medium Party Share Bag 18 Pieces",
    "imageUrl": "https://shop.coles.com.au/wcsstore/Coles-CAS/images/5/2/2/5225926-th.jpg",
    "categories": ["entertaining-at-home"],
    "tags": ["confectionery-for-entertaining", "chocolates-for-entertaining"],
    "locations": {
      "vic": {
        "price": 2.3,
        "promoText": "$2.30 ",
        "packageSize": "216g",
        "packagePrice": "$1.06 per 100G"
      }
    }
  },
  {
    "id": "lindt-excellence-chocolate-orange",
    "brand": "Lindt",
    "name": "Excellence Orange Dark Chocolate Block",
    "imageUrl": "https://shop.coles.com.au/wcsstore/Coles-CAS/images/4/1/9/4194827-th.jpg",
    "categories": ["entertaining-at-home"],
    "tags": ["confectionery-for-entertaining", "chocolates-for-entertaining"],
    "locations": {
      "vic": {
        "price": 4.5,
        "promoText": "Any 2 $7",
        "packageSize": "100g",
        "packagePrice": "$4.50 per 100G"
      }
    }
  },
  {
    "id": "cadbury-old-gold-roast-almond-chocolate-block",
    "brand": "Cadbury",
    "name": "Old Gold Roast Almond Dark Chocolate Block",
    "imageUrl": "https://shop.coles.com.au/wcsstore/Coles-CAS/images/2/3/5/2350535-th.jpg",
    "categories": ["entertaining-at-home"],
    "tags": ["confectionery-for-entertaining", "chocolates-for-entertaining"],
    "locations": {
      "vic": {
        "price": 3.5,
        "promoText": "$1.50 ",
        "packageSize": "180g",
        "packagePrice": "$1.94 per 100G"
      }
    }
  },
  {
    "id": "lindt-excellence--chocolate-dark-extra-fine-70%25-cocoa",
    "brand": "Lindt",
    "name": "Excellence Extra Fine 70% Cocoa Dark Chocolate Block",
    "imageUrl": "https://shop.coles.com.au/wcsstore/Coles-CAS/images/7/1/5/7152550-th.jpg",
    "categories": ["entertaining-at-home"],
    "tags": ["confectionery-for-entertaining", "chocolates-for-entertaining"],
    "locations": {
      "vic": {
        "price": 4.5,
        "promoText": "Any 2 $7",
        "packageSize": "100g",
        "packagePrice": "$4.50 per 100G"
      }
    }
  },
  {
    "id": "cadbury-family-block-chocolate-dream",
    "brand": "Cadbury",
    "name": "Dream White Chocolate Block",
    "imageUrl": "https://shop.coles.com.au/wcsstore/Coles-CAS/images/2/3/5/2351684-th.jpg",
    "categories": ["entertaining-at-home"],
    "tags": ["confectionery-for-entertaining", "chocolates-for-entertaining"],
    "locations": {
      "vic": {
        "price": 5,
        "promoText": "Any 2 $7",
        "packageSize": "180g",
        "packagePrice": "$2.78 per 100G"
      }
    }
  },
  {
    "id": "cadbury-old-gold-70%25-cocoa-chocolate-block",
    "brand": "Cadbury",
    "name": "Old Gold 70% Cocoa Dark Chocolate Block",
    "imageUrl": "https://shop.coles.com.au/wcsstore/Coles-CAS/images/2/3/5/2350579-th.jpg",
    "categories": ["entertaining-at-home"],
    "tags": ["confectionery-for-entertaining", "chocolates-for-entertaining"],
    "locations": {
      "vic": {
        "price": 3.5,
        "promoText": "$1.50 ",
        "packageSize": "180g",
        "packagePrice": "$1.94 per 100G"
      }
    }
  },
  {
    "id": "cadbury-favourites-3571992p",
    "brand": "Cadbury",
    "name": "Favourites",
    "imageUrl": "https://shop.coles.com.au/wcsstore/Coles-CAS/images/3/5/7/3571992-th.jpg",
    "categories": ["entertaining-at-home"],
    "tags": ["confectionery-for-entertaining", "chocolates-for-entertaining"],
    "locations": {
      "vic": {
        "price": 14,
        "promoText": "2 for $18",
        "packageSize": "373g",
        "packagePrice": "$3.75 per 100G"
      }
    }
  },
  {
    "id": "lindt-lindor-assorted-cornet",
    "brand": "Lindt",
    "name": "Lindor Assorted Surtido Cornet",
    "imageUrl": "https://shop.coles.com.au/wcsstore/Coles-CAS/images/2/7/1/2715940-th.jpg",
    "categories": ["entertaining-at-home"],
    "tags": ["confectionery-for-entertaining", "chocolates-for-entertaining"],
    "locations": {
      "vic": {
        "price": 20,
        "promoText": "Any 2 $20",
        "packageSize": "375g",
        "packagePrice": "$5.33 per 100G"
      }
    }
  },
  {
    "id": "cadbury-old-gold-jamaican-rum-raisin-chocolate-block",
    "brand": "Cadbury",
    "name": "Old Gold Jamaican Rum and Raisin Dark Chocolate Block",
    "imageUrl": "https://shop.coles.com.au/wcsstore/Coles-CAS/images/2/3/5/2350557-th.jpg",
    "categories": ["entertaining-at-home"],
    "tags": ["confectionery-for-entertaining", "chocolates-for-entertaining"],
    "locations": {
      "vic": {
        "price": 3.5,
        "promoText": "$1.50 ",
        "packageSize": "180g",
        "packagePrice": "$1.94 per 100G"
      }
    }
  },
  {
    "id": "cadbury-family-block-chocolate-black-forest",
    "brand": "Cadbury",
    "name": "Dairy Milk Black Forest Chocolate Block",
    "imageUrl": "https://shop.coles.com.au/wcsstore/Coles-CAS/images/2/3/5/2351673-th.jpg",
    "categories": ["entertaining-at-home"],
    "tags": ["confectionery-for-entertaining", "chocolates-for-entertaining"],
    "locations": {
      "vic": {
        "price": 5,
        "promoText": "Any 2 $7",
        "packageSize": "180g",
        "packagePrice": "$2.78 per 100G"
      }
    }
  },
  {
    "id": "nestle-kit-kat-block-gold",
    "brand": "Nestle",
    "name": "KitKat Gold White Chocolate with Caramelised Break",
    "imageUrl": "https://shop.coles.com.au/wcsstore/Coles-CAS/images/3/2/9/3299976-th.jpg",
    "categories": ["entertaining-at-home"],
    "tags": ["confectionery-for-entertaining", "chocolates-for-entertaining"],
    "locations": {
      "vic": {
        "price": 3,
        "promoText": "$1.50 ",
        "packageSize": "170g",
        "packagePrice": "$1.76 per 100G"
      }
    }
  },
  {
    "id": "cadbury-block-marvellous-creations-jelly-pop-candy",
    "brand": "Cadbury",
    "name": "Marvellous Creations Jelly Popping Candy Beanies Chocolate Block",
    "imageUrl": "https://shop.coles.com.au/wcsstore/Coles-CAS/images/2/8/9/2898997-th.jpg",
    "categories": ["entertaining-at-home"],
    "tags": ["confectionery-for-entertaining", "chocolates-for-entertaining"],
    "locations": {
      "vic": {
        "price": 5,
        "promoText": "Any 2 $7",
        "packageSize": "190g",
        "packagePrice": "$2.63 per 100G"
      }
    }
  },
  {
    "id": "lindt-excellence-chocolate-dark-extra-fine-85%25-cocoa",
    "brand": "Lindt",
    "name": "Excellence 85% Cocoa Dark Chocolate Block",
    "imageUrl": "https://shop.coles.com.au/wcsstore/Coles-CAS/images/9/5/2/9524521-th.jpg",
    "categories": ["entertaining-at-home"],
    "tags": ["confectionery-for-entertaining", "chocolates-for-entertaining"],
    "locations": {
      "vic": {
        "price": 4.5,
        "promoText": "Any 2 $7",
        "packageSize": "100g",
        "packagePrice": "$4.50 per 100G"
      }
    }
  },
  {
    "id": "cadbury-milk-chocolate-block-fruit-nut",
    "brand": "Cadbury",
    "name": "Dairy Milk Fruit and Nut Chocolate Large Block",
    "imageUrl": "https://shop.coles.com.au/wcsstore/Coles-CAS/images/7/7/7/7778610-th.jpg",
    "categories": ["entertaining-at-home"],
    "tags": ["confectionery-for-entertaining", "chocolates-for-entertaining"],
    "locations": {
      "vic": {
        "price": 5,
        "promoText": "Was $6.30 on Jun 2017 ",
        "packageSize": "350g",
        "packagePrice": "$1.43 per 100G"
      }
    }
  },
  {
    "id": "cadbury-family-block-chocolate-caramello",
    "brand": "Cadbury",
    "name": "Dairy Milk Caramello Chocolate Block",
    "imageUrl": "https://shop.coles.com.au/wcsstore/Coles-CAS/images/2/3/5/2351662-th.jpg",
    "categories": ["entertaining-at-home"],
    "tags": ["confectionery-for-entertaining", "chocolates-for-entertaining"],
    "locations": {
      "vic": {
        "price": 5,
        "promoText": "Any 2 $7",
        "packageSize": "180g",
        "packagePrice": "$2.78 per 100G"
      }
    }
  },
  {
    "id": "cadbury-old-gold-original-chocolate-block",
    "brand": "Cadbury",
    "name": "Old Gold Original Dark Chocolate Block",
    "imageUrl": "https://shop.coles.com.au/wcsstore/Coles-CAS/images/2/3/5/2350568-th.jpg",
    "categories": ["entertaining-at-home"],
    "tags": ["confectionery-for-entertaining", "chocolates-for-entertaining"],
    "locations": {
      "vic": {
        "price": 3.5,
        "promoText": "$1.50 ",
        "packageSize": "180g",
        "packagePrice": "$1.94 per 100G"
      }
    }
  },
  {
    "id": "lindt-excellence-70-dark-smooth-chocolate-block",
    "brand": "Lindt",
    "name": "Excellence 70% Dark Smooth Chocolate Block",
    "imageUrl": "https://shop.coles.com.au/wcsstore/Coles-CAS/images/2/6/5/2652159-th.jpg",
    "categories": ["entertaining-at-home"],
    "tags": ["confectionery-for-entertaining", "chocolates-for-entertaining"],
    "locations": {
      "vic": {
        "price": 4.5,
        "promoText": "Any 2 $7",
        "packageSize": "100g",
        "packagePrice": "$4.50 per 100G"
      }
    }
  },
  {
    "id": "maltesers-chocolates",
    "brand": "Maltesers",
    "name": "Milk Chocolate Bag Medium",
    "imageUrl": "https://shop.coles.com.au/wcsstore/Coles-CAS/images/5/1/0/5106508-th.jpg",
    "categories": ["entertaining-at-home"],
    "tags": ["confectionery-for-entertaining", "chocolates-for-entertaining"],
    "locations": {
      "vic": {
        "price": 4.25,
        "promoText": " ",
        "packageSize": "140g",
        "packagePrice": "$3.04 per 100G"
      }
    }
  },
  {
    "id": "darrell-lea-mega-balls-big-orange",
    "brand": "Darrell Lea",
    "name": "Milk Chocolate Big Orange Balls",
    "imageUrl": "https://shop.coles.com.au/wcsstore/Coles-CAS/images/3/4/5/3451210-th.jpg",
    "categories": ["entertaining-at-home"],
    "tags": ["confectionery-for-entertaining", "chocolates-for-entertaining"],
    "locations": {
      "vic": {
        "price": 3,
        "promoText": "$1.00 ",
        "packageSize": "185g",
        "packagePrice": "$1.62 per 100G"
      }
    }
  },
  {
    "id": "lindt-lindor-limited-edition-cornet",
    "brand": "Lindt",
    "name": "Lindor Limited Edition Chocolate Balls Assorted",
    "imageUrl": "https://shop.coles.com.au/wcsstore/Coles-CAS/images/3/3/1/3314377-th.jpg",
    "categories": ["entertaining-at-home"],
    "tags": ["confectionery-for-entertaining", "chocolates-for-entertaining"],
    "locations": {
      "vic": {
        "price": 20,
        "promoText": "Any 2 $20",
        "packageSize": "375g",
        "packagePrice": "$5.33 per 100G"
      }
    }
  },
  {
    "id": "maltesers-chocolate-bag-large",
    "brand": "Maltesers",
    "name": "Milk Chocolate Bag Large",
    "imageUrl": "https://shop.coles.com.au/wcsstore/Coles-CAS/images/9/7/7/9776036-th.jpg",
    "categories": ["entertaining-at-home"],
    "tags": ["confectionery-for-entertaining", "chocolates-for-entertaining"],
    "locations": {
      "vic": {
        "price": 5,
        "promoText": " ",
        "packageSize": "250g",
        "packagePrice": "$2.00 per 100G"
      }
    }
  },
  {
    "id": "nestle-chocolate-aero-peppermint-block",
    "brand": "Nestle",
    "name": "Aero Peppermint Chocolate Block",
    "imageUrl": "https://shop.coles.com.au/wcsstore/Coles-CAS/images/7/1/5/7157168-th.jpg",
    "categories": ["entertaining-at-home"],
    "tags": ["confectionery-for-entertaining", "chocolates-for-entertaining"],
    "locations": {
      "vic": {
        "price": 3,
        "promoText": "$1.50 ",
        "packageSize": "118g",
        "packagePrice": "$2.54 per 100G"
      }
    }
  },
  {
    "id": "maltesers-fun-size-maltesers",
    "brand": "Maltesers",
    "name": "Milk Chocolate Party Share Bag Medium 12 Piece Pack",
    "imageUrl": "https://shop.coles.com.au/wcsstore/Coles-CAS/images/5/3/7/5376488-th.jpg",
    "categories": ["entertaining-at-home"],
    "tags": ["confectionery-for-entertaining", "chocolates-for-entertaining"],
    "locations": {
      "vic": {
        "price": 2.3,
        "promoText": "$2.30 ",
        "packageSize": "144g",
        "packagePrice": "$1.60 per 100G"
      }
    }
  },
  {
    "id": "mars-pods-snickers",
    "brand": "Mars",
    "name": "Snickers Pods Chocolate Medium Bag",
    "imageUrl": "https://shop.coles.com.au/wcsstore/Coles-CAS/images/5/8/9/5899759-th.jpg",
    "categories": ["entertaining-at-home"],
    "tags": ["confectionery-for-entertaining", "chocolates-for-entertaining"],
    "locations": {
      "vic": {
        "price": 4.25,
        "promoText": " ",
        "packageSize": "160g",
        "packagePrice": "$2.66 per 100G"
      }
    }
  },
  {
    "id": "nestle-crunch-chocolate-block",
    "brand": "Nestle",
    "name": "Crunch Chocolate Block",
    "imageUrl": "https://shop.coles.com.au/wcsstore/Coles-CAS/images/2/2/1/221815-th.jpg",
    "categories": ["entertaining-at-home"],
    "tags": ["confectionery-for-entertaining", "chocolates-for-entertaining"],
    "locations": {
      "vic": {
        "price": 3,
        "promoText": "$1.50 ",
        "packageSize": "200g",
        "packagePrice": "$1.50 per 100G"
      }
    }
  },
  {
    "id": "cadbury-sharepack-special-treats",
    "brand": "Cadbury",
    "name": "Special Treats Dairy Milk Chocolate Multipack",
    "imageUrl": "https://shop.coles.com.au/wcsstore/Coles-CAS/images/2/3/5/2352960-th.jpg",
    "categories": ["entertaining-at-home"],
    "tags": ["confectionery-for-entertaining", "chocolates-for-entertaining"],
    "locations": {
      "vic": {
        "price": 5,
        "promoText": "Any 2 $7",
        "packageSize": "180g",
        "packagePrice": "$2.78 per 100G"
      }
    }
  },
  {
    "id": "cadbury-picnic-sharepack-12-treats",
    "brand": "Cadbury",
    "name": "Picnic Chocolate Multipack 12 Treats",
    "imageUrl": "https://shop.coles.com.au/wcsstore/Coles-CAS/images/2/3/5/2353034-th.jpg",
    "categories": ["entertaining-at-home"],
    "tags": ["confectionery-for-entertaining", "chocolates-for-entertaining"],
    "locations": {
      "vic": {
        "price": 5,
        "promoText": "Any 2 $7",
        "packageSize": "180g",
        "packagePrice": "$2.78 per 100G"
      }
    }
  },
  {
    "id": "cadbury-favourites-3571711p",
    "brand": "Cadbury",
    "name": "Favourites",
    "imageUrl": "https://shop.coles.com.au/wcsstore/Coles-CAS/images/3/5/7/3571711-th.jpg",
    "categories": ["entertaining-at-home"],
    "tags": ["confectionery-for-entertaining", "chocolates-for-entertaining"],
    "locations": {
      "vic": {
        "price": 20,
        "promoText": " ",
        "packageSize": "570g",
        "packagePrice": "$3.51 per 100G"
      }
    }
  },
  {
    "id": "lindt-lindor-milk-cornet",
    "brand": "Lindt",
    "name": "Lindor Milk Cornet",
    "imageUrl": "https://shop.coles.com.au/wcsstore/Coles-CAS/images/3/1/9/3191437-th.jpg",
    "categories": ["entertaining-at-home"],
    "tags": ["confectionery-for-entertaining", "chocolates-for-entertaining"],
    "locations": {
      "vic": {
        "price": 20,
        "promoText": "Any 2 $20",
        "packageSize": "375g",
        "packagePrice": "$5.33 per 100G"
      }
    }
  },
  {
    "id": "cadbury-sharepack-twirl-12-treats",
    "brand": "Cadbury",
    "name": "Twirl Chocolate Multipack 12 Treats",
    "imageUrl": "https://shop.coles.com.au/wcsstore/Coles-CAS/images/2/3/5/2353078-th.jpg",
    "categories": ["entertaining-at-home"],
    "tags": ["confectionery-for-entertaining", "chocolates-for-entertaining"],
    "locations": {
      "vic": {
        "price": 5,
        "promoText": "Any 2 $7",
        "packageSize": "168g",
        "packagePrice": "$2.98 per 100G"
      }
    }
  },
  {
    "id": "ferrero-rocher-chocolates-16-pieces",
    "brand": "Ferrero",
    "name": "Rocher Chocolate 16 pack",
    "imageUrl": "https://shop.coles.com.au/wcsstore/Coles-CAS/images/2/2/9/229828-th.jpg",
    "categories": ["entertaining-at-home"],
    "tags": ["confectionery-for-entertaining", "chocolates-for-entertaining"],
    "locations": {
      "vic": {
        "price": 13.5,
        "promoText": " ",
        "packageSize": "200g",
        "packagePrice": "$6.75 per 100G"
      }
    }
  },
  {
    "id": "cadbury-share-pack-turkish-delight",
    "brand": "Cadbury",
    "name": "Fry's Turkish Delight Chocolate Bar Multipack",
    "imageUrl": "https://shop.coles.com.au/wcsstore/Coles-CAS/images/9/5/8/9589265-th.jpg",
    "categories": ["entertaining-at-home"],
    "tags": ["confectionery-for-entertaining", "chocolates-for-entertaining"],
    "locations": {
      "vic": {
        "price": 5,
        "promoText": "Any 2 $7",
        "packageSize": "180g",
        "packagePrice": "$2.78 per 100G"
      }
    }
  },
  {
    "id": "mars-m-ms-crispy",
    "brand": "M&M's",
    "name": "Crispy Chocolate Bag Medium",
    "imageUrl": "https://shop.coles.com.au/wcsstore/Coles-CAS/images/8/5/3/8530198-th.jpg",
    "categories": ["entertaining-at-home"],
    "tags": ["confectionery-for-entertaining", "chocolates-for-entertaining"],
    "locations": {
      "vic": {
        "price": 4.25,
        "promoText": " ",
        "packageSize": "145g",
        "packagePrice": "$2.93 per 100G"
      }
    }
  },
  {
    "id": "mars-large-bag-fun-size-mars",
    "brand": "Mars",
    "name": "Chocolate Party Share Bag Large 20 Piece Pack",
    "imageUrl": "https://shop.coles.com.au/wcsstore/Coles-CAS/images/7/5/8/7580248-th.jpg",
    "categories": ["entertaining-at-home"],
    "tags": ["confectionery-for-entertaining", "chocolates-for-entertaining"],
    "locations": {
      "vic": {
        "price": 6,
        "promoText": " ",
        "packageSize": "360g",
        "packagePrice": "$1.67 per 100G"
      }
    }
  },
  {
    "id": "mars-pods-mars",
    "brand": "Mars",
    "name": "Pods Chocolate",
    "imageUrl": "https://shop.coles.com.au/wcsstore/Coles-CAS/images/5/8/9/5899760-th.jpg",
    "categories": ["entertaining-at-home"],
    "tags": ["confectionery-for-entertaining", "chocolates-for-entertaining"],
    "locations": {
      "vic": {
        "price": 4.25,
        "promoText": " ",
        "packageSize": "160g",
        "packagePrice": "$2.66 per 100G"
      }
    }
  },
  {
    "id": "mars-chocolate-m-ms-minis",
    "brand": "Mars",
    "name": "M&M's Minis Chocolate",
    "imageUrl": "https://shop.coles.com.au/wcsstore/Coles-CAS/images/4/5/0/4503874-th.jpg",
    "categories": ["entertaining-at-home"],
    "tags": ["confectionery-for-entertaining", "chocolates-for-entertaining"],
    "locations": {
      "vic": {
        "price": 2,
        "promoText": " ",
        "packageSize": "35g",
        "packagePrice": "$5.71 per 100G"
      }
    }
  },
  {
    "id": "violet-crumble-choc-honeycomb-bag",
    "brand": "Violet Crumble",
    "name": "Gluten Free Chocolate Bites",
    "imageUrl": "https://shop.coles.com.au/wcsstore/Coles-CAS/images/3/4/5/3451367-th.jpg",
    "categories": ["entertaining-at-home"],
    "tags": ["confectionery-for-entertaining", "chocolates-for-entertaining"],
    "locations": {
      "vic": {
        "price": 4.4,
        "promoText": " ",
        "packageSize": "180g",
        "packagePrice": "$2.44 per 100G"
      }
    }
  },
  {
    "id": "cadbury-share-pack-chocolate-flake",
    "brand": "Cadbury",
    "name": "Flake Chocolate Multipack 12 Treats",
    "imageUrl": "https://shop.coles.com.au/wcsstore/Coles-CAS/images/6/3/8/6387592-th.jpg",
    "categories": ["entertaining-at-home"],
    "tags": ["confectionery-for-entertaining", "chocolates-for-entertaining"],
    "locations": {
      "vic": {
        "price": 5,
        "promoText": "Any 2 $7",
        "packageSize": "168g",
        "packagePrice": "$2.98 per 100G"
      }
    }
  },
  {
    "id": "m-ms--milk-chocolate",
    "brand": "M&M's",
    "name": "Milk Chocolate Bag Medium",
    "imageUrl": "https://shop.coles.com.au/wcsstore/Coles-CAS/images/5/2/5/5258936-th.jpg",
    "categories": ["entertaining-at-home"],
    "tags": ["confectionery-for-entertaining", "chocolates-for-entertaining"],
    "locations": {
      "vic": {
        "price": 4.25,
        "promoText": " ",
        "packageSize": "180g",
        "packagePrice": "$2.36 per 100G"
      }
    }
  },
  {
    "id": "nestle-block-chocolate-rolo",
    "brand": "Nestle",
    "name": "Rolo Chocolate Block",
    "imageUrl": "https://shop.coles.com.au/wcsstore/Coles-CAS/images/5/7/6/5763316-th.jpg",
    "categories": ["entertaining-at-home"],
    "tags": ["confectionery-for-entertaining", "chocolates-for-entertaining"],
    "locations": {
      "vic": {
        "price": 3,
        "promoText": "$1.50 ",
        "packageSize": "200g",
        "packagePrice": "$1.50 per 100G"
      }
    }
  },
  {
    "id": "toblerone-chocolate-bar-milk-4660147p",
    "brand": "Toblerone",
    "name": "Milk Chocolate Gift Bar",
    "imageUrl": "https://shop.coles.com.au/wcsstore/Coles-CAS/images/4/6/6/4660147-th.jpg",
    "categories": ["entertaining-at-home"],
    "tags": ["confectionery-for-entertaining", "chocolates-for-entertaining"],
    "locations": {
      "vic": {
        "price": 10,
        "promoText": " ",
        "packageSize": "360g",
        "packagePrice": "$2.78 per 100G"
      }
    }
  },
  {
    "id": "cadbury-cherry-ripe-sharepack-12-treats",
    "brand": "Cadbury",
    "name": "Cherry Ripe Chocolate Multipack 12 Treats",
    "imageUrl": "https://shop.coles.com.au/wcsstore/Coles-CAS/images/2/3/5/2352982-th.jpg",
    "categories": ["entertaining-at-home"],
    "tags": ["confectionery-for-entertaining", "chocolates-for-entertaining"],
    "locations": {
      "vic": {
        "price": 5,
        "promoText": "Any 2 $7",
        "packageSize": "180g",
        "packagePrice": "$2.78 per 100G"
      }
    }
  },
  {
    "id": "cadbury-twirl-bites",
    "brand": "Cadbury",
    "name": "Twirl Bites Chocolate Pieces",
    "imageUrl": "https://shop.coles.com.au/wcsstore/Coles-CAS/images/3/2/8/3287514-th.jpg",
    "categories": ["entertaining-at-home"],
    "tags": ["confectionery-for-entertaining", "chocolates-for-entertaining"],
    "locations": {
      "vic": {
        "price": 12,
        "promoText": " ",
        "packageSize": "300g",
        "packagePrice": "$4.00 per 100G"
      }
    }
  },
  {
    "id": "cadbury-dairy-milk-gift-box",
    "brand": "Cadbury",
    "name": "Dairy Milk Chocolate Gift Box",
    "imageUrl": "https://shop.coles.com.au/wcsstore/Coles-CAS/images/3/3/0/3308997-th.jpg",
    "categories": ["entertaining-at-home"],
    "tags": ["confectionery-for-entertaining", "chocolates-for-entertaining"],
    "locations": {
      "vic": {
        "price": 12,
        "promoText": " ",
        "packageSize": "220g",
        "packagePrice": "$5.45 per 100G"
      }
    }
  },
  {
    "id": "kinder-chocolate-16-treat-sharebag-200g",
    "brand": "Kinder",
    "name": "Chocolate 16 Treat Sharebag",
    "imageUrl": "https://shop.coles.com.au/wcsstore/Coles-CAS/images/2/5/2/2528761-th.jpg",
    "categories": ["entertaining-at-home"],
    "tags": ["confectionery-for-entertaining", "chocolates-for-entertaining"],
    "locations": {
      "vic": {
        "price": 5,
        "promoText": " ",
        "packageSize": "200g",
        "packagePrice": "$2.50 per 100G"
      }
    }
  },
  {
    "id": "lindt-lindor-chocolate-balls-assorted-gift-box",
    "brand": "Lindt",
    "name": "Lindor Assorted Chocolate Balls Gift Box",
    "imageUrl": "https://shop.coles.com.au/wcsstore/Coles-CAS/images/8/7/3/8731258-th.jpg",
    "categories": ["entertaining-at-home"],
    "tags": ["confectionery-for-entertaining", "chocolates-for-entertaining"],
    "locations": {
      "vic": {
        "price": 10,
        "promoText": "$10.00 ",
        "packageSize": "235g",
        "packagePrice": "$4.26 per 100G"
      }
    }
  },
  {
    "id": "mars-celebrations-box-3609235p",
    "brand": "Mars",
    "name": "Celebrations Chocolate Gift Box",
    "imageUrl": "https://shop.coles.com.au/wcsstore/Coles-CAS/images/3/6/0/3609235-th.jpg",
    "categories": ["entertaining-at-home"],
    "tags": ["confectionery-for-entertaining", "chocolates-for-entertaining"],
    "locations": {
      "vic": {
        "price": 12,
        "promoText": " ",
        "packageSize": "320g",
        "packagePrice": "$3.75 per 100G"
      }
    }
  },
  {
    "id": "cadbury-roses-gift-pouch",
    "brand": "Cadbury",
    "name": "Milk & Dark Chocolates Roses Gift Pouch",
    "imageUrl": "https://shop.coles.com.au/wcsstore/Coles-CAS/images/3/2/8/3287547-th.jpg",
    "categories": ["entertaining-at-home"],
    "tags": ["confectionery-for-entertaining", "chocolates-for-entertaining"],
    "locations": {
      "vic": {
        "price": 5,
        "promoText": "$1.50 ",
        "packageSize": "150g",
        "packagePrice": "$3.33 per 100G"
      }
    }
  },
  {
    "id": "ferrero-rocher-chocolate-t30",
    "brand": "Ferrero",
    "name": "Rocher Chocolate 30 pack",
    "imageUrl": "https://shop.coles.com.au/wcsstore/Coles-CAS/images/7/3/2/7327585-th.jpg",
    "categories": ["entertaining-at-home"],
    "tags": ["confectionery-for-entertaining", "chocolates-for-entertaining"],
    "locations": {
      "vic": {
        "price": 20,
        "promoText": " ",
        "packageSize": "375g",
        "packagePrice": "$5.33 per 100G"
      }
    }
  },
  {
    "id": "ferrero-collection-chocolates-t15",
    "brand": "Ferrero",
    "name": "Collection Chocolates 15 pack",
    "imageUrl": "https://shop.coles.com.au/wcsstore/Coles-CAS/images/1/5/4/1545663-th.jpg",
    "categories": ["entertaining-at-home"],
    "tags": ["confectionery-for-entertaining", "chocolates-for-entertaining"],
    "locations": {
      "vic": {
        "price": 13.5,
        "promoText": " ",
        "packageSize": "172g",
        "packagePrice": "$7.85 per 100G"
      }
    }
  },
  {
    "id": "ferrero-collection-t24",
    "brand": "Ferrero",
    "name": "Collection Chocolate 24 pack",
    "imageUrl": "https://shop.coles.com.au/wcsstore/Coles-CAS/images/1/5/8/1581871-th.jpg",
    "categories": ["entertaining-at-home"],
    "tags": ["confectionery-for-entertaining", "chocolates-for-entertaining"],
    "locations": {
      "vic": {
        "price": 19,
        "promoText": " ",
        "packageSize": "269g",
        "packagePrice": "$7.06 per 100G"
      }
    }
  },
  {
    "id": "lindt-lindor-gift-box-chocolate-balls-assorted",
    "brand": "Lindt",
    "name": "Lindor Assorted Chocolate Balls Gift Box",
    "imageUrl": "https://shop.coles.com.au/wcsstore/Coles-CAS/images/5/6/8/5687987-th.jpg",
    "categories": ["entertaining-at-home"],
    "tags": ["confectionery-for-entertaining", "chocolates-for-entertaining"],
    "locations": {
      "vic": {
        "price": 14,
        "promoText": " ",
        "packageSize": "150g",
        "packagePrice": "$9.33 per 100G"
      }
    }
  },
  {
    "id": "lindt-chocolate-sharing-festive-tin",
    "brand": "Lindt",
    "name": "Lindor Limited Edition Assorted Chocolate Gift Box",
    "imageUrl": "https://shop.coles.com.au/wcsstore/Coles-CAS/images/1/6/1/1615146-th.jpg",
    "categories": ["entertaining-at-home"],
    "tags": ["confectionery-for-entertaining", "chocolates-for-entertaining"],
    "locations": {
      "vic": {
        "price": 0,
        "promoText": " ",
        "packageSize": "460g",
        "packagePrice": ""
      }
    }
  },
  {
    "id": "lindt-lindor-bag-limited-edition",
    "brand": "Lindt",
    "name": "Lindor Limited Edition Assorted Chocolate Bag",
    "imageUrl": "https://shop.coles.com.au/wcsstore/Coles-CAS/images/1/9/8/1981428-th.jpg",
    "categories": ["entertaining-at-home"],
    "tags": ["confectionery-for-entertaining", "chocolates-for-entertaining"],
    "locations": {
      "vic": {
        "price": 0,
        "promoText": " ",
        "packageSize": "585g",
        "packagePrice": ""
      }
    }
  },
  {
    "id": "mars-m-ms-minis",
    "brand": "M&M's",
    "name": "Minis Chocolate Bag Medium",
    "imageUrl": "https://shop.coles.com.au/wcsstore/Coles-CAS/images/9/7/7/9773038-th.jpg",
    "categories": ["entertaining-at-home"],
    "tags": ["confectionery-for-entertaining", "chocolates-for-entertaining"],
    "locations": {
      "vic": {
        "price": 4.25,
        "promoText": " ",
        "packageSize": "145g",
        "packagePrice": "$2.93 per 100G"
      }
    }
  },
  {
    "id": "mars-m-m-peanut-box",
    "brand": "M&M's",
    "name": "Peanut Chocolate Gift Box",
    "imageUrl": "https://shop.coles.com.au/wcsstore/Coles-CAS/images/3/6/0/3609246-th.jpg",
    "categories": ["entertaining-at-home"],
    "tags": ["confectionery-for-entertaining", "chocolates-for-entertaining"],
    "locations": {
      "vic": {
        "price": 12,
        "promoText": " ",
        "packageSize": "460g",
        "packagePrice": "$2.61 per 100G"
      }
    }
  },
  {
    "id": "mars-malteser-box",
    "brand": "Maltesers",
    "name": "Milk Chocolate Gift Box",
    "imageUrl": "https://shop.coles.com.au/wcsstore/Coles-CAS/images/3/6/0/3609268-th.jpg",
    "categories": ["entertaining-at-home"],
    "tags": ["confectionery-for-entertaining", "chocolates-for-entertaining"],
    "locations": {
      "vic": {
        "price": 12,
        "promoText": " ",
        "packageSize": "400g",
        "packagePrice": "$3.00 per 100G"
      }
    }
  },
  {
    "id": "toblerone-gift-pouch",
    "brand": "Toblerone",
    "name": "Swiss Milk Chocolate With Honey And Almond Nougat",
    "imageUrl": "https://shop.coles.com.au/wcsstore/Coles-CAS/images/3/2/8/3287558-th.jpg",
    "categories": ["entertaining-at-home"],
    "tags": ["confectionery-for-entertaining", "chocolates-for-entertaining"],
    "locations": {
      "vic": {
        "price": 5,
        "promoText": "$1.50 ",
        "packageSize": "120g",
        "packagePrice": "$4.17 per 100G"
      }
    }
  },
  {
    "id": "helgas-bread-continental-bakehouse-mixed-grain",
    "brand": "Helga's",
    "name": "Mixed Grain Bread",
    "imageUrl": "https://shop.coles.com.au/wcsstore/Coles-CAS/images/6/7/1/6711227-th.jpg",
    "categories": ["bread-bakery"],
    "tags": ["packaged-bread-bakery", "packaged-bread"],
    "locations": {
      "vic": {
        "price": 3.9,
        "promoText": " ",
        "packageSize": "850g",
        "packagePrice": "$0.46 per 100G"
      }
    }
  },
  {
    "id": "tip-top-bread-raisin-toast-7024470p",
    "brand": "Tip Top",
    "name": "Raisin Toast Bread",
    "imageUrl": "https://shop.coles.com.au/wcsstore/Coles-CAS/images/7/0/2/7024470-th.jpg",
    "categories": ["bread-bakery"],
    "tags": ["packaged-bread-bakery", "packaged-bread"],
    "locations": {
      "vic": {
        "price": 3,
        "promoText": " ",
        "packageSize": "520g",
        "packagePrice": "$0.58 per 100G"
      }
    }
  },
  {
    "id": "wonder-white-bread-7-vitamins-minerals-sandwich",
    "brand": "Wonder White",
    "name": "Sandwich Bread +7 Vitamins & Minerals",
    "imageUrl": "https://shop.coles.com.au/wcsstore/Coles-CAS/images/5/7/9/5795130-th.jpg",
    "categories": ["bread-bakery"],
    "tags": ["packaged-bread-bakery", "packaged-bread"],
    "locations": {
      "vic": {
        "price": 3.4,
        "promoText": " ",
        "packageSize": "700g",
        "packagePrice": "$0.49 per 100G"
      }
    }
  },
  {
    "id": "tip-top-bread-cafe-raisin-loaf-extra-thick",
    "brand": "Tip Top",
    "name": "Cafe Raisin Bread Loaf",
    "imageUrl": "https://shop.coles.com.au/wcsstore/Coles-CAS/images/5/7/0/5703766-th.jpg",
    "categories": ["bread-bakery"],
    "tags": ["packaged-bread-bakery", "packaged-bread"],
    "locations": {
      "vic": {
        "price": 6,
        "promoText": " ",
        "packageSize": "650g",
        "packagePrice": "$0.92 per 100G"
      }
    }
  },
  {
    "id": "lawsons-traditional-wholemeal",
    "brand": "Lawson's",
    "name": "Traditional Stone Mill Wholemeal Bread",
    "imageUrl": "https://shop.coles.com.au/wcsstore/Coles-CAS/images/3/3/6/3362926-th.jpg",
    "categories": ["bread-bakery"],
    "tags": ["packaged-bread-bakery", "packaged-bread"],
    "locations": {
      "vic": {
        "price": 4,
        "promoText": "$1.80 ",
        "packageSize": "750g",
        "packagePrice": "$0.53 per 100G"
      }
    }
  },
  {
    "id": "abbotts-village-bakery-sourdough-grains-seds",
    "brand": "Abbott's Village Bakery",
    "name": "Sourdough Grains & Seeds",
    "imageUrl": "https://shop.coles.com.au/wcsstore/Coles-CAS/images/3/7/6/3764748-th.jpg",
    "categories": ["bread-bakery"],
    "tags": ["packaged-bread-bakery", "packaged-bread"],
    "locations": {
      "vic": {
        "price": 4.3,
        "promoText": " ",
        "packageSize": "760g",
        "packagePrice": "$0.57 per 100G"
      }
    }
  },
  {
    "id": "burgen-bread-wholemeal-seeds-5369358p",
    "brand": "Burgen",
    "name": "Wholemeal & Seeds Bread",
    "imageUrl": "https://shop.coles.com.au/wcsstore/Coles-CAS/images/5/3/6/5369358-th.jpg",
    "categories": ["bread-bakery"],
    "tags": ["packaged-bread-bakery", "packaged-bread"],
    "locations": {
      "vic": {
        "price": 5,
        "promoText": " ",
        "packageSize": "700g",
        "packagePrice": "$0.71 per 100G"
      }
    }
  },
  {
    "id": "coles-raisin-toast",
    "brand": "Coles",
    "name": "Raisin Toast",
    "imageUrl": "https://shop.coles.com.au/wcsstore/Coles-CAS/images/2/3/6/2360890-th.jpg",
    "categories": ["bread-bakery"],
    "tags": ["packaged-bread-bakery", "packaged-bread"],
    "locations": {
      "vic": {
        "price": 2,
        "promoText": " ",
        "packageSize": "560g",
        "packagePrice": "$0.36 per 100G"
      }
    }
  },
  {
    "id": "coles-cafe-style-raisin-toast",
    "brand": "Coles",
    "name": "Cafe Style Raisin Toast",
    "imageUrl": "https://shop.coles.com.au/wcsstore/Coles-CAS/images/2/7/1/2715816-th.jpg",
    "categories": ["bread-bakery"],
    "tags": ["packaged-bread-bakery", "packaged-bread"],
    "locations": {
      "vic": {
        "price": 2.8,
        "promoText": " ",
        "packageSize": "650g",
        "packagePrice": "$0.43 per 100G"
      }
    }
  },
  {
    "id": "lawsons-traditional-original-white",
    "brand": "Lawson's",
    "name": "Traditional Original White Bread",
    "imageUrl": "https://shop.coles.com.au/wcsstore/Coles-CAS/images/3/3/6/3362937-th.jpg",
    "categories": ["bread-bakery"],
    "tags": ["packaged-bread-bakery", "packaged-bread"],
    "locations": {
      "vic": {
        "price": 4,
        "promoText": "$1.80 ",
        "packageSize": "750g",
        "packagePrice": "$0.53 per 100G"
      }
    }
  },
  {
    "id": "burgen-bread-rye-5249684p",
    "brand": "Burgen",
    "name": "Traditional Rye Bread",
    "imageUrl": "https://shop.coles.com.au/wcsstore/Coles-CAS/images/5/2/4/5249684-th.jpg",
    "categories": ["bread-bakery"],
    "tags": ["packaged-bread-bakery", "packaged-bread"],
    "locations": {
      "vic": {
        "price": 5,
        "promoText": " ",
        "packageSize": "700g",
        "packagePrice": "$0.71 per 100G"
      }
    }
  },
  {
    "id": "lawsons-traditional-settlers-grain",
    "brand": "Lawson's",
    "name": "Traditional Settler's Grain Bread",
    "imageUrl": "https://shop.coles.com.au/wcsstore/Coles-CAS/images/3/3/6/3362915-th.jpg",
    "categories": ["bread-bakery"],
    "tags": ["packaged-bread-bakery", "packaged-bread"],
    "locations": {
      "vic": {
        "price": 4,
        "promoText": "$1.80 ",
        "packageSize": "750g",
        "packagePrice": "$0.53 per 100G"
      }
    }
  },
  {
    "id": "coles-turkish-pide-3783695p",
    "brand": "Coles",
    "name": "Turkish Pide",
    "imageUrl": "https://shop.coles.com.au/wcsstore/Coles-CAS/images/3/7/8/3783695-th.jpg",
    "categories": ["bread-bakery"],
    "tags": ["packaged-bread-bakery", "packaged-bread"],
    "locations": {
      "vic": {
        "price": 2.7,
        "promoText": " ",
        "packageSize": "400g",
        "packagePrice": "$0.68 per 100G"
      }
    }
  },
  {
    "id": "burgen-bread-wholegrain-oats-7482271p",
    "brand": "Burgen",
    "name": "Wholegrain & Oats Bread",
    "imageUrl": "https://shop.coles.com.au/wcsstore/Coles-CAS/images/7/4/8/7482271-th.jpg",
    "categories": ["bread-bakery"],
    "tags": ["packaged-bread-bakery", "packaged-bread"],
    "locations": {
      "vic": {
        "price": 5,
        "promoText": " ",
        "packageSize": "700g",
        "packagePrice": "$0.71 per 100G"
      }
    }
  },
  {
    "id": "helgas-white-bread-10-grains-seeds-750g",
    "brand": "Helga's",
    "name": "10 Grains & Seeds Square Bread Loaf",
    "imageUrl": "https://shop.coles.com.au/wcsstore/Coles-CAS/images/3/1/8/3180420-th.jpg",
    "categories": ["bread-bakery"],
    "tags": ["packaged-bread-bakery", "packaged-bread"],
    "locations": {
      "vic": {
        "price": 3.9,
        "promoText": " ",
        "packageSize": "750g",
        "packagePrice": "$0.52 per 100G"
      }
    }
  },
  {
    "id": "van-der-meulen-bread-pumpernickel",
    "brand": "Van Der Meulen",
    "name": "Pumpernickel Bread",
    "imageUrl": "https://shop.coles.com.au/wcsstore/Coles-CAS/images/5/5/0/5505106-th.jpg",
    "categories": ["bread-bakery"],
    "tags": ["packaged-bread-bakery", "packaged-bread"],
    "locations": {
      "vic": {
        "price": 2.4,
        "promoText": " ",
        "packageSize": "500g",
        "packagePrice": "$0.48 per 100G"
      }
    }
  },
  {
    "id": "abbotts-village-bakery-gluten-fre-wholemeal",
    "brand": "Abbott's Village Bakery",
    "name": "Gluten Free Wholemeal",
    "imageUrl": "https://shop.coles.com.au/wcsstore/Coles-CAS/images/3/7/5/3751790-th.jpg",
    "categories": ["bread-bakery"],
    "tags": ["packaged-bread-bakery", "packaged-bread"],
    "locations": {
      "vic": {
        "price": 6,
        "promoText": "$1.00 ",
        "packageSize": "500g",
        "packagePrice": "$1.20 per 100G"
      }
    }
  },
  {
    "id": "helgas-continental-bakehouse-lower-carb-wholemeal-seed-bread",
    "brand": "Helga's",
    "name": "Low Carb Wholemeal & Seed Bread",
    "imageUrl": "https://shop.coles.com.au/wcsstore/Coles-CAS/images/2/2/7/2270425-th.jpg",
    "categories": ["bread-bakery"],
    "tags": ["packaged-bread-bakery", "packaged-bread"],
    "locations": {
      "vic": {
        "price": 4.2,
        "promoText": " ",
        "packageSize": "700g",
        "packagePrice": "$0.60 per 100G"
      }
    }
  },
  {
    "id": "tip-top-wholemeal-breakfast-fruit-toast-bread",
    "brand": "Tip Top",
    "name": "Wholemeal Raisin Toast Bread",
    "imageUrl": "https://shop.coles.com.au/wcsstore/Coles-CAS/images/1/7/9/1794180-th.jpg",
    "categories": ["bread-bakery"],
    "tags": ["packaged-bread-bakery", "packaged-bread"],
    "locations": {
      "vic": {
        "price": 3,
        "promoText": " ",
        "packageSize": "600g",
        "packagePrice": "$0.50 per 100G"
      }
    }
  },
  {
    "id": "coles-gluten-free-5-seed-loaf",
    "brand": "Coles",
    "name": "Gluten Free Five Seed Bread",
    "imageUrl": "https://shop.coles.com.au/wcsstore/Coles-CAS/images/3/2/1/3216695-th.jpg",
    "categories": ["bread-bakery"],
    "tags": ["packaged-bread-bakery", "packaged-bread"],
    "locations": {
      "vic": {
        "price": 4.5,
        "promoText": " ",
        "packageSize": "500g",
        "packagePrice": "$0.90 per 100G"
      }
    }
  },
  {
    "id": "helgas-continental-bakehouse-lower-carb-5-seed-bread-loaf",
    "brand": "Helga's",
    "name": "Low Carb 5 Seeds Bread Loaf",
    "imageUrl": "https://shop.coles.com.au/wcsstore/Coles-CAS/images/1/8/4/1847163-th.jpg",
    "categories": ["bread-bakery"],
    "tags": ["packaged-bread-bakery", "packaged-bread"],
    "locations": {
      "vic": {
        "price": 4.2,
        "promoText": " ",
        "packageSize": "700g",
        "packagePrice": "$0.60 per 100G"
      }
    }
  },
  {
    "id": "abbotts-village-bakery-gluten-free-rustic-white",
    "brand": "Abbott's Village Bakery",
    "name": "Gluten Free Rustic White Bread",
    "imageUrl": "https://shop.coles.com.au/wcsstore/Coles-CAS/images/3/2/1/3216913-th.jpg",
    "categories": ["bread-bakery"],
    "tags": ["packaged-bread-bakery", "packaged-bread"],
    "locations": {
      "vic": {
        "price": 6,
        "promoText": "$1.00 ",
        "packageSize": "500g",
        "packagePrice": "$1.20 per 100G"
      }
    }
  },
  {
    "id": "tip-top-bread-9-grain-wholemeal",
    "brand": "Tip Top",
    "name": "9 Grain Wholemeal Bread",
    "imageUrl": "https://shop.coles.com.au/wcsstore/Coles-CAS/images/6/0/1/6010561-th.jpg",
    "categories": ["bread-bakery"],
    "tags": ["packaged-bread-bakery", "packaged-bread"],
    "locations": {
      "vic": {
        "price": 3.4,
        "promoText": " ",
        "packageSize": "750g",
        "packagePrice": "$0.45 per 100G"
      }
    }
  },
  {
    "id": "abbotts-sensations-pumpkin-suflower-seed",
    "brand": "Abbott's Village Bakery",
    "name": "Sensations Pumpkin & Sunflower Seeds Bread",
    "imageUrl": "https://shop.coles.com.au/wcsstore/Coles-CAS/images/3/2/3/3235055-th.jpg",
    "categories": ["bread-bakery"],
    "tags": ["packaged-bread-bakery", "packaged-bread"],
    "locations": {
      "vic": {
        "price": 4.3,
        "promoText": " ",
        "packageSize": "750g",
        "packagePrice": "$0.57 per 100G"
      }
    }
  },
  {
    "id": "helgas-gluten-freee-soy-linseed",
    "brand": "Helga's",
    "name": "Gluten Free Soy & Linseed Bread",
    "imageUrl": "https://shop.coles.com.au/wcsstore/Coles-CAS/images/3/2/3/3237935-th.jpg",
    "categories": ["bread-bakery"],
    "tags": ["packaged-bread-bakery", "packaged-bread"],
    "locations": {
      "vic": {
        "price": 7,
        "promoText": " ",
        "packageSize": "500g",
        "packagePrice": "$1.40 per 100G"
      }
    }
  },
  {
    "id": "helgas-olive-oil-herb",
    "brand": "Helga's",
    "name": "Olive Oil & Herb Bread",
    "imageUrl": "https://shop.coles.com.au/wcsstore/Coles-CAS/images/3/5/5/3558236-th.jpg",
    "categories": ["bread-bakery"],
    "tags": ["packaged-bread-bakery", "packaged-bread"],
    "locations": {
      "vic": {
        "price": 3.9,
        "promoText": " ",
        "packageSize": "650g",
        "packagePrice": "$0.60 per 100G"
      }
    }
  },
  {
    "id": "taylors-bread-wholemeal",
    "brand": "Taylor's",
    "name": "Wholemeal Bread",
    "imageUrl": "https://shop.coles.com.au/wcsstore/Coles-CAS/images/4/5/7/457301-th.jpg",
    "categories": ["bread-bakery"],
    "tags": ["packaged-bread-bakery", "packaged-bread"],
    "locations": {
      "vic": {
        "price": 5.85,
        "promoText": " ",
        "packageSize": "900g",
        "packagePrice": "$0.65 per 100G"
      }
    }
  },
  {
    "id": "tip-top-the-one-mixed-grains",
    "brand": "Tip Top",
    "name": "The One Kids Grains Bread",
    "imageUrl": "https://shop.coles.com.au/wcsstore/Coles-CAS/images/2/9/0/2901617-th.jpg",
    "categories": ["bread-bakery"],
    "tags": ["packaged-bread-bakery", "packaged-bread"],
    "locations": {
      "vic": {
        "price": 3.4,
        "promoText": " ",
        "packageSize": "700g",
        "packagePrice": "$0.49 per 100G"
      }
    }
  },
  {
    "id": "tip-top--sandwich-thins-lighty-seeded",
    "brand": "Tip Top",
    "name": "Sandwich Thins Lighty Seeded",
    "imageUrl": "https://shop.coles.com.au/wcsstore/Coles-CAS/images/2/9/1/2917071-th.jpg",
    "categories": ["bread-bakery"],
    "tags": ["packaged-bread-bakery", "packaged-bread"],
    "locations": {
      "vic": {
        "price": 3.5,
        "promoText": "Any 2 $5",
        "packageSize": "240g",
        "packagePrice": "$1.46 per 100G"
      }
    }
  },
  {
    "id": "coles-bagel-sesame-4-pack",
    "brand": "Coles",
    "name": "Sesame Seeds Bagels 4 Pack",
    "imageUrl": "https://shop.coles.com.au/wcsstore/Coles-CAS/images/3/3/6/3362970-th.jpg",
    "categories": ["bread-bakery"],
    "tags": ["packaged-bread-bakery", "packaged-bread"],
    "locations": {
      "vic": {
        "price": 3,
        "promoText": "Was $3.50 on Jan 2020 ",
        "packageSize": "360g",
        "packagePrice": "$0.83 per 100G"
      }
    }
  },
  {
    "id": "coles-soft-white-sandwich-3627328p",
    "brand": "Coles",
    "name": "Soft White Sandwich",
    "imageUrl": "https://shop.coles.com.au/wcsstore/ColesResponsiveStorefrontAssetStore/dist/ccfc54aed6e361b650bcf0582f7b576b/img/img_product-placeholder.png",
    "categories": ["bread-bakery"],
    "tags": ["packaged-bread-bakery", "packaged-bread"],
    "locations": {
      "vic": {
        "price": 1.6,
        "promoText": " ",
        "packageSize": "650g",
        "packagePrice": "$0.25 per 100G"
      }
    }
  },
  {
    "id": "country-life-bread-low-gi-gluten-free",
    "brand": "Country Life",
    "name": "Gluten Free Low GI Bread",
    "imageUrl": "https://shop.coles.com.au/wcsstore/Coles-CAS/images/9/9/7/9970731-th.jpg",
    "categories": ["bread-bakery"],
    "tags": ["packaged-bread-bakery", "packaged-bread"],
    "locations": {
      "vic": {
        "price": 6.7,
        "promoText": " ",
        "packageSize": "580g",
        "packagePrice": "$1.16 per 100G"
      }
    }
  },
  {
    "id": "helgas-continental-bakehouse-lower-carb-soy-toasted-sesame-bread-loaf",
    "brand": "Helga's",
    "name": "Low Carb Soy & Toasted Sesame Bread Loaf",
    "imageUrl": "https://shop.coles.com.au/wcsstore/Coles-CAS/images/1/8/4/1847425-th.jpg",
    "categories": ["bread-bakery"],
    "tags": ["packaged-bread-bakery", "packaged-bread"],
    "locations": {
      "vic": {
        "price": 4.2,
        "promoText": " ",
        "packageSize": "700g",
        "packagePrice": "$0.60 per 100G"
      }
    }
  },
  {
    "id": "helgas-gluten-freee-5-seed",
    "brand": "Helga's",
    "name": "Gluten Free 5 Seeds Bread",
    "imageUrl": "https://shop.coles.com.au/wcsstore/Coles-CAS/images/3/2/3/3237946-th.jpg",
    "categories": ["bread-bakery"],
    "tags": ["packaged-bread-bakery", "packaged-bread"],
    "locations": {
      "vic": {
        "price": 7,
        "promoText": " ",
        "packageSize": "500g",
        "packagePrice": "$1.40 per 100G"
      }
    }
  },
  {
    "id": "tip-top-sandwich-thins-original",
    "brand": "Tip Top",
    "name": "Original Thins Sandwich",
    "imageUrl": "https://shop.coles.com.au/wcsstore/Coles-CAS/images/2/9/1/2917050-th.jpg",
    "categories": ["bread-bakery"],
    "tags": ["packaged-bread-bakery", "packaged-bread"],
    "locations": {
      "vic": {
        "price": 3.5,
        "promoText": "Any 2 $5",
        "packageSize": "240g",
        "packagePrice": "$1.46 per 100G"
      }
    }
  },
  {
    "id": "tip-top-cafe-coconut-cranberry",
    "brand": "Tip Top Cafe",
    "name": "Coconut Cranberry",
    "imageUrl": "https://shop.coles.com.au/wcsstore/Coles-CAS/images/3/7/2/3726294-th.jpg",
    "categories": ["bread-bakery"],
    "tags": ["packaged-bread-bakery", "packaged-bread"],
    "locations": {
      "vic": {
        "price": 6,
        "promoText": " ",
        "packageSize": "500g",
        "packagePrice": "$1.20 per 100G"
      }
    }
  },
  {
    "id": "vitality-bakehouse-loaf-ryegrid-sourdough",
    "brand": "Vitality",
    "name": "Ryegrid Sourdough",
    "imageUrl": "https://shop.coles.com.au/wcsstore/ColesResponsiveStorefrontAssetStore/dist/ccfc54aed6e361b650bcf0582f7b576b/img/img_product-placeholder.png",
    "categories": ["bread-bakery"],
    "tags": ["packaged-bread-bakery", "packaged-bread"],
    "locations": {
      "vic": {
        "price": 5.5,
        "promoText": " ",
        "packageSize": "700g",
        "packagePrice": "$0.79 per 100G"
      }
    }
  },
  {
    "id": "helgas-gluten-free-mixed-grain",
    "brand": "Helga's",
    "name": "Gluten Free Mixed Grain Bread",
    "imageUrl": "https://shop.coles.com.au/wcsstore/Coles-CAS/images/3/2/3/3237968-th.jpg",
    "categories": ["bread-bakery"],
    "tags": ["packaged-bread-bakery", "packaged-bread"],
    "locations": {
      "vic": {
        "price": 7,
        "promoText": " ",
        "packageSize": "500g",
        "packagePrice": "$1.40 per 100G"
      }
    }
  },
  {
    "id": "tip-top-bread-9-grain-plus-pumpkin-seed",
    "brand": "Tip Top",
    "name": "9 Grain Bread Pumpkin Seeds",
    "imageUrl": "https://shop.coles.com.au/wcsstore/Coles-CAS/images/4/8/6/4865955-th.jpg",
    "categories": ["bread-bakery"],
    "tags": ["packaged-bread-bakery", "packaged-bread"],
    "locations": {
      "vic": {
        "price": 3.4,
        "promoText": " ",
        "packageSize": "700g",
        "packagePrice": "$0.49 per 100G"
      }
    }
  },
  {
    "id": "coles-greek-style-gyros-4-pack",
    "brand": "Coles",
    "name": "Gyros 4 Pack",
    "imageUrl": "https://shop.coles.com.au/wcsstore/Coles-CAS/images/3/6/2/3626857-th.jpg",
    "categories": ["bread-bakery"],
    "tags": ["packaged-bread-bakery", "packaged-bread"],
    "locations": {
      "vic": {
        "price": 2.7,
        "promoText": " ",
        "packageSize": "300g",
        "packagePrice": "$0.90 per 100G"
      }
    }
  },
  {
    "id": "soren-5-malt-lunchbox-loaf",
    "brand": "Soreen",
    "name": "5 Malt Lunchbox Loaf",
    "imageUrl": "https://shop.coles.com.au/wcsstore/Coles-CAS/images/3/7/3/3733493-th.jpg",
    "categories": ["bread-bakery"],
    "tags": ["packaged-bread-bakery", "packaged-bread"],
    "locations": {
      "vic": {
        "price": 5,
        "promoText": " ",
        "packageSize": "150g",
        "packagePrice": "$3.33 per 100G"
      }
    }
  },
  {
    "id": "soren-5-banana-lunchbox-loaf",
    "brand": "Soreen",
    "name": "5 Banana Lunchbox Loaf",
    "imageUrl": "https://shop.coles.com.au/wcsstore/Coles-CAS/images/3/7/3/3733507-th.jpg",
    "categories": ["bread-bakery"],
    "tags": ["packaged-bread-bakery", "packaged-bread"],
    "locations": {
      "vic": {
        "price": 5,
        "promoText": " ",
        "packageSize": "150g",
        "packagePrice": "$3.33 per 100G"
      }
    }
  },
  {
    "id": "vitality-bakehouse-loaf-wholemeal-spelt-chia",
    "brand": "Vitality",
    "name": "Spelt Wholemeal Chia",
    "imageUrl": "https://shop.coles.com.au/wcsstore/ColesResponsiveStorefrontAssetStore/dist/ccfc54aed6e361b650bcf0582f7b576b/img/img_product-placeholder.png",
    "categories": ["bread-bakery"],
    "tags": ["packaged-bread-bakery", "packaged-bread"],
    "locations": {
      "vic": {
        "price": 7,
        "promoText": " ",
        "packageSize": "580g",
        "packagePrice": "$1.21 per 100G"
      }
    }
  },
  {
    "id": "coles-blank-choc-mud-cake",
    "brand": "Coles",
    "name": "Make at Home Chocolate Mud Cake",
    "imageUrl": "https://shop.coles.com.au/wcsstore/Coles-CAS/images/3/4/5/3454503-th.jpg",
    "categories": ["bread-bakery"],
    "tags": ["packaged-bread-bakery", "cakes"],
    "locations": {
      "vic": {
        "price": 4,
        "promoText": " ",
        "packageSize": "540g",
        "packagePrice": "$0.74 per 100G"
      }
    }
  },
  {
    "id": "coles-bakery-cake-madeira",
    "brand": "Coles Bakery",
    "name": "Madeira Cake",
    "imageUrl": "https://shop.coles.com.au/wcsstore/Coles-CAS/images/5/0/5/5057311-th.jpg",
    "categories": ["bread-bakery"],
    "tags": ["packaged-bread-bakery", "cakes"],
    "locations": {
      "vic": {
        "price": 2.5,
        "promoText": " ",
        "packageSize": "450g",
        "packagePrice": "$0.56 per 100G"
      }
    }
  },
  {
    "id": "coles-banana-slice",
    "brand": "Coles",
    "name": "Banana Bread Slices 5 pack",
    "imageUrl": "https://shop.coles.com.au/wcsstore/Coles-CAS/images/2/9/1/2915724-th.jpg",
    "categories": ["bread-bakery"],
    "tags": ["packaged-bread-bakery", "cakes"],
    "locations": {
      "vic": {
        "price": 5,
        "promoText": " ",
        "packageSize": "500g",
        "packagePrice": "$1.00 per 100G"
      }
    }
  },
  {
    "id": "mr-kipling-french-fancies-9pk",
    "brand": "Mr Kipling",
    "name": "French Fancies Selection Cakes 8 Pack",
    "imageUrl": "https://shop.coles.com.au/wcsstore/Coles-CAS/images/3/2/1/3217654-th.jpg",
    "categories": ["bread-bakery"],
    "tags": ["packaged-bread-bakery", "cakes"],
    "locations": {
      "vic": {
        "price": 5,
        "promoText": " ",
        "packageSize": "205g",
        "packagePrice": "$2.44 per 100G"
      }
    }
  },
  {
    "id": "coles-banana-bread",
    "brand": "Coles",
    "name": "Banana Bread",
    "imageUrl": "https://shop.coles.com.au/wcsstore/Coles-CAS/images/9/1/2/9120090-th.jpg",
    "categories": ["bread-bakery"],
    "tags": ["packaged-bread-bakery", "cakes"],
    "locations": {
      "vic": {
        "price": 4.2,
        "promoText": " ",
        "packageSize": "550g",
        "packagePrice": "$0.76 per 100G"
      }
    }
  },
  {
    "id": "coles-slices-lemon",
    "brand": "Coles",
    "name": "Lemon Slice",
    "imageUrl": "https://shop.coles.com.au/wcsstore/Coles-CAS/images/1/3/8/1387165-th.jpg",
    "categories": ["bread-bakery"],
    "tags": ["packaged-bread-bakery", "cakes"],
    "locations": {
      "vic": {
        "price": 4,
        "promoText": " ",
        "packageSize": "175g",
        "packagePrice": "$2.29 per 100G"
      }
    }
  },
  {
    "id": "wlc-chocolate-brownie-4pk",
    "brand": "We Love Cake",
    "name": "Chocolate Brownies 4 Pack",
    "imageUrl": "https://shop.coles.com.au/wcsstore/Coles-CAS/images/3/5/0/3509933-th.jpg",
    "categories": ["bread-bakery"],
    "tags": ["packaged-bread-bakery", "cakes"],
    "locations": {
      "vic": {
        "price": 5.5,
        "promoText": " ",
        "packageSize": "150g",
        "packagePrice": "$3.67 per 100G"
      }
    }
  },
  {
    "id": "cadbury-mini-rolls-raspberry-5pk",
    "brand": "Cadbury",
    "name": "Raspberry Mini Rolls 5 pack",
    "imageUrl": "https://shop.coles.com.au/wcsstore/Coles-CAS/images/2/8/4/2847726-th.jpg",
    "categories": ["bread-bakery"],
    "tags": ["packaged-bread-bakery", "cakes"],
    "locations": {
      "vic": {
        "price": 1.87,
        "promoText": "$1.88 ",
        "packageSize": "130g",
        "packagePrice": "$1.44 per 100G"
      }
    }
  },
  {
    "id": "coles-chocolate-mud-cake-slices",
    "brand": "Coles",
    "name": "Chocolate Mud Cake Slices 5 pack",
    "imageUrl": "https://shop.coles.com.au/wcsstore/Coles-CAS/images/3/0/0/3003661-th.jpg",
    "categories": ["bread-bakery"],
    "tags": ["packaged-bread-bakery", "cakes"],
    "locations": {
      "vic": {
        "price": 5,
        "promoText": " ",
        "packageSize": "500g",
        "packagePrice": "$1.00 per 100G"
      }
    }
  },
  {
    "id": "coles-gluten-free-blueberry-muffin-2pk",
    "brand": "Coles",
    "name": "Gluten Free Blueberry Muffin 2 Pack",
    "imageUrl": "https://shop.coles.com.au/wcsstore/Coles-CAS/images/3/2/4/3245037-th.jpg",
    "categories": ["bread-bakery"],
    "tags": ["packaged-bread-bakery", "cakes"],
    "locations": {
      "vic": {
        "price": 3.5,
        "promoText": " ",
        "packageSize": "130g",
        "packagePrice": "$2.69 per 100G"
      }
    }
  },
  {
    "id": "bells-whistles-berry-cashew-cake-slices",
    "brand": "Bells & Whistles",
    "name": "Berry & Cashew Cake Slices 4 pack",
    "imageUrl": "https://shop.coles.com.au/wcsstore/Coles-CAS/images/3/6/3/3637423-th.jpg",
    "categories": ["bread-bakery"],
    "tags": ["packaged-bread-bakery", "cakes"],
    "locations": {
      "vic": {
        "price": 2,
        "promoText": "$1.00 ",
        "packageSize": "76g",
        "packagePrice": "$2.63 per 100G"
      }
    }
  },
  {
    "id": "coles-cherry-slices",
    "brand": "Coles",
    "name": "Choc Cherry Slices 5 pack",
    "imageUrl": "https://shop.coles.com.au/wcsstore/Coles-CAS/images/3/1/3/3137180-th.jpg",
    "categories": ["bread-bakery"],
    "tags": ["packaged-bread-bakery", "cakes"],
    "locations": {
      "vic": {
        "price": 4,
        "promoText": " ",
        "packageSize": "175g",
        "packagePrice": "$2.29 per 100G"
      }
    }
  },
  {
    "id": "coles-mini-bites-yoghurt-granola",
    "brand": "Coles",
    "name": "Mini Bites Yoghurt & Granola",
    "imageUrl": "https://shop.coles.com.au/wcsstore/Coles-CAS/images/3/7/3/3731206-th.jpg",
    "categories": ["bread-bakery"],
    "tags": ["packaged-bread-bakery", "cakes"],
    "locations": {
      "vic": {
        "price": 4.5,
        "promoText": " ",
        "packageSize": "155g",
        "packagePrice": "$2.90 per 100G"
      }
    }
  },
  {
    "id": "balconi-cakes-mix-max-10pk",
    "brand": "Balconi",
    "name": "Mix Max Cocoa Cakes 10 pack",
    "imageUrl": "https://shop.coles.com.au/wcsstore/Coles-CAS/images/5/0/8/5088122-th.jpg",
    "categories": ["bread-bakery"],
    "tags": ["packaged-bread-bakery", "cakes"],
    "locations": {
      "vic": {
        "price": 5.5,
        "promoText": " ",
        "packageSize": "350g",
        "packagePrice": "$1.57 per 100G"
      }
    }
  },
  {
    "id": "coles-banana-choc-chip-bread-slices-5pk",
    "brand": "Coles",
    "name": "Choc Chip Banana Bread Slices 5 Pack",
    "imageUrl": "https://shop.coles.com.au/wcsstore/Coles-CAS/images/3/6/3/3633681-th.jpg",
    "categories": ["bread-bakery"],
    "tags": ["packaged-bread-bakery", "cakes"],
    "locations": {
      "vic": {
        "price": 5,
        "promoText": " ",
        "packageSize": "500g",
        "packagePrice": "$1.00 per 100G"
      }
    }
  },
  {
    "id": "coles-bakery-snow-drops",
    "brand": "Coles Bakery",
    "name": "Snow Drops 8 Pack",
    "imageUrl": "https://shop.coles.com.au/wcsstore/Coles-CAS/images/5/5/4/5541530-th.jpg",
    "categories": ["bread-bakery"],
    "tags": ["packaged-bread-bakery", "cakes"],
    "locations": {
      "vic": {
        "price": 2.5,
        "promoText": " ",
        "packageSize": "200g",
        "packagePrice": "$1.25 per 100G"
      }
    }
  },
  {
    "id": "bells-whistles-nut-truffle-cake-slices",
    "brand": "Bells & Whistles",
    "name": "Nut Truffle Cake Slices 4 pack",
    "imageUrl": "https://shop.coles.com.au/wcsstore/Coles-CAS/images/3/6/3/3637445-th.jpg",
    "categories": ["bread-bakery"],
    "tags": ["packaged-bread-bakery", "cakes"],
    "locations": {
      "vic": {
        "price": 2,
        "promoText": "$1.00 ",
        "packageSize": "80g",
        "packagePrice": "$2.50 per 100G"
      }
    }
  },
  {
    "id": "cadbury-caramel-slice-6pk",
    "brand": "Cadbury",
    "name": "Caramel Slice 6pack",
    "imageUrl": "https://shop.coles.com.au/wcsstore/Coles-CAS/images/3/7/3/3731283-th.jpg",
    "categories": ["bread-bakery"],
    "tags": ["packaged-bread-bakery", "cakes"],
    "locations": {
      "vic": {
        "price": 5,
        "promoText": " ",
        "packageSize": "145g",
        "packagePrice": "$3.45 per 100G"
      }
    }
  },
  {
    "id": "coles-blueberry-slice-5pk",
    "brand": "Coles",
    "name": "Blueberry Loaf Slices 5 pack",
    "imageUrl": "https://shop.coles.com.au/wcsstore/Coles-CAS/images/3/2/3/3235408-th.jpg",
    "categories": ["bread-bakery"],
    "tags": ["packaged-bread-bakery", "cakes"],
    "locations": {
      "vic": {
        "price": 5,
        "promoText": " ",
        "packageSize": "500g",
        "packagePrice": "$1.00 per 100G"
      }
    }
  },
  {
    "id": "coles-blank-white-mud-cake",
    "brand": "Coles",
    "name": "Make at Home White Mud Cake",
    "imageUrl": "https://shop.coles.com.au/wcsstore/Coles-CAS/images/3/4/5/3454514-th.jpg",
    "categories": ["bread-bakery"],
    "tags": ["packaged-bread-bakery", "cakes"],
    "locations": {
      "vic": {
        "price": 4,
        "promoText": " ",
        "packageSize": "540g",
        "packagePrice": "$0.74 per 100G"
      }
    }
  },
  {
    "id": "coles-gluten-free-chocolate-chip-cookie-4pk",
    "brand": "Coles",
    "name": "I?M Free From Choc Chip Cookie 4 Pack",
    "imageUrl": "https://shop.coles.com.au/wcsstore/Coles-CAS/images/3/4/7/3474985-th.jpg",
    "categories": ["bread-bakery"],
    "tags": ["packaged-bread-bakery", "cakes"],
    "locations": {
      "vic": {
        "price": 4,
        "promoText": " ",
        "packageSize": "180g",
        "packagePrice": "$2.22 per 100G"
      }
    }
  },
  {
    "id": "coles-mini-bites-choc-caramel",
    "brand": "Coles",
    "name": "Mini Bites Chocolate Caramel",
    "imageUrl": "https://shop.coles.com.au/wcsstore/Coles-CAS/images/3/7/3/3731228-th.jpg",
    "categories": ["bread-bakery"],
    "tags": ["packaged-bread-bakery", "cakes"],
    "locations": {
      "vic": {
        "price": 4.5,
        "promoText": " ",
        "packageSize": "180g",
        "packagePrice": "$2.50 per 100G"
      }
    }
  },
  {
    "id": "coles-mini-bites-choc-sponge-roll",
    "brand": "Coles",
    "name": "Mini Bites Chocolate Sponge Roll",
    "imageUrl": "https://shop.coles.com.au/wcsstore/Coles-CAS/images/3/7/3/3731181-th.jpg",
    "categories": ["bread-bakery"],
    "tags": ["packaged-bread-bakery", "cakes"],
    "locations": {
      "vic": {
        "price": 4.5,
        "promoText": " ",
        "packageSize": "200g",
        "packagePrice": "$2.25 per 100G"
      }
    }
  },
  {
    "id": "mr-kipling-cherry-bakewells-1777410p",
    "brand": "Mr Kipling",
    "name": "Cherry & Almond Bakewells Tarts 6 pack",
    "imageUrl": "https://shop.coles.com.au/wcsstore/Coles-CAS/images/1/7/7/1777410-th.jpg",
    "categories": ["bread-bakery"],
    "tags": ["packaged-bread-bakery", "cakes"],
    "locations": {
      "vic": {
        "price": 4,
        "promoText": " ",
        "packageSize": "250g",
        "packagePrice": "$16.00 per 1Kg"
      }
    }
  },
  {
    "id": "mr-kipling-salted-caramel-slices-6pk",
    "brand": "Mr Kipling",
    "name": "Salted Caramel Slices 6 pack",
    "imageUrl": "https://shop.coles.com.au/wcsstore/Coles-CAS/images/3/7/4/3745040-th.jpg",
    "categories": ["bread-bakery"],
    "tags": ["packaged-bread-bakery", "cakes"],
    "locations": {
      "vic": {
        "price": 5,
        "promoText": " ",
        "packageSize": "175g",
        "packagePrice": "$2.86 per 100G"
      }
    }
  },
  {
    "id": "wlc-berry-coconut-slice",
    "brand": "WLC",
    "name": "Berry & Coconut Slice",
    "imageUrl": "https://shop.coles.com.au/wcsstore/Coles-CAS/images/3/7/3/3731330-th.jpg",
    "categories": ["bread-bakery"],
    "tags": ["packaged-bread-bakery", "cakes"],
    "locations": {
      "vic": {
        "price": 5.5,
        "promoText": " ",
        "packageSize": "175g",
        "packagePrice": "$3.14 per 100G"
      }
    }
  },
  {
    "id": "coles-funfetti-tea-cake",
    "brand": "Coles",
    "name": "Funfetti Tea Cake",
    "imageUrl": "https://shop.coles.com.au/wcsstore/ColesResponsiveStorefrontAssetStore/dist/ccfc54aed6e361b650bcf0582f7b576b/img/img_product-placeholder.png",
    "categories": ["bread-bakery"],
    "tags": ["packaged-bread-bakery", "cokies-biscuits"],
    "locations": {
      "vic": {
        "price": 4,
        "promoText": " ",
        "packageSize": "300g",
        "packagePrice": "$1.33 per 100G"
      }
    }
  },
  {
    "id": "genius-crumpets-gluten-free",
    "brand": "Genius",
    "name": "Gluten Free Crumpets",
    "imageUrl": "https://shop.coles.com.au/wcsstore/Coles-CAS/images/3/2/4/3241160-th.jpg",
    "categories": ["bread-bakery"],
    "tags": ["packaged-bread-bakery", "crumpets-pancakes"],
    "locations": {
      "vic": {
        "price": 6,
        "promoText": " ",
        "packageSize": "4 pack",
        "packagePrice": "$1.50 per 1Ea"
      }
    }
  },
  {
    "id": "tip-top-english-muffins-original",
    "brand": "Tip Top",
    "name": "Original English Muffins 6 Pack",
    "imageUrl": "https://shop.coles.com.au/wcsstore/Coles-CAS/images/3/3/2/332394-th.jpg",
    "categories": ["bread-bakery"],
    "tags": ["packaged-bread-bakery", "crumpets-pancakes"],
    "locations": {
      "vic": {
        "price": 2.5,
        "promoText": "$2.50 ",
        "packageSize": "400g",
        "packagePrice": "$0.63 per 100G"
      }
    }
  },
  {
    "id": "tip-top-english-muffins-spicy-fruit",
    "brand": "Tip Top",
    "name": "Spicy Fruit English Muffins",
    "imageUrl": "https://shop.coles.com.au/wcsstore/Coles-CAS/images/9/7/9/9795915-th.jpg",
    "categories": ["bread-bakery"],
    "tags": ["packaged-bread-bakery", "crumpets-pancakes"],
    "locations": {
      "vic": {
        "price": 2.5,
        "promoText": "$2.50 ",
        "packageSize": "6 pack",
        "packagePrice": "$0.42 per 1Ea"
      }
    }
  },
  {
    "id": "golden-crumpets-wholemeal-rounds",
    "brand": "Golden",
    "name": "Wholemeal Crumpets 6 Pack",
    "imageUrl": "https://shop.coles.com.au/wcsstore/Coles-CAS/images/2/9/2/292223-th.jpg",
    "categories": ["bread-bakery"],
    "tags": ["packaged-bread-bakery", "crumpets-pancakes"],
    "locations": {
      "vic": {
        "price": 3.7,
        "promoText": "Any 2 $4",
        "packageSize": "300g",
        "packagePrice": "$1.23 per 100G"
      }
    }
  },
  {
    "id": "golden-crumpets-rounds",
    "brand": "Golden",
    "name": "Round Crumpets",
    "imageUrl": "https://shop.coles.com.au/wcsstore/Coles-CAS/images/3/3/2/332383-th.jpg",
    "categories": ["bread-bakery"],
    "tags": ["packaged-bread-bakery", "crumpets-pancakes"],
    "locations": {
      "vic": {
        "price": 3.7,
        "promoText": "Any 2 $4",
        "packageSize": "6 pack",
        "packagePrice": "$0.62 per 1Ea"
      }
    }
  },
  {
    "id": "tip-top-english-muffins-wholemeal",
    "brand": "Tip Top",
    "name": "Wholemeal English Muffins 6 Pack",
    "imageUrl": "https://shop.coles.com.au/wcsstore/Coles-CAS/images/5/1/3/5137320-th.jpg",
    "categories": ["bread-bakery"],
    "tags": ["packaged-bread-bakery", "crumpets-pancakes"],
    "locations": {
      "vic": {
        "price": 2.5,
        "promoText": "$2.50 ",
        "packageSize": "400g",
        "packagePrice": "$0.63 per 100G"
      }
    }
  },
  {
    "id": "coles-muffins-english-6-pack",
    "brand": "Coles",
    "name": "English Muffins 6 pack",
    "imageUrl": "https://shop.coles.com.au/wcsstore/Coles-CAS/images/4/7/2/4723134-th.jpg",
    "categories": ["bread-bakery"],
    "tags": ["packaged-bread-bakery", "crumpets-pancakes"],
    "locations": {
      "vic": {
        "price": 2.1,
        "promoText": " ",
        "packageSize": "400g",
        "packagePrice": "$0.53 per 100G"
      }
    }
  },
  {
    "id": "golden-crumpet-breaks",
    "brand": "Golden",
    "name": "Crumpet Square 6 pack",
    "imageUrl": "https://shop.coles.com.au/wcsstore/Coles-CAS/images/6/0/3/6034275-th.jpg",
    "categories": ["bread-bakery"],
    "tags": ["packaged-bread-bakery", "crumpets-pancakes"],
    "locations": {
      "vic": {
        "price": 2.1,
        "promoText": "$2.10 ",
        "packageSize": "425g",
        "packagePrice": "$0.35 per 1Ea"
      }
    }
  },
  {
    "id": "tip-top-english-muffins-multigrain",
    "brand": "Tip Top",
    "name": "Multigrain English Muffins 6 Pack",
    "imageUrl": "https://shop.coles.com.au/wcsstore/Coles-CAS/images/2/9/3/293099-th.jpg",
    "categories": ["bread-bakery"],
    "tags": ["packaged-bread-bakery", "crumpets-pancakes"],
    "locations": {
      "vic": {
        "price": 2.5,
        "promoText": "$2.50 ",
        "packageSize": "400g",
        "packagePrice": "$0.63 per 100G"
      }
    }
  },
  {
    "id": "toscano-waffles-traditional-butter-4-pack",
    "brand": "Toscano",
    "name": "Traditional Butter Waffles 4 pack",
    "imageUrl": "https://shop.coles.com.au/wcsstore/Coles-CAS/images/8/9/9/8995056-th.jpg",
    "categories": ["bread-bakery"],
    "tags": ["packaged-bread-bakery", "crumpets-pancakes"],
    "locations": {
      "vic": {
        "price": 4.2,
        "promoText": "$1.30 ",
        "packageSize": "360g",
        "packagePrice": "$1.17 per 100G"
      }
    }
  },
  {
    "id": "coles-pikelets-8pk",
    "brand": "Coles",
    "name": "Pikelets 8 Pack",
    "imageUrl": "https://shop.coles.com.au/wcsstore/Coles-CAS/images/3/5/1/3517750-th.jpg",
    "categories": ["bread-bakery"],
    "tags": ["packaged-bread-bakery", "crumpets-pancakes"],
    "locations": {
      "vic": {
        "price": 3,
        "promoText": " ",
        "packageSize": "200g",
        "packagePrice": "$1.50 per 100G"
      }
    }
  },
  {
    "id": "golden-crumpet-toast",
    "brand": "Tip Top",
    "name": "Golden Crumpet Toast",
    "imageUrl": "https://shop.coles.com.au/wcsstore/Coles-CAS/images/3/7/3/3738635-th.jpg",
    "categories": ["bread-bakery"],
    "tags": ["packaged-bread-bakery", "crumpets-pancakes"],
    "locations": {
      "vic": {
        "price": 5,
        "promoText": " ",
        "packageSize": "700g",
        "packagePrice": "$0.71 per 100G"
      }
    }
  },
  {
    "id": "capilano-honey-premium-blend-up-side-down",
    "brand": "Capilano",
    "name": "Pure Honey Squeeze",
    "imageUrl": "https://shop.coles.com.au/wcsstore/Coles-CAS/images/9/2/4/9247578-th.jpg",
    "categories": ["bread-bakery"],
    "tags": ["packaged-bread-bakery", "crumpets-pancakes"],
    "locations": {
      "vic": {
        "price": 8.6,
        "promoText": " ",
        "packageSize": "500g",
        "packagePrice": "$1.72 per 100G"
      }
    }
  },
  {
    "id": "golden-waffles-light-buttery-3190092p",
    "brand": "Golden",
    "name": "Light & Buttery Waffles 8 pack",
    "imageUrl": "https://shop.coles.com.au/wcsstore/Coles-CAS/images/3/1/9/3190092-th.jpg",
    "categories": ["bread-bakery"],
    "tags": ["packaged-bread-bakery", "crumpets-pancakes"],
    "locations": {
      "vic": {
        "price": 5,
        "promoText": " ",
        "packageSize": "220g",
        "packagePrice": "$2.27 per 100G"
      }
    }
  },
  {
    "id": "coles-crumpets-6-pack",
    "brand": "Coles",
    "name": "Round Crumpets 6 pack",
    "imageUrl": "https://shop.coles.com.au/wcsstore/Coles-CAS/images/4/7/2/4723270-th.jpg",
    "categories": ["bread-bakery"],
    "tags": ["packaged-bread-bakery", "crumpets-pancakes"],
    "locations": {
      "vic": {
        "price": 1.35,
        "promoText": " ",
        "packageSize": "300g",
        "packagePrice": "$0.45 per 100G"
      }
    }
  },
  {
    "id": "golden-pancakes-6-pack",
    "brand": "Golden",
    "name": "Pancakes 6 Pack",
    "imageUrl": "https://shop.coles.com.au/wcsstore/Coles-CAS/images/6/0/5/6051649-th.jpg",
    "categories": ["bread-bakery"],
    "tags": ["packaged-bread-bakery", "crumpets-pancakes"],
    "locations": {
      "vic": {
        "price": 5,
        "promoText": " ",
        "packageSize": "360g",
        "packagePrice": "$1.39 per 100G"
      }
    }
  },
  {
    "id": "golden-pikelets",
    "brand": "Golden",
    "name": "Pikelets 8 Pack",
    "imageUrl": "https://shop.coles.com.au/wcsstore/Coles-CAS/images/5/4/0/54000-th.jpg",
    "categories": ["bread-bakery"],
    "tags": ["packaged-bread-bakery", "crumpets-pancakes"],
    "locations": {
      "vic": {
        "price": 2.5,
        "promoText": "$1.49 ",
        "packageSize": "200g",
        "packagePrice": "$1.25 per 100G"
      }
    }
  },
  {
    "id": "coles-unicorn-crumpets-4pk",
    "brand": "Coles",
    "name": "Unicorn Crumpets",
    "imageUrl": "https://shop.coles.com.au/wcsstore/Coles-CAS/images/3/7/2/3722362-th.jpg",
    "categories": ["bread-bakery"],
    "tags": ["packaged-bread-bakery", "crumpets-pancakes"],
    "locations": {
      "vic": {
        "price": 4,
        "promoText": " ",
        "packageSize": "4 pack",
        "packagePrice": "$1.00 per 1Ea"
      }
    }
  },
  {
    "id": "waffulls-waffles-salted-caramel-4pk",
    "brand": "Waffulls",
    "name": "Waffles Salted Caramel 4 Pack",
    "imageUrl": "https://shop.coles.com.au/wcsstore/Coles-CAS/images/3/7/4/3740659-th.jpg",
    "categories": ["bread-bakery"],
    "tags": ["packaged-bread-bakery", "crumpets-pancakes"],
    "locations": {
      "vic": {
        "price": 4,
        "promoText": "$1.00 ",
        "packageSize": "200g",
        "packagePrice": "$2.00 per 100G"
      }
    }
  },
  {
    "id": "waffulls-waffles-choco-hazelnut-4pk",
    "brand": "Waffulls",
    "name": "Waffles Choco Hazelnut 4 Pack",
    "imageUrl": "https://shop.coles.com.au/wcsstore/Coles-CAS/images/3/7/4/3740637-th.jpg",
    "categories": ["bread-bakery"],
    "tags": ["packaged-bread-bakery", "crumpets-pancakes"],
    "locations": {
      "vic": {
        "price": 4,
        "promoText": "$1.00 ",
        "packageSize": "200g",
        "packagePrice": "$2.00 per 100G"
      }
    }
  },
  {
    "id": "golden-waffles-fluffy-delicious-3190117p",
    "brand": "Golden",
    "name": "Fluffy & Delicious Waffles 5 pack",
    "imageUrl": "https://shop.coles.com.au/wcsstore/Coles-CAS/images/3/1/9/3190117-th.jpg",
    "categories": ["bread-bakery"],
    "tags": ["packaged-bread-bakery", "crumpets-pancakes"],
    "locations": {
      "vic": {
        "price": 5,
        "promoText": " ",
        "packageSize": "275g",
        "packagePrice": "$1.82 per 100G"
      }
    }
  },
  {
    "id": "coles-banana-muffin-bars-10pk",
    "brand": "Coles",
    "name": "Banana Muffin Bars 10 Pack",
    "imageUrl": "https://shop.coles.com.au/wcsstore/Coles-CAS/images/3/5/0/3501818-th.jpg",
    "categories": ["bread-bakery"],
    "tags": ["packaged-bread-bakery", "muffins-cupcakes"],
    "locations": {
      "vic": {
        "price": 5,
        "promoText": " ",
        "packageSize": "420g",
        "packagePrice": "$1.19 per 100G"
      }
    }
  },
  {
    "id": "coles-choc-chip-muffin-bars-10pk",
    "brand": "Coles",
    "name": "Chocolate Chip Muffin 10 Bars",
    "imageUrl": "https://shop.coles.com.au/wcsstore/Coles-CAS/images/3/5/0/3501829-th.jpg",
    "categories": ["bread-bakery"],
    "tags": ["packaged-bread-bakery", "muffins-cupcakes"],
    "locations": {
      "vic": {
        "price": 5,
        "promoText": " ",
        "packageSize": "420g",
        "packagePrice": "$1.19 per 100G"
      }
    }
  },
  {
    "id": "coles-tart-shells",
    "brand": "Coles",
    "name": "Tart Shells",
    "imageUrl": "https://shop.coles.com.au/wcsstore/Coles-CAS/images/1/8/5/1855456-th.jpg",
    "categories": ["bread-bakery"],
    "tags": ["packaged-bread-bakery", "desserts-pastries"],
    "locations": {
      "vic": {
        "price": 3.5,
        "promoText": " ",
        "packageSize": "6 pack",
        "packagePrice": "$0.58 per 1Ea"
      }
    }
  },
  {
    "id": "coles-vol-au-vent-4pk",
    "brand": "Coles",
    "name": "Vol Au Vent 4 Pack",
    "imageUrl": "https://shop.coles.com.au/wcsstore/Coles-CAS/images/3/6/7/3673664-th.jpg",
    "categories": ["bread-bakery"],
    "tags": ["packaged-bread-bakery", "desserts-pastries"],
    "locations": {
      "vic": {
        "price": 4.5,
        "promoText": " ",
        "packageSize": "108g",
        "packagePrice": "$4.17 per 100G"
      }
    }
  },
  {
    "id": "mr-kipling-mini-pies-apple-cinnamon-6pk",
    "brand": "Mr Kipling",
    "name": "Apple & Cinnamon  Mini Pies 6 pack",
    "imageUrl": "https://shop.coles.com.au/wcsstore/Coles-CAS/images/3/4/7/3475514-th.jpg",
    "categories": ["bread-bakery"],
    "tags": ["packaged-bread-bakery", "desserts-pastries"],
    "locations": {
      "vic": {
        "price": 0,
        "promoText": " ",
        "packageSize": "315g",
        "packagePrice": ""
      }
    }
  },
  {
    "id": "coles-simply-gluten-free-pizza-bases",
    "brand": "Coles",
    "name": "Gluten Free Pizza Bases 2 pack",
    "imageUrl": "https://shop.coles.com.au/wcsstore/Coles-CAS/images/1/5/9/1595548-th.jpg",
    "categories": ["bread-bakery"],
    "tags": ["packaged-bread-bakery", "pizza-bases"],
    "locations": {
      "vic": {
        "price": 5.5,
        "promoText": " ",
        "packageSize": "300g",
        "packagePrice": "$1.83 per 100G"
      }
    }
  },
  {
    "id": "tip-top-burger-thins",
    "brand": "Tip Top",
    "name": "Burger Thins",
    "imageUrl": "https://shop.coles.com.au/wcsstore/Coles-CAS/images/3/6/1/3612706-th.jpg",
    "categories": ["bread-bakery"],
    "tags": ["packaged-bread-bakery", "pizza-bases"],
    "locations": {
      "vic": {
        "price": 3.5,
        "promoText": "Any 2 $5",
        "packageSize": "200g",
        "packagePrice": "$1.75 per 100G"
      }
    }
  },
  {
    "id": "genius-2-pack-brioche-burger-buns",
    "brand": "Genius",
    "name": "Gluten Free Soft Brioche Rolls",
    "imageUrl": "https://shop.coles.com.au/wcsstore/Coles-CAS/images/3/2/3/3237582-th.jpg",
    "categories": ["bread-bakery"],
    "tags": ["packaged-bread-bakery", "rolls-bagels"],
    "locations": {
      "vic": {
        "price": 3.5,
        "promoText": " ",
        "packageSize": "2 pack",
        "packagePrice": "$1.75 per 1Ea"
      }
    }
  },
  {
    "id": "genius-white-rolls-2-pack-",
    "brand": "Genius",
    "name": "Gluten Free Soft White Rolls",
    "imageUrl": "https://shop.coles.com.au/wcsstore/Coles-CAS/images/3/2/3/3237571-th.jpg",
    "categories": ["bread-bakery"],
    "tags": ["packaged-bread-bakery", "rolls-bagels"],
    "locations": {
      "vic": {
        "price": 3.5,
        "promoText": " ",
        "packageSize": "2 pack",
        "packagePrice": "$1.75 per 1Ea"
      }
    }
  },
  {
    "id": "coles-turkish-rolls-4pk",
    "brand": "Coles",
    "name": "Turkish Rolls 4 pack",
    "imageUrl": "https://shop.coles.com.au/wcsstore/Coles-CAS/images/3/7/8/3783709-th.jpg",
    "categories": ["bread-bakery"],
    "tags": ["packaged-bread-bakery", "rolls-bagels"],
    "locations": {
      "vic": {
        "price": 2.7,
        "promoText": " ",
        "packageSize": "400g",
        "packagePrice": "$0.68 per 100G"
      }
    }
  },
  {
    "id": "coles-rolls-white-round",
    "brand": "Coles",
    "name": "White Round Rolls",
    "imageUrl": "https://shop.coles.com.au/wcsstore/Coles-CAS/images/5/6/9/5697903-th.jpg",
    "categories": ["bread-bakery"],
    "tags": ["packaged-bread-bakery", "rolls-bagels"],
    "locations": {
      "vic": {
        "price": 3.5,
        "promoText": " ",
        "packageSize": "6 pack",
        "packagePrice": "$0.58 per 1Ea"
      }
    }
  },
  {
    "id": "coles-brioche-burger-bun-charcoal-2pk",
    "brand": "Coles Finest",
    "name": "By Laurent Charcoal Brioche Burger Buns",
    "imageUrl": "https://shop.coles.com.au/wcsstore/Coles-CAS/images/3/0/9/3092286-th.jpg",
    "categories": ["bread-bakery"],
    "tags": ["packaged-bread-bakery", "rolls-bagels"],
    "locations": {
      "vic": {
        "price": 2.7,
        "promoText": " ",
        "packageSize": "2 Pack",
        "packagePrice": "$1.35 per 1Ea"
      }
    }
  },
  {
    "id": "abes-bagels-sesame-seed",
    "brand": "Abe's Bagels",
    "name": "Sesame Seed Bagels 4 Pack",
    "imageUrl": "https://shop.coles.com.au/wcsstore/Coles-CAS/images/2/9/0/2901989-th.jpg",
    "categories": ["bread-bakery"],
    "tags": ["packaged-bread-bakery", "rolls-bagels"],
    "locations": {
      "vic": {
        "price": 5,
        "promoText": " ",
        "packageSize": "360g",
        "packagePrice": "$1.39 per 100G"
      }
    }
  },
  {
    "id": "coles-brioche-burger-bun-plain-seeded",
    "brand": "Coles Finest",
    "name": "By Laurent Traditional Brioche Burger Buns",
    "imageUrl": "https://shop.coles.com.au/wcsstore/Coles-CAS/images/3/3/2/3326161-th.jpg",
    "categories": ["bread-bakery"],
    "tags": ["packaged-bread-bakery", "rolls-bagels"],
    "locations": {
      "vic": {
        "price": 2.7,
        "promoText": " ",
        "packageSize": "2 pack",
        "packagePrice": "$1.35 per 1Ea"
      }
    }
  },
  {
    "id": "abes-everything-bagel-4pk",
    "brand": "Abe's Bagels",
    "name": "4 Pack",
    "imageUrl": "https://shop.coles.com.au/wcsstore/Coles-CAS/images/3/5/7/3576828-th.jpg",
    "categories": ["bread-bakery"],
    "tags": ["packaged-bread-bakery", "rolls-bagels"],
    "locations": {
      "vic": {
        "price": 5,
        "promoText": " ",
        "packageSize": "360g",
        "packagePrice": "$1.39 per 100G"
      }
    }
  },
  {
    "id": "coles-rolls-dinner-multigrain",
    "brand": "Coles",
    "name": "Multigrain Dinner Rolls 260g",
    "imageUrl": "https://shop.coles.com.au/wcsstore/Coles-CAS/images/1/5/9/1597124-th.jpg",
    "categories": ["bread-bakery"],
    "tags": ["packaged-bread-bakery", "rolls-bagels"],
    "locations": {
      "vic": {
        "price": 2,
        "promoText": "Was $2.25 on Feb 2020 ",
        "packageSize": "6 pack",
        "packagePrice": "$0.33 per 1Ea"
      }
    }
  },
  {
    "id": "abes-bagels-multigrain-4pk",
    "brand": "Abes",
    "name": "Bagels Multigrain 4 Pack",
    "imageUrl": "https://shop.coles.com.au/wcsstore/Coles-CAS/images/2/9/0/2901956-th.jpg",
    "categories": ["bread-bakery"],
    "tags": ["packaged-bread-bakery", "rolls-bagels"],
    "locations": {
      "vic": {
        "price": 5,
        "promoText": " ",
        "packageSize": "360g",
        "packagePrice": "$1.39 per 100G"
      }
    }
  },
  {
    "id": "tp-hand-plaited-butter-brioche-loaf-3377005p",
    "brand": "Tp",
    "name": "Hand Plaited Butter Brioche Loaf",
    "imageUrl": "https://shop.coles.com.au/wcsstore/Coles-CAS/images/3/3/7/3377005-th.jpg",
    "categories": ["bread-bakery"],
    "tags": ["packaged-bread-bakery", "rolls-bagels"],
    "locations": {
      "vic": {
        "price": 7,
        "promoText": " ",
        "packageSize": "400g",
        "packagePrice": "$1.75 per 100G"
      }
    }
  },
  {
    "id": "coles-flat-buns-moroccan-3233413p",
    "brand": "Coles",
    "name": "Moroccan Flat Buns 4 pack",
    "imageUrl": "https://shop.coles.com.au/wcsstore/Coles-CAS/images/3/2/3/3233413-th.jpg",
    "categories": ["bread-bakery"],
    "tags": ["packaged-bread-bakery", "rolls-bagels"],
    "locations": {
      "vic": {
        "price": 2.7,
        "promoText": " ",
        "packageSize": "320g",
        "packagePrice": "$0.84 per 100G"
      }
    }
  },
  {
    "id": "coles-gluten-fre-white-rolls-2pk",
    "brand": "Coles",
    "name": "Gluten Free White Rolls 2 pack",
    "imageUrl": "https://shop.coles.com.au/wcsstore/Coles-CAS/images/3/7/3/3733948-th.jpg",
    "categories": ["bread-bakery"],
    "tags": ["packaged-bread-bakery", "rolls-bagels"],
    "locations": {
      "vic": {
        "price": 3,
        "promoText": "Any 2 $5",
        "packageSize": "140g",
        "packagePrice": "$2.14 per 100G"
      }
    }
  },
  {
    "id": "tp-brioche-milk-rolls-with-choc-chips-3377016p",
    "brand": "Brioche",
    "name": "Chocolate Chip Milk Rolls 8 Pack",
    "imageUrl": "https://shop.coles.com.au/wcsstore/Coles-CAS/images/3/3/7/3377016-th.jpg",
    "categories": ["bread-bakery"],
    "tags": ["packaged-bread-bakery", "rolls-bagels"],
    "locations": {
      "vic": {
        "price": 5,
        "promoText": " ",
        "packageSize": "280g",
        "packagePrice": "$1.79 per 100G"
      }
    }
  },
  {
    "id": "coles-gluten-fre-five-sed-rolls-2pk",
    "brand": "Coles",
    "name": "Gluten Free Five Seed Rolls 2 pack",
    "imageUrl": "https://shop.coles.com.au/wcsstore/Coles-CAS/images/3/7/3/3733959-th.jpg",
    "categories": ["bread-bakery"],
    "tags": ["packaged-bread-bakery", "rolls-bagels"],
    "locations": {
      "vic": {
        "price": 3,
        "promoText": "Any 2 $5",
        "packageSize": "140g",
        "packagePrice": "$2.14 per 100G"
      }
    }
  },
  {
    "id": "meb-vitastic-turkish-rolls",
    "brand": "MEB Foods",
    "name": "Turkish Rolls 4 pack",
    "imageUrl": "https://shop.coles.com.au/wcsstore/Coles-CAS/images/9/9/9/9993588-th.jpg",
    "categories": ["bread-bakery"],
    "tags": ["packaged-bread-bakery", "rolls-bagels"],
    "locations": {
      "vic": {
        "price": 3.3,
        "promoText": " ",
        "packageSize": "450g",
        "packagePrice": "$0.73 per 100G"
      }
    }
  },
  {
    "id": "tp-brioche-swirls-with-choc-chips-3377027p",
    "brand": "Tp",
    "name": "Brioche Swirls With Choc Chips",
    "imageUrl": "https://shop.coles.com.au/wcsstore/Coles-CAS/images/3/3/7/3377027-th.jpg",
    "categories": ["bread-bakery"],
    "tags": ["packaged-bread-bakery", "rolls-bagels"],
    "locations": {
      "vic": {
        "price": 5,
        "promoText": " ",
        "packageSize": "300g",
        "packagePrice": "$1.67 per 100G"
      }
    }
  },
  {
    "id": "helgas-gluten-free-white-rolls",
    "brand": "Helga's",
    "name": "Gluten Free Traditional White Rolls 4 pack",
    "imageUrl": "https://shop.coles.com.au/wcsstore/Coles-CAS/images/3/2/3/3238053-th.jpg",
    "categories": ["bread-bakery"],
    "tags": ["packaged-bread-bakery", "rolls-bagels"],
    "locations": {
      "vic": {
        "price": 7,
        "promoText": " ",
        "packageSize": "320g",
        "packagePrice": "$2.19 per 100G"
      }
    }
  },
  {
    "id": "simsons-pantry-premium-white-wraps-4pack",
    "brand": "Simson's Pantry",
    "name": "Premium White Wraps 4 Pack",
    "imageUrl": "https://shop.coles.com.au/wcsstore/Coles-CAS/images/2/8/1/2815570-th.jpg",
    "categories": ["bread-bakery"],
    "tags": ["packaged-bread-bakery", "wraps-flatbread"],
    "locations": {
      "vic": {
        "price": 2.3,
        "promoText": "Any 2 $4",
        "packageSize": "180g",
        "packagePrice": "$1.28 per 100G"
      }
    }
  },
  {
    "id": "simsons-pantry-four-seeds-wraps-4-pack",
    "brand": "Simson's Pantry",
    "name": "Four Seeds Wraps 4 pack",
    "imageUrl": "https://shop.coles.com.au/wcsstore/Coles-CAS/images/2/8/1/2815581-th.jpg",
    "categories": ["bread-bakery"],
    "tags": ["packaged-bread-bakery", "wraps-flatbread"],
    "locations": {
      "vic": {
        "price": 2.3,
        "promoText": "Any 2 $4",
        "packageSize": "180g",
        "packagePrice": "$1.28 per 100G"
      }
    }
  },
  {
    "id": "simsons-pantry-summer-herb-wraps-4pack",
    "brand": "Simson's Pantry",
    "name": "Summer Herb Wraps 4 pack",
    "imageUrl": "https://shop.coles.com.au/wcsstore/Coles-CAS/images/2/8/1/2815592-th.jpg",
    "categories": ["bread-bakery"],
    "tags": ["packaged-bread-bakery", "wraps-flatbread"],
    "locations": {
      "vic": {
        "price": 2.3,
        "promoText": "Any 2 $4",
        "packageSize": "180g",
        "packagePrice": "$1.28 per 100G"
      }
    }
  },
  {
    "id": "simsons-pantry-wholegrain-wraps-8pack",
    "brand": "Simson's Pantry",
    "name": "Wholegrain Large Wraps 8 pack",
    "imageUrl": "https://shop.coles.com.au/wcsstore/Coles-CAS/images/2/8/1/2815617-th.jpg",
    "categories": ["bread-bakery"],
    "tags": ["packaged-bread-bakery", "wraps-flatbread"],
    "locations": {
      "vic": {
        "price": 4.2,
        "promoText": " ",
        "packageSize": "560g",
        "packagePrice": "$0.75 per 100G"
      }
    }
  },
  {
    "id": "coles-soft-wholemeal-wholegrain-wraps-8pk",
    "brand": "Coles",
    "name": "Soft Wholemeal & Wholegrain Wraps 8 pack",
    "imageUrl": "https://shop.coles.com.au/wcsstore/Coles-CAS/images/3/7/3/3731716-th.jpg",
    "categories": ["bread-bakery"],
    "tags": ["packaged-bread-bakery", "wraps-flatbread"],
    "locations": {
      "vic": {
        "price": 2,
        "promoText": "Was $2.30 on Mar 2020 ",
        "packageSize": "360g",
        "packagePrice": "$0.56 per 100G"
      }
    }
  },
  {
    "id": "meb-pita-souvlaki",
    "brand": "MEB Foods",
    "name": "Souvlaki & Pizza Pittes 6 Pieces",
    "imageUrl": "https://shop.coles.com.au/wcsstore/Coles-CAS/images/5/2/2/5229745-th.jpg",
    "categories": ["bread-bakery", "meat-seafood-deli"],
    "tags": ["packaged-bread-bakery", "wraps-flatbread"],
    "locations": {
      "vic": {
        "price": 3,
        "promoText": " ",
        "packageSize": "450g",
        "packagePrice": "$0.67 per 100G"
      }
    }
  },
  {
    "id": "coles-soft-white-wraps-8pk",
    "brand": "Coles",
    "name": "Soft White Wraps 8 pack",
    "imageUrl": "https://shop.coles.com.au/wcsstore/Coles-CAS/images/3/7/3/3731705-th.jpg",
    "categories": ["bread-bakery"],
    "tags": ["packaged-bread-bakery", "wraps-flatbread"],
    "locations": {
      "vic": {
        "price": 2,
        "promoText": "Was $2.30 on Mar 2020 ",
        "packageSize": "360g",
        "packagePrice": "$0.56 per 100G"
      }
    }
  },
  {
    "id": "meb-pita-khobz-wholemeal",
    "brand": "MEB Foods",
    "name": "Wholemeal Pita Khobz 5 pack",
    "imageUrl": "https://shop.coles.com.au/wcsstore/Coles-CAS/images/1/0/1/101030-th.jpg",
    "categories": ["bread-bakery"],
    "tags": ["packaged-bread-bakery", "wraps-flatbread"],
    "locations": {
      "vic": {
        "price": 3,
        "promoText": " ",
        "packageSize": "500g",
        "packagePrice": "$0.60 per 100G"
      }
    }
  },
  {
    "id": "meb-pita-khobz-white",
    "brand": "MEB Foods",
    "name": "White Pita Khobz 5 pack",
    "imageUrl": "https://shop.coles.com.au/wcsstore/Coles-CAS/images/1/0/1/101019-th.jpg",
    "categories": ["bread-bakery"],
    "tags": ["packaged-bread-bakery", "wraps-flatbread"],
    "locations": {
      "vic": {
        "price": 3,
        "promoText": " ",
        "packageSize": "500g",
        "packagePrice": "$0.60 per 100G"
      }
    }
  },
  {
    "id": "meb-pita-pockets-white",
    "brand": "MEB",
    "name": "White Pita Pockets 6 pack",
    "imageUrl": "https://shop.coles.com.au/wcsstore/Coles-CAS/images/1/0/1/101041-th.jpg",
    "categories": ["bread-bakery"],
    "tags": ["packaged-bread-bakery", "wraps-flatbread"],
    "locations": {
      "vic": {
        "price": 2,
        "promoText": " ",
        "packageSize": "250g",
        "packagePrice": "$0.80 per 100G"
      }
    }
  },
  {
    "id": "meb-pita-pockets-wholemeal",
    "brand": "MEB Foods",
    "name": "Wholemeal Pita Pockets 6 pack",
    "imageUrl": "https://shop.coles.com.au/wcsstore/Coles-CAS/images/4/8/3/483334-th.jpg",
    "categories": ["bread-bakery"],
    "tags": ["packaged-bread-bakery", "wraps-flatbread"],
    "locations": {
      "vic": {
        "price": 2,
        "promoText": " ",
        "packageSize": "250g",
        "packagePrice": "$0.80 per 100G"
      }
    }
  },
  {
    "id": "wonder-wraps-wraps-hi-fibre-plus-6-pack",
    "brand": "Wonder White",
    "name": "Hi Fibre Soft Wraps 6 pack",
    "imageUrl": "https://shop.coles.com.au/wcsstore/Coles-CAS/images/1/7/0/1704600-th.jpg",
    "categories": ["bread-bakery"],
    "tags": ["packaged-bread-bakery", "wraps-flatbread"],
    "locations": {
      "vic": {
        "price": 4,
        "promoText": " ",
        "packageSize": "312g",
        "packagePrice": "$1.28 per 100G"
      }
    }
  },
  {
    "id": "helgas-continental-bakehouse-lower-carb-wholemeal-wraps",
    "brand": "Helga's",
    "name": "Low Carb Wholemeal Wraps 5 pack",
    "imageUrl": "https://shop.coles.com.au/wcsstore/Coles-CAS/images/2/7/3/2738232-th.jpg",
    "categories": ["bread-bakery"],
    "tags": ["packaged-bread-bakery", "wraps-flatbread"],
    "locations": {
      "vic": {
        "price": 4,
        "promoText": "$1.00 ",
        "packageSize": "250g",
        "packagePrice": "$1.60 per 100G"
      }
    }
  },
  {
    "id": "helgas-sourdough-wraps-7-pack",
    "brand": "Helga's",
    "name": "Sourdough Large Wraps 7 pack",
    "imageUrl": "https://shop.coles.com.au/wcsstore/Coles-CAS/images/3/5/6/3566631-th.jpg",
    "categories": ["bread-bakery"],
    "tags": ["packaged-bread-bakery", "wraps-flatbread"],
    "locations": {
      "vic": {
        "price": 4,
        "promoText": "$1.00 ",
        "packageSize": "490g",
        "packagePrice": "$0.82 per 100G"
      }
    }
  },
  {
    "id": "mission-organic-wrap-wholemeal-8",
    "brand": "Mission",
    "name": "Organic Wholemeal Wraps 5 Pack",
    "imageUrl": "https://shop.coles.com.au/wcsstore/Coles-CAS/images/3/6/3/3639633-th.jpg",
    "categories": ["bread-bakery"],
    "tags": ["packaged-bread-bakery", "wraps-flatbread"],
    "locations": {
      "vic": {
        "price": 5,
        "promoText": " ",
        "packageSize": "240g",
        "packagePrice": "$2.08 per 100G"
      }
    }
  },
  {
    "id": "mission-wraps-low-gi-wholemeal-6-pack",
    "brand": "Mission",
    "name": "Low GI Wraps 6 Pack",
    "imageUrl": "https://shop.coles.com.au/wcsstore/Coles-CAS/images/3/3/1/3313760-th.jpg",
    "categories": ["bread-bakery"],
    "tags": ["packaged-bread-bakery", "wraps-flatbread"],
    "locations": {
      "vic": {
        "price": 5,
        "promoText": " ",
        "packageSize": "425g",
        "packagePrice": "$1.18 per 100G"
      }
    }
  },
  {
    "id": "mission-gluten-fre-wrap",
    "brand": "Mission",
    "name": "Gluten Free Wrap",
    "imageUrl": "https://shop.coles.com.au/wcsstore/Coles-CAS/images/3/7/6/3762607-th.jpg",
    "categories": ["bread-bakery"],
    "tags": ["packaged-bread-bakery", "wraps-flatbread"],
    "locations": {
      "vic": {
        "price": 5.5,
        "promoText": " ",
        "packageSize": "225g",
        "packagePrice": "$2.44 per 100G"
      }
    }
  },
  {
    "id": "simsons-panrty-wraps-thai-chilli-lime-8-pack",
    "brand": "Simson's Pantry",
    "name": "Lime & Chilli Large Wraps 8 pack",
    "imageUrl": "https://shop.coles.com.au/wcsstore/Coles-CAS/images/3/2/0/3207570-th.jpg",
    "categories": ["bread-bakery"],
    "tags": ["packaged-bread-bakery", "wraps-flatbread"],
    "locations": {
      "vic": {
        "price": 4.2,
        "promoText": " ",
        "packageSize": "560g",
        "packagePrice": "$0.75 per 100G"
      }
    }
  },
  {
    "id": "coles-turkish-style-lavash-wraps-6-pack",
    "brand": "Coles",
    "name": "Lavash Wraps 6 Pack",
    "imageUrl": "https://shop.coles.com.au/wcsstore/Coles-CAS/images/3/6/2/3626846-th.jpg",
    "categories": ["bread-bakery"],
    "tags": ["packaged-bread-bakery", "wraps-flatbread"],
    "locations": {
      "vic": {
        "price": 2.7,
        "promoText": " ",
        "packageSize": "225g",
        "packagePrice": "$1.20 per 100G"
      }
    }
  },
  {
    "id": "meb-fresh-white-wraps-",
    "brand": "MEB",
    "name": "Fresh White Wraps",
    "imageUrl": "https://shop.coles.com.au/wcsstore/Coles-CAS/images/3/6/5/3657180-th.jpg",
    "categories": ["bread-bakery"],
    "tags": ["packaged-bread-bakery", "wraps-flatbread"],
    "locations": {
      "vic": {
        "price": 3,
        "promoText": " ",
        "packageSize": "250g",
        "packagePrice": "$1.20 per 100G"
      }
    }
  },
  {
    "id": "mission-wholemeal-roti",
    "brand": "Mission",
    "name": "Wholemeal Roti 4 Pack",
    "imageUrl": "https://shop.coles.com.au/wcsstore/Coles-CAS/images/3/6/3/3639611-th.jpg",
    "categories": ["bread-bakery"],
    "tags": ["packaged-bread-bakery", "wraps-flatbread"],
    "locations": {
      "vic": {
        "price": 3.3,
        "promoText": " ",
        "packageSize": "240g",
        "packagePrice": "$1.38 per 100G"
      }
    }
  },
  {
    "id": "genius-gluten-free-wraps",
    "brand": "Genius",
    "name": "Gluten Free Wraps",
    "imageUrl": "https://shop.coles.com.au/wcsstore/Coles-CAS/images/3/6/2/3627306-th.jpg",
    "categories": ["bread-bakery"],
    "tags": ["packaged-bread-bakery", "wraps-flatbread"],
    "locations": {
      "vic": {
        "price": 6,
        "promoText": " ",
        "packageSize": "4 pack",
        "packagePrice": "$1.50 per 1Ea"
      }
    }
  },
  {
    "id": "meb-greek-pita-",
    "brand": "MEB",
    "name": "Greek Pita",
    "imageUrl": "https://shop.coles.com.au/wcsstore/ColesResponsiveStorefrontAssetStore/dist/ccfc54aed6e361b650bcf0582f7b576b/img/img_product-placeholder.png",
    "categories": ["bread-bakery"],
    "tags": ["packaged-bread-bakery", "wraps-flatbread"],
    "locations": {
      "vic": {
        "price": 3,
        "promoText": " ",
        "packageSize": "375g",
        "packagePrice": "$0.80 per 100G"
      }
    }
  },
  {
    "id": "mission-protein-wholemeal-wraps-8",
    "brand": "Mission",
    "name": "Wholemeal Protein Wraps 6 pack",
    "imageUrl": "https://shop.coles.com.au/wcsstore/Coles-CAS/images/3/6/3/3639586-th.jpg",
    "categories": ["bread-bakery"],
    "tags": ["packaged-bread-bakery", "wraps-flatbread"],
    "locations": {
      "vic": {
        "price": 4,
        "promoText": "$1.00 ",
        "packageSize": "288g",
        "packagePrice": "$1.39 per 100G"
      }
    }
  },
  {
    "id": "simsons-pantry-wholegrain-super-barley-5pk",
    "brand": "Simson's Pantry",
    "name": "Wholegrain Super Barley 5 pack",
    "imageUrl": "https://shop.coles.com.au/wcsstore/Coles-CAS/images/3/6/6/3665520-th.jpg",
    "categories": ["bread-bakery"],
    "tags": ["packaged-bread-bakery", "wraps-flatbread"],
    "locations": {
      "vic": {
        "price": 5,
        "promoText": " ",
        "packageSize": "225g",
        "packagePrice": "$2.22 per 100G"
      }
    }
  },
  {
    "id": "simson-s-pantry-low-carb-high-protein-5pk",
    "brand": "Simson's Pantry",
    "name": "Low Carb High Protein 5 pack",
    "imageUrl": "https://shop.coles.com.au/wcsstore/Coles-CAS/images/3/7/5/3758938-th.jpg",
    "categories": ["bread-bakery"],
    "tags": ["packaged-bread-bakery", "wraps-flatbread"],
    "locations": {
      "vic": {
        "price": 5,
        "promoText": " ",
        "packageSize": "225g",
        "packagePrice": "$2.22 per 100G"
      }
    }
  },
  {
    "id": "meb-wraps-zatar",
    "brand": "MEB Foods",
    "name": "Zaatar Wraps",
    "imageUrl": "https://shop.coles.com.au/wcsstore/ColesResponsiveStorefrontAssetStore/dist/ccfc54aed6e361b650bcf0582f7b576b/img/img_product-placeholder.png",
    "categories": ["bread-bakery"],
    "tags": ["packaged-bread-bakery", "wraps-flatbread"],
    "locations": {
      "vic": {
        "price": 5.2,
        "promoText": " ",
        "packageSize": "300g",
        "packagePrice": "$1.73 per 100G"
      }
    }
  },
  {
    "id": "simson-s-pantry-hemp-chia-and-oat-5pk",
    "brand": "Simson's Pantry",
    "name": "Hemp Chia And Oat 5 pack",
    "imageUrl": "https://shop.coles.com.au/wcsstore/Coles-CAS/images/3/7/5/3758949-th.jpg",
    "categories": ["bread-bakery"],
    "tags": ["packaged-bread-bakery", "wraps-flatbread"],
    "locations": {
      "vic": {
        "price": 4,
        "promoText": "$1.00 ",
        "packageSize": "225g",
        "packagePrice": "$1.78 per 100G"
      }
    }
  },
  {
    "id": "coles-cupcakes-red-velvet-4pk",
    "brand": "Coles",
    "name": "Red Velvet Cupcakes 4 pack",
    "imageUrl": "https://shop.coles.com.au/wcsstore/Coles-CAS/images/3/7/5/3757039-th.jpg",
    "categories": ["bread-bakery"],
    "tags": ["from-our-bakery", "cupcakes-muffins"],
    "locations": {
      "vic": {
        "price": 4,
        "promoText": " ",
        "packageSize": "288g",
        "packagePrice": "$1.39 per 100G"
      }
    }
  },
  {
    "id": "coles-cupcakes-cokies-cream-4pk",
    "brand": "Coles",
    "name": "Cookies & Cream Cupcakes 4 pack",
    "imageUrl": "https://shop.coles.com.au/wcsstore/Coles-CAS/images/3/7/5/3757040-th.jpg",
    "categories": ["bread-bakery"],
    "tags": ["from-our-bakery", "cupcakes-muffins"],
    "locations": {
      "vic": {
        "price": 4,
        "promoText": " ",
        "packageSize": "288g",
        "packagePrice": "$1.39 per 100G"
      }
    }
  },
  {
    "id": "coles-cupcakes-chocolate-4pk",
    "brand": "Coles",
    "name": "Chocolate Cupcakes 4 pack",
    "imageUrl": "https://shop.coles.com.au/wcsstore/Coles-CAS/images/3/7/5/3757028-th.jpg",
    "categories": ["bread-bakery"],
    "tags": ["from-our-bakery", "cupcakes-muffins"],
    "locations": {
      "vic": {
        "price": 4,
        "promoText": " ",
        "packageSize": "288g",
        "packagePrice": "$1.39 per 100G"
      }
    }
  },
  {
    "id": "coles-vanilla-mini-cupcakes-9pk",
    "brand": "Coles",
    "name": "Vanilla Mini Cupcakes 9 pack",
    "imageUrl": "https://shop.coles.com.au/wcsstore/Coles-CAS/images/3/7/5/3757061-th.jpg",
    "categories": ["bread-bakery"],
    "tags": ["from-our-bakery", "cupcakes-muffins"],
    "locations": {
      "vic": {
        "price": 4,
        "promoText": " ",
        "packageSize": "216g",
        "packagePrice": "$1.85 per 100G"
      }
    }
  },
  {
    "id": "coles-brioche-slider-bun-8pk",
    "brand": "Coles Bakery",
    "name": "Brioche Slider Bun 8 Pack",
    "imageUrl": "https://shop.coles.com.au/wcsstore/Coles-CAS/images/3/5/7/3572306-th.jpg",
    "categories": ["bread-bakery"],
    "tags": ["from-our-bakery", "rolls-buns"],
    "locations": {
      "vic": {
        "price": 2.7,
        "promoText": " ",
        "packageSize": "190g",
        "packagePrice": "$1.42 per 100G"
      }
    }
  },
  {
    "id": "simply-gluten-free-hot-cross-bun",
    "brand": "Coles",
    "name": "Gluten Free Hot Cross Buns",
    "imageUrl": "https://shop.coles.com.au/wcsstore/Coles-CAS/images/2/1/5/2151970-th.jpg",
    "categories": ["bread-bakery"],
    "tags": ["from-our-bakery", "bakery-hot-cross-buns"],
    "locations": {
      "vic": {
        "price": 3.5,
        "promoText": " ",
        "packageSize": "3 pack",
        "packagePrice": "$1.17 per 1Ea"
      }
    }
  },
  {
    "id": "coles-hot-cross-buns-toffee-apple",
    "brand": "Coles",
    "name": "Toffee Apple Hot Cross Buns",
    "imageUrl": "https://shop.coles.com.au/wcsstore/Coles-CAS/images/3/6/6/3667606-th.jpg",
    "categories": ["bread-bakery"],
    "tags": ["from-our-bakery", "bakery-hot-cross-buns"],
    "locations": {
      "vic": {
        "price": 2,
        "promoText": " ",
        "packageSize": "4 pack",
        "packagePrice": "$0.50 per 1Ea"
      }
    }
  },
  {
    "id": "apples-pink-lady-loose",
    "brand": "Coles",
    "name": "Pink Lady Apples Loose",
    "imageUrl": "https://shop.coles.com.au/wcsstore/Coles-CAS/images/5/1/1/5111654-th.jpg",
    "categories": ["fruit-vegetables"],
    "tags": ["fruit", "apples"],
    "locations": {
      "vic": {
        "price": 1.1,
        "promoText": " ",
        "packageSize": "Approx. 200g",
        "packagePrice": "$5.50 per 1Kg"
      }
    }
  },
  {
    "id": "apples-pink-lady-prepacked",
    "brand": "Coles",
    "name": "Pink Lady Apples Prepacked",
    "imageUrl": "https://shop.coles.com.au/wcsstore/Coles-CAS/images/4/4/3/4438477-th.jpg",
    "categories": ["fruit-vegetables"],
    "tags": ["fruit", "apples"],
    "locations": {
      "vic": {
        "price": 5.5,
        "promoText": " ",
        "packageSize": "1kg",
        "packagePrice": "$5.50 per 1Kg"
      }
    }
  },
  {
    "id": "apples-granny-smith-loose",
    "brand": "Coles",
    "name": "Granny Smith Apples",
    "imageUrl": "https://shop.coles.com.au/wcsstore/Coles-CAS/images/4/0/8/408554-th.jpg",
    "categories": ["fruit-vegetables"],
    "tags": ["fruit", "apples"],
    "locations": {
      "vic": {
        "price": 0.88,
        "promoText": " ",
        "packageSize": "Approx. 180g",
        "packagePrice": "$4.90 per 1Kg"
      }
    }
  },
  {
    "id": "apples-royal-gala-loose",
    "brand": "Coles",
    "name": "Royal Gala Apples Loose",
    "imageUrl": "https://shop.coles.com.au/wcsstore/Coles-CAS/images/5/2/2/5226000-th.jpg",
    "categories": ["fruit-vegetables"],
    "tags": ["fruit", "apples"],
    "locations": {
      "vic": {
        "price": 0.78,
        "promoText": " ",
        "packageSize": "Approx. 160g",
        "packagePrice": "$4.90 per 1Kg"
      }
    }
  },
  {
    "id": "coles-fresh-kids-pack-apples",
    "brand": "Coles",
    "name": "Apples Kids Pack",
    "imageUrl": "https://shop.coles.com.au/wcsstore/Coles-CAS/images/2/5/1/2511678-th.jpg",
    "categories": ["fruit-vegetables"],
    "tags": ["fruit", "apples"],
    "locations": {
      "vic": {
        "price": 3.9,
        "promoText": " ",
        "packageSize": "1kg",
        "packagePrice": "$3.90 per 1Kg"
      }
    }
  },
  {
    "id": "apples-granny-smith-prepacked",
    "brand": "Coles",
    "name": "Granny Smith Apples Prepacked",
    "imageUrl": "https://shop.coles.com.au/wcsstore/Coles-CAS/images/4/4/3/4438740-th.jpg",
    "categories": ["fruit-vegetables"],
    "tags": ["fruit", "apples"],
    "locations": {
      "vic": {
        "price": 4.9,
        "promoText": " ",
        "packageSize": "1kg",
        "packagePrice": "$4.90 per 1Kg"
      }
    }
  },
  {
    "id": "coles-fresh-kanzi-apples",
    "brand": "Coles",
    "name": "Kanzi Apples",
    "imageUrl": "https://shop.coles.com.au/wcsstore/Coles-CAS/images/8/5/5/8559542-th.jpg",
    "categories": ["fruit-vegetables"],
    "tags": ["fruit", "apples"],
    "locations": {
      "vic": {
        "price": 1.43,
        "promoText": " ",
        "packageSize": "approx. 220g",
        "packagePrice": "$6.50 per 1Kg"
      }
    }
  },
  {
    "id": "part_1015080P",
    "brand": "Coles",
    "name": "Eve Apples",
    "imageUrl": "https://shop.coles.com.au/wcsstore/Coles-CAS/images/1/0/1/1015080-th.jpg",
    "categories": ["fruit-vegetables"],
    "tags": ["fruit", "apples"],
    "locations": {
      "vic": {
        "price": 5.4,
        "promoText": " ",
        "packageSize": "",
        "packagePrice": "$5.40 per 1Kg"
      }
    }
  },
  {
    "id": "pears-beurre-bosc-loose",
    "brand": "Coles",
    "name": "Beurre Bosc Pears",
    "imageUrl": "https://shop.coles.com.au/wcsstore/Coles-CAS/images/4/0/9/409987-th.jpg",
    "categories": ["fruit-vegetables"],
    "tags": ["fruit", "pears"],
    "locations": {
      "vic": {
        "price": 0.67,
        "promoText": " ",
        "packageSize": "approx. 230g",
        "packagePrice": "$2.90 per 1Kg"
      }
    }
  },
  {
    "id": "fresh-corella-pears-429000p",
    "brand": "Coles",
    "name": "Corella Pears",
    "imageUrl": "https://shop.coles.com.au/wcsstore/Coles-CAS/images/4/2/9/429000-th.jpg",
    "categories": ["fruit-vegetables"],
    "tags": ["fruit", "pears"],
    "locations": {
      "vic": {
        "price": 0.53,
        "promoText": " ",
        "packageSize": "approx. 150g",
        "packagePrice": "$3.50 per 1Kg"
      }
    }
  },
  {
    "id": "coles-fresh-kids-pack-pears",
    "brand": "Coles",
    "name": "Kids Pack Pears",
    "imageUrl": "https://shop.coles.com.au/wcsstore/Coles-CAS/images/2/5/1/2511656-th.jpg",
    "categories": ["fruit-vegetables"],
    "tags": ["fruit", "pears"],
    "locations": {
      "vic": {
        "price": 3.5,
        "promoText": " ",
        "packageSize": "1kg",
        "packagePrice": "$3.50 per 1Kg"
      }
    }
  },
  {
    "id": "part_9177982P",
    "brand": "Coles",
    "name": "Brown Nashi Pears",
    "imageUrl": "https://shop.coles.com.au/wcsstore/Coles-CAS/images/9/1/7/9177982-th.jpg",
    "categories": ["fruit-vegetables"],
    "tags": ["fruit", "pears"],
    "locations": {
      "vic": {
        "price": 1.59,
        "promoText": " ",
        "packageSize": "approx. 230g",
        "packagePrice": "$6.90 per 1Kg"
      }
    }
  },
  {
    "id": "coles-fresh-bananas---loose",
    "brand": "Coles",
    "name": "Bananas",
    "imageUrl": "https://shop.coles.com.au/wcsstore/Coles-CAS/images/4/0/9/409499-th.jpg",
    "categories": ["fruit-vegetables"],
    "tags": ["fruit", "fresh-bananas"],
    "locations": {
      "vic": {
        "price": 0.45,
        "promoText": " ",
        "packageSize": "approx. 180g",
        "packagePrice": "$2.50 per 1Kg"
      }
    }
  },
  {
    "id": "coles-fresh-kids-pack-bananas",
    "brand": "Coles",
    "name": "Kids Pack Bananas",
    "imageUrl": "https://shop.coles.com.au/wcsstore/Coles-CAS/images/2/5/1/2511791-th.jpg",
    "categories": ["fruit-vegetables"],
    "tags": ["fruit", "fresh-bananas"],
    "locations": {
      "vic": {
        "price": 2.9,
        "promoText": " ",
        "packageSize": "750g",
        "packagePrice": "$3.87 per 1Kg"
      }
    }
  },
  {
    "id": "coles-fresh-bananas---lady-finger-loose",
    "brand": "Coles",
    "name": "Lady Finger Bananas",
    "imageUrl": "https://shop.coles.com.au/wcsstore/Coles-CAS/images/1/3/2/132056-th.jpg",
    "categories": ["fruit-vegetables"],
    "tags": ["fruit", "fresh-bananas"],
    "locations": {
      "vic": {
        "price": 1.2,
        "promoText": " ",
        "packageSize": "Approx. 160g",
        "packagePrice": "$7.50 per 1Kg"
      }
    }
  },
  {
    "id": "strawberries-fresh-prepacked-5191256p",
    "brand": "Coles",
    "name": "Strawberries Prepacked",
    "imageUrl": "https://shop.coles.com.au/wcsstore/Coles-CAS/images/5/1/9/5191256-th.jpg",
    "categories": ["fruit-vegetables"],
    "tags": ["fruit", "berries-cherries"],
    "locations": {
      "vic": {
        "price": 4,
        "promoText": " ",
        "packageSize": "250g",
        "packagePrice": "$16.00 per 1Kg"
      }
    }
  },
  {
    "id": "blueberries-prepacked",
    "brand": "Coles",
    "name": "Blueberries Prepacked",
    "imageUrl": "https://shop.coles.com.au/wcsstore/Coles-CAS/images/5/5/4/5543535-th.jpg",
    "categories": ["fruit-vegetables"],
    "tags": ["fruit", "berries-cherries"],
    "locations": {
      "vic": {
        "price": 4,
        "promoText": " ",
        "packageSize": "125g",
        "packagePrice": "$32.00 per 1Kg"
      }
    }
  },
  {
    "id": "raspberries-prepacked",
    "brand": "Coles",
    "name": "Raspberries",
    "imageUrl": "https://shop.coles.com.au/wcsstore/Coles-CAS/images/1/3/4/134029-th.jpg",
    "categories": ["fruit-vegetables"],
    "tags": ["fruit", "berries-cherries"],
    "locations": {
      "vic": {
        "price": 7,
        "promoText": " ",
        "packageSize": "125g",
        "packagePrice": "$56.00 per 1Kg"
      }
    }
  },
  {
    "id": "coles-fresh-red-cherries-prepacked",
    "brand": "Coles",
    "name": "Red Cherries Prepacked",
    "imageUrl": "https://shop.coles.com.au/wcsstore/Coles-CAS/images/1/3/2/1325452-th.jpg",
    "categories": ["fruit-vegetables"],
    "tags": ["fruit", "berries-cherries"],
    "locations": {
      "vic": {
        "price": 7.9,
        "promoText": " ",
        "packageSize": "300g",
        "packagePrice": "$26.33 per 1Kg"
      }
    }
  },
  {
    "id": "grapes-red-seedless",
    "brand": "Coles",
    "name": "Red Seedless Grapes",
    "imageUrl": "https://shop.coles.com.au/wcsstore/Coles-CAS/images/6/7/0/6706191-th.jpg",
    "categories": ["fruit-vegetables"],
    "tags": ["fruit", "grapes"],
    "locations": {
      "vic": {
        "price": 2.8,
        "promoText": " ",
        "packageSize": "approx. 800g",
        "packagePrice": "$3.50 per 1Kg"
      }
    }
  },
  {
    "id": "part_6706395P",
    "brand": "Coles",
    "name": "White Seedless Grapes Loose",
    "imageUrl": "https://shop.coles.com.au/wcsstore/Coles-CAS/images/6/7/0/6706395-th.jpg",
    "categories": ["fruit-vegetables"],
    "tags": ["fruit", "grapes"],
    "locations": {
      "vic": {
        "price": 12.64,
        "promoText": " ",
        "packageSize": "approx. 800g",
        "packagePrice": "$15.80 per 1Kg"
      }
    }
  },
  {
    "id": "oranges-navel-loose",
    "brand": "Coles",
    "name": "Medium Navel Oranges",
    "imageUrl": "https://shop.coles.com.au/wcsstore/Coles-CAS/images/4/2/5/4255717-th.jpg",
    "categories": ["fruit-vegetables"],
    "tags": ["fruit", "oranges"],
    "locations": {
      "vic": {
        "price": 0.7,
        "promoText": " ",
        "packageSize": "Approx. 180g",
        "packagePrice": "$3.90 per 1Kg"
      }
    }
  },
  {
    "id": "grapefruit-ruby-red-loose-5323153p",
    "brand": "Coles",
    "name": "Large Grapefruit Ruby Red",
    "imageUrl": "https://shop.coles.com.au/wcsstore/Coles-CAS/images/5/3/2/5323153-th.jpg",
    "categories": ["fruit-vegetables"],
    "tags": ["fruit", "grapefruit"],
    "locations": {
      "vic": {
        "price": 1.79,
        "promoText": " ",
        "packageSize": "Approx. 460g",
        "packagePrice": "$3.90 per 1Kg"
      }
    }
  },
  {
    "id": "part_409750P",
    "brand": "Coles",
    "name": "Imperial Mandarins",
    "imageUrl": "https://shop.coles.com.au/wcsstore/Coles-CAS/images/4/0/9/409750-th.jpg",
    "categories": ["fruit-vegetables"],
    "tags": ["fruit", "mandarins"],
    "locations": {
      "vic": {
        "price": 0.68,
        "promoText": " ",
        "packageSize": "approx. 150g",
        "packagePrice": "$4.50 per 1Kg"
      }
    }
  },
  {
    "id": "mandarins-clementine-loose-5321340p",
    "brand": "Coles",
    "name": "Clementine Mandarins",
    "imageUrl": "https://shop.coles.com.au/wcsstore/Coles-CAS/images/5/3/2/5321340-th.jpg",
    "categories": ["fruit-vegetables"],
    "tags": ["fruit", "mandarins"],
    "locations": {
      "vic": {
        "price": 0.64,
        "promoText": " ",
        "packageSize": "approx. 130g",
        "packagePrice": "$4.90 per 1Kg"
      }
    }
  },
  {
    "id": "lemons-loose",
    "brand": "Coles",
    "name": "Medium Lemons",
    "imageUrl": "https://shop.coles.com.au/wcsstore/Coles-CAS/images/5/3/1/5318302-th.jpg",
    "categories": ["fruit-vegetables"],
    "tags": ["fruit", "lemons-limes"],
    "locations": {
      "vic": {
        "price": 0.9,
        "promoText": " ",
        "packageSize": "",
        "packagePrice": "$0.90 per 1Ea"
      }
    }
  },
  {
    "id": "lemons-fresh",
    "brand": "Coles",
    "name": "Medium Lemons Prepacked",
    "imageUrl": "https://shop.coles.com.au/wcsstore/Coles-CAS/images/4/0/9/409728-th.jpg",
    "categories": ["fruit-vegetables"],
    "tags": ["fruit", "lemons-limes"],
    "locations": {
      "vic": {
        "price": 3.5,
        "promoText": " ",
        "packageSize": "5 pack",
        "packagePrice": "$0.70 per 1Ea"
      }
    }
  },
  {
    "id": "limes-loose",
    "brand": "Coles",
    "name": "Limes Medium Loose",
    "imageUrl": "https://shop.coles.com.au/wcsstore/Coles-CAS/images/1/9/7/197594-th.jpg",
    "categories": ["fruit-vegetables"],
    "tags": ["fruit", "lemons-limes"],
    "locations": {
      "vic": {
        "price": 1.4,
        "promoText": " ",
        "packageSize": "",
        "packagePrice": "$1.40 per 1Ea"
      }
    }
  },
  {
    "id": "fresh-lemons-5-pack",
    "brand": "Coles",
    "name": "Zesting Lemons Prepacked",
    "imageUrl": "https://shop.coles.com.au/wcsstore/Coles-CAS/images/2/9/9/2993910-th.jpg",
    "categories": ["fruit-vegetables"],
    "tags": ["fruit", "lemons-limes"],
    "locations": {
      "vic": {
        "price": 3.5,
        "promoText": " ",
        "packageSize": "5 pack",
        "packagePrice": "$0.70 per 1Ea"
      }
    }
  },
  {
    "id": "pineapple-topless",
    "brand": "Coles",
    "name": "Topless Pineapple",
    "imageUrl": "https://shop.coles.com.au/wcsstore/Coles-CAS/images/5/6/0/5606330-th.jpg",
    "categories": ["fruit-vegetables"],
    "tags": ["fruit", "pineapples"],
    "locations": {
      "vic": {
        "price": 3.9,
        "promoText": " ",
        "packageSize": "",
        "packagePrice": "$3.90 per 1Ea"
      }
    }
  },
  {
    "id": "pineapple-topless-half",
    "brand": "Coles",
    "name": "Topless Pineapple Half",
    "imageUrl": "https://shop.coles.com.au/wcsstore/Coles-CAS/images/5/5/3/5536948-th.jpg",
    "categories": ["fruit-vegetables"],
    "tags": ["fruit", "pineapples"],
    "locations": {
      "vic": {
        "price": 2.5,
        "promoText": " ",
        "packageSize": "",
        "packagePrice": "$2.50 per 1Ea"
      }
    }
  },
  {
    "id": "passionfruit-loose",
    "brand": "Coles",
    "name": "Passionfruit",
    "imageUrl": "https://shop.coles.com.au/wcsstore/Coles-CAS/images/4/0/9/409896-th.jpg",
    "categories": ["fruit-vegetables"],
    "tags": ["fruit", "passionfruit"],
    "locations": {
      "vic": {
        "price": 0.9,
        "promoText": " ",
        "packageSize": "",
        "packagePrice": "$0.90 per 1Ea"
      }
    }
  },
  {
    "id": "watermelon-seedless-whole",
    "brand": "Coles",
    "name": "Seedless Watermelon Cut",
    "imageUrl": "https://shop.coles.com.au/wcsstore/Coles-CAS/images/7/5/0/7508229-th.jpg",
    "categories": ["fruit-vegetables"],
    "tags": ["fruit", "fresh-melons"],
    "locations": {
      "vic": {
        "price": 4.93,
        "promoText": " ",
        "packageSize": "approx 1.7 Kg",
        "packagePrice": "$2.90 per 1Kg"
      }
    }
  },
  {
    "id": "rockmelon-whole",
    "brand": "Coles",
    "name": "Rockmelon Whole",
    "imageUrl": "https://shop.coles.com.au/wcsstore/Coles-CAS/images/4/2/8/428915-th.jpg",
    "categories": ["fruit-vegetables"],
    "tags": ["fruit", "fresh-melons"],
    "locations": {
      "vic": {
        "price": 3,
        "promoText": " ",
        "packageSize": "",
        "packagePrice": "$3.00 per 1Ea"
      }
    }
  },
  {
    "id": "rockmelon-half",
    "brand": "Coles",
    "name": "Rockmelon Half",
    "imageUrl": "https://shop.coles.com.au/wcsstore/Coles-CAS/images/5/5/3/5536970-th.jpg",
    "categories": ["fruit-vegetables"],
    "tags": ["fruit", "fresh-melons"],
    "locations": {
      "vic": {
        "price": 1.9,
        "promoText": " ",
        "packageSize": "",
        "packagePrice": "$1.90 per 1Ea"
      }
    }
  },
  {
    "id": "honeydew-melon-whole",
    "brand": "Coles",
    "name": "Honeydew Melon Whole",
    "imageUrl": "https://shop.coles.com.au/wcsstore/Coles-CAS/images/5/9/4/5945620-th.jpg",
    "categories": ["fruit-vegetables"],
    "tags": ["fruit", "fresh-melons"],
    "locations": {
      "vic": {
        "price": 3.9,
        "promoText": " ",
        "packageSize": "",
        "packagePrice": "$3.90 per 1Ea"
      }
    }
  },
  {
    "id": "watermelon-seedless-cut",
    "brand": "Coles",
    "name": "Watermelon Seedless Whole",
    "imageUrl": "https://shop.coles.com.au/wcsstore/Coles-CAS/images/4/2/0/4205264-th.jpg",
    "categories": ["fruit-vegetables"],
    "tags": ["fruit", "fresh-melons"],
    "locations": {
      "vic": {
        "price": 21.75,
        "promoText": " ",
        "packageSize": "approx. 7.5kg",
        "packagePrice": "$2.90 per 1Kg"
      }
    }
  },
  {
    "id": "coles-fresh-kiwifruit---green",
    "brand": "Coles",
    "name": "Green Kiwifruit Prepacked",
    "imageUrl": "https://shop.coles.com.au/wcsstore/Coles-CAS/images/1/7/7/1778560-th.jpg",
    "categories": ["fruit-vegetables"],
    "tags": ["fruit", "kiwi-fruit"],
    "locations": {
      "vic": {
        "price": 4.9,
        "promoText": " ",
        "packageSize": "8 pack",
        "packagePrice": "$0.61 per 1Ea"
      }
    }
  },
  {
    "id": "kiwi-fruit-gold",
    "brand": "Coles",
    "name": "Gold Kiwifruit Prepacked",
    "imageUrl": "https://shop.coles.com.au/wcsstore/Coles-CAS/images/8/1/3/8131840-th.jpg",
    "categories": ["fruit-vegetables"],
    "tags": ["fruit", "kiwi-fruit"],
    "locations": {
      "vic": {
        "price": 5.9,
        "promoText": " ",
        "packageSize": "8 pack",
        "packagePrice": "$0.74 per 1Ea"
      }
    }
  },
  {
    "id": "coles-fresh-nectarines---white-loose",
    "brand": "Coles",
    "name": "White Nectarines",
    "imageUrl": "https://shop.coles.com.au/wcsstore/Coles-CAS/images/5/5/9/5595663-th.jpg",
    "categories": ["fruit-vegetables"],
    "tags": ["fruit", "peaches-nectarines"],
    "locations": {
      "vic": {
        "price": 0,
        "promoText": " ",
        "packageSize": "approx. 150g",
        "packagePrice": ""
      }
    }
  },
  {
    "id": "coconut-drinking-imported",
    "brand": "Coles",
    "name": "Drinking Coconut",
    "imageUrl": "https://shop.coles.com.au/wcsstore/Coles-CAS/images/5/5/8/5582887-th.jpg",
    "categories": ["fruit-vegetables"],
    "tags": ["fruit", "coconuts"],
    "locations": {
      "vic": {
        "price": 3.9,
        "promoText": " ",
        "packageSize": "",
        "packagePrice": "$3.90 per 1Ea"
      }
    }
  },
  {
    "id": "coconut-whole-imported",
    "brand": "Coles",
    "name": "Coconut Whole",
    "imageUrl": "https://shop.coles.com.au/wcsstore/Coles-CAS/images/4/0/9/409557-th.jpg",
    "categories": ["fruit-vegetables"],
    "tags": ["fruit", "coconuts"],
    "locations": {
      "vic": {
        "price": 3,
        "promoText": " ",
        "packageSize": "",
        "packagePrice": "$3.00 per 1Ea"
      }
    }
  },
  {
    "id": "fresh-baby-roma-truss-tomatoes",
    "brand": "Perfection",
    "name": "Baby Roma Truss  Tomatoes Prepacked",
    "imageUrl": "https://shop.coles.com.au/wcsstore/Coles-CAS/images/3/6/7/3670688-th.jpg",
    "categories": ["fruit-vegetables"],
    "tags": ["vegetables", "tomatoes"],
    "locations": {
      "vic": {
        "price": 4.9,
        "promoText": " ",
        "packageSize": "275g",
        "packagePrice": "$17.82 per 1Kg"
      }
    }
  },
  {
    "id": "coles-fresh-perino-gold-tomatoes-prepacked",
    "brand": "Coles",
    "name": "Perino Gold Tomatoes Prepacked",
    "imageUrl": "https://shop.coles.com.au/wcsstore/Coles-CAS/images/1/8/8/1883000-th.jpg",
    "categories": ["fruit-vegetables"],
    "tags": ["vegetables", "tomatoes"],
    "locations": {
      "vic": {
        "price": 4.5,
        "promoText": " ",
        "packageSize": "200g",
        "packagePrice": "$22.50 per 1Kg"
      }
    }
  },
  {
    "id": "coles-fresh-red-royale-potatoes",
    "brand": "Coles",
    "name": "Fresh Red Royale Potatoes",
    "imageUrl": "https://shop.coles.com.au/wcsstore/Coles-CAS/images/1/1/8/1181308-th.jpg",
    "categories": ["fruit-vegetables"],
    "tags": ["vegetables", "potatoes"],
    "locations": {
      "vic": {
        "price": 0.68,
        "promoText": " ",
        "packageSize": "approx. 170g",
        "packagePrice": "$4.00 per 1Kg"
      }
    }
  },
  {
    "id": "potatoes-creme-royale-loose",
    "brand": "Coles",
    "name": "Creme Royale Brushed Potatoes loose",
    "imageUrl": "https://shop.coles.com.au/wcsstore/Coles-CAS/images/1/0/2/1022610-th.jpg",
    "categories": ["fruit-vegetables"],
    "tags": ["vegetables", "potatoes"],
    "locations": {
      "vic": {
        "price": 0.6,
        "promoText": " ",
        "packageSize": "approx. 200g",
        "packagePrice": "$3.00 per 1Kg"
      }
    }
  },
  {
    "id": "coles-fresh-kestrel-potatoes-prepacked",
    "brand": "Coles",
    "name": "Kestrel Potatoes Prepacked",
    "imageUrl": "https://shop.coles.com.au/wcsstore/Coles-CAS/images/2/7/4/2743866-th.jpg",
    "categories": ["fruit-vegetables"],
    "tags": ["vegetables", "potatoes"],
    "locations": {
      "vic": {
        "price": 7,
        "promoText": " ",
        "packageSize": "2kg",
        "packagePrice": "$3.50 per 1Kg"
      }
    }
  },
  {
    "id": "parsnip-loose",
    "brand": "Coles",
    "name": "Parsnips Loose",
    "imageUrl": "https://shop.coles.com.au/wcsstore/Coles-CAS/images/5/2/9/5298748-th.jpg",
    "categories": ["fruit-vegetables"],
    "tags": ["vegetables", "carrots-parsnips"],
    "locations": {
      "vic": {
        "price": 1.54,
        "promoText": " ",
        "packageSize": "approx. 140g",
        "packagePrice": "$11.00 per 1Kg"
      }
    }
  },
  {
    "id": "pumpkin-kent--whole",
    "brand": "Coles",
    "name": "Kent Pumpkin Whole",
    "imageUrl": "https://shop.coles.com.au/wcsstore/Coles-CAS/images/4/1/8/4183558-th.jpg",
    "categories": ["fruit-vegetables"],
    "tags": ["vegetables", "pumpkin"],
    "locations": {
      "vic": {
        "price": 12,
        "promoText": " ",
        "packageSize": "approx. 4Kg",
        "packagePrice": "$3.00 per 1Kg"
      }
    }
  },
  {
    "id": "ginger-loose",
    "brand": "Coles",
    "name": "Ginger loose",
    "imageUrl": "https://shop.coles.com.au/wcsstore/Coles-CAS/images/5/0/3/5034484-th.jpg",
    "categories": ["fruit-vegetables"],
    "tags": ["vegetables", "garlic-ginger"],
    "locations": {
      "vic": {
        "price": 5.4,
        "promoText": " ",
        "packageSize": "approx. 120g",
        "packagePrice": "$45.00 per 1Kg"
      }
    }
  },
  {
    "id": "coles-fresh-mushrooms---cup-prepacked",
    "brand": "Coles",
    "name": "Cup Mushrooms Prepacked",
    "imageUrl": "https://shop.coles.com.au/wcsstore/Coles-CAS/images/4/8/2/4829838-th.jpg",
    "categories": ["fruit-vegetables"],
    "tags": ["vegetables", "mushroms"],
    "locations": {
      "vic": {
        "price": 6,
        "promoText": " ",
        "packageSize": "500g",
        "packagePrice": "$12.00 per 1Kg"
      }
    }
  },
  {
    "id": "coles-fresh-mushrooms---cup-sliced-prepacked",
    "brand": "Coles",
    "name": "Sliced Cup Mushrooms Prepacked",
    "imageUrl": "https://shop.coles.com.au/wcsstore/Coles-CAS/images/5/7/5/5750960-th.jpg",
    "categories": ["fruit-vegetables"],
    "tags": ["vegetables", "mushroms"],
    "locations": {
      "vic": {
        "price": 4,
        "promoText": " ",
        "packageSize": "200g",
        "packagePrice": "$20.00 per 1Kg"
      }
    }
  },
  {
    "id": "coles-fresh-mushrooms---cup-prepacked-4829860p",
    "brand": "Coles",
    "name": "Cup Mushrooms Prepacked",
    "imageUrl": "https://shop.coles.com.au/wcsstore/Coles-CAS/images/4/8/2/4829860-th.jpg",
    "categories": ["fruit-vegetables"],
    "tags": ["vegetables", "mushroms"],
    "locations": {
      "vic": {
        "price": 4,
        "promoText": " ",
        "packageSize": "200g",
        "packagePrice": "$20.00 per 1Kg"
      }
    }
  },
  {
    "id": "chillies-red-loose-8760314p",
    "brand": "Coles",
    "name": "Red Cayenne Chillies loose",
    "imageUrl": "https://shop.coles.com.au/wcsstore/Coles-CAS/images/8/7/6/8760314-th.jpg",
    "categories": ["fruit-vegetables"],
    "tags": ["vegetables", "capsicum-chillies"],
    "locations": {
      "vic": {
        "price": 1.2,
        "promoText": " ",
        "packageSize": "approx. 50g",
        "packagePrice": "$24.00 per 1Kg"
      }
    }
  },
  {
    "id": "chillies-green",
    "brand": "Coles",
    "name": "Green Cayenne Chillies Loose",
    "imageUrl": "https://shop.coles.com.au/wcsstore/Coles-CAS/images/8/7/6/8760846-th.jpg",
    "categories": ["fruit-vegetables"],
    "tags": ["vegetables", "capsicum-chillies"],
    "locations": {
      "vic": {
        "price": 1.2,
        "promoText": " ",
        "packageSize": "approx. 50g",
        "packagePrice": "$24.00 per 1Kg"
      }
    }
  },
  {
    "id": "coles-fresh-chillies---jalapeno",
    "brand": "Coles",
    "name": "Jalapeno Chillies loose",
    "imageUrl": "https://shop.coles.com.au/wcsstore/Coles-CAS/images/8/7/6/8761656-th.jpg",
    "categories": ["fruit-vegetables"],
    "tags": ["vegetables", "capsicum-chillies"],
    "locations": {
      "vic": {
        "price": 1,
        "promoText": " ",
        "packageSize": "approx. 50g",
        "packagePrice": "$20.00 per 1Kg"
      }
    }
  },
  {
    "id": "beetroot-loose",
    "brand": "Coles",
    "name": "Fresh Beetroot",
    "imageUrl": "https://shop.coles.com.au/wcsstore/Coles-CAS/images/5/2/8/5288711-th.jpg",
    "categories": ["fruit-vegetables"],
    "tags": ["vegetables", "betrot"],
    "locations": {
      "vic": {
        "price": 0.85,
        "promoText": " ",
        "packageSize": "approx. 170g",
        "packagePrice": "$5.00 per 1Kg"
      }
    }
  },
  {
    "id": "cabbage-kale-green",
    "brand": "Coles",
    "name": "Green Kale",
    "imageUrl": "https://shop.coles.com.au/wcsstore/Coles-CAS/images/8/6/9/8696598-th.jpg",
    "categories": ["fruit-vegetables"],
    "tags": ["vegetables", "cabbage-brussel-sprouts"],
    "locations": {
      "vic": {
        "price": 4,
        "promoText": " ",
        "packageSize": "1 bunch",
        "packagePrice": "$4.00 per 1Ea"
      }
    }
  },
  {
    "id": "fresh-half-savoy-cabbage",
    "brand": "Coles",
    "name": "Half Savoy Cabbage",
    "imageUrl": "https://shop.coles.com.au/wcsstore/Coles-CAS/images/3/6/6/3667945-th.jpg",
    "categories": ["fruit-vegetables"],
    "tags": ["vegetables", "cabbage-brussel-sprouts"],
    "locations": {
      "vic": {
        "price": 3.5,
        "promoText": " ",
        "packageSize": "",
        "packagePrice": "$3.50 per 1Ea"
      }
    }
  },
  {
    "id": "fresh-half-wombok",
    "brand": "Coles",
    "name": "Cabbage Wombok Precut Half",
    "imageUrl": "https://shop.coles.com.au/wcsstore/Coles-CAS/images/3/6/6/3666385-th.jpg",
    "categories": ["fruit-vegetables"],
    "tags": ["vegetables", "cabbage-brussel-sprouts"],
    "locations": {
      "vic": {
        "price": 2.5,
        "promoText": " ",
        "packageSize": "",
        "packagePrice": "$2.50 per 1Ea"
      }
    }
  },
  {
    "id": "coles-fresh-cabbage---drumhead-mini",
    "brand": "Coles",
    "name": "Drumhead Cabbage Mini",
    "imageUrl": "https://shop.coles.com.au/wcsstore/Coles-CAS/images/1/4/7/1475874-th.jpg",
    "categories": ["fruit-vegetables"],
    "tags": ["vegetables", "cabbage-brussel-sprouts"],
    "locations": {
      "vic": {
        "price": 5.9,
        "promoText": " ",
        "packageSize": "",
        "packagePrice": "$5.90 per 1Ea"
      }
    }
  },
  {
    "id": "fresh-half-drumhead-cabbage",
    "brand": "Coles",
    "name": "Half Drumhead Cabbage",
    "imageUrl": "https://shop.coles.com.au/wcsstore/Coles-CAS/images/3/6/6/3666396-th.jpg",
    "categories": ["fruit-vegetables"],
    "tags": ["vegetables", "cabbage-brussel-sprouts"],
    "locations": {
      "vic": {
        "price": 3.5,
        "promoText": " ",
        "packageSize": "",
        "packagePrice": "$3.50 per 1Ea"
      }
    }
  },
  {
    "id": "coles-coles-green-beans",
    "brand": "Coles",
    "name": "Green Beans Prepacked",
    "imageUrl": "https://shop.coles.com.au/wcsstore/Coles-CAS/images/3/2/1/3214270-th.jpg",
    "categories": ["fruit-vegetables"],
    "tags": ["vegetables", "peas-beans"],
    "locations": {
      "vic": {
        "price": 3.4,
        "promoText": " ",
        "packageSize": "500g",
        "packagePrice": "$6.80 per 1Kg"
      }
    }
  },
  {
    "id": "peas-snow-prepacked-4628326p",
    "brand": "Coles",
    "name": "Snow Peas Medium Prepacked",
    "imageUrl": "https://shop.coles.com.au/wcsstore/Coles-CAS/images/4/6/2/4628326-th.jpg",
    "categories": ["fruit-vegetables"],
    "tags": ["vegetables", "peas-beans"],
    "locations": {
      "vic": {
        "price": 3,
        "promoText": "Any 2 $5",
        "packageSize": "150g",
        "packagePrice": "$2.00 per 100G"
      }
    }
  },
  {
    "id": "peas-sugar-snap-prepacked-4619289p",
    "brand": "Coles",
    "name": "Sugar Snap Peas Prepacked",
    "imageUrl": "https://shop.coles.com.au/wcsstore/Coles-CAS/images/4/6/1/4619289-th.jpg",
    "categories": ["fruit-vegetables"],
    "tags": ["vegetables", "peas-beans"],
    "locations": {
      "vic": {
        "price": 3.5,
        "promoText": "Any 2 $5",
        "packageSize": "150g",
        "packagePrice": "$23.33 per 1Kg"
      }
    }
  },
  {
    "id": "silverbeet-bunch",
    "brand": "Coles",
    "name": "Silverbeet",
    "imageUrl": "https://shop.coles.com.au/wcsstore/Coles-CAS/images/4/0/8/408383-th.jpg",
    "categories": ["fruit-vegetables"],
    "tags": ["vegetables", "spinach-silverbet"],
    "locations": {
      "vic": {
        "price": 4.5,
        "promoText": " ",
        "packageSize": "1 bunch",
        "packagePrice": "$4.50 per 1Ea"
      }
    }
  },
  {
    "id": "broccoli-loose",
    "brand": "Coles",
    "name": "Broccoli",
    "imageUrl": "https://shop.coles.com.au/wcsstore/Coles-CAS/images/4/0/7/407755-th.jpg",
    "categories": ["fruit-vegetables"],
    "tags": ["vegetables", "broccoli-cauliflower"],
    "locations": {
      "vic": {
        "price": 1.67,
        "promoText": " ",
        "packageSize": "Approx. 340g",
        "packagePrice": "$4.90 per 1Kg"
      }
    }
  },
  {
    "id": "choy-pak",
    "brand": "Coles",
    "name": "Asian Pak Choy",
    "imageUrl": "https://shop.coles.com.au/wcsstore/Coles-CAS/images/4/5/6/4567039-th.jpg",
    "categories": ["fruit-vegetables"],
    "tags": ["vegetables", "bok-choy-asian-grens"],
    "locations": {
      "vic": {
        "price": 2.5,
        "promoText": " ",
        "packageSize": "1 bunch",
        "packagePrice": "$2.50 per 1Ea"
      }
    }
  },
  {
    "id": "choy-buk",
    "brand": "Coles",
    "name": "Asian Buk Choy",
    "imageUrl": "https://shop.coles.com.au/wcsstore/Coles-CAS/images/4/5/6/4565907-th.jpg",
    "categories": ["fruit-vegetables"],
    "tags": ["vegetables", "bok-choy-asian-grens"],
    "locations": {
      "vic": {
        "price": 2.5,
        "promoText": " ",
        "packageSize": "1 bunch",
        "packagePrice": "$2.50 per 1Ea"
      }
    }
  },
  {
    "id": "onions-spring",
    "brand": "Coles",
    "name": "Spring Onions",
    "imageUrl": "https://shop.coles.com.au/wcsstore/Coles-CAS/images/4/0/8/408419-th.jpg",
    "categories": ["fruit-vegetables"],
    "tags": ["vegetables", "onion-leks"],
    "locations": {
      "vic": {
        "price": 1.8,
        "promoText": " ",
        "packageSize": "1 bunch",
        "packagePrice": "$1.80 per 1Ea"
      }
    }
  },
  {
    "id": "turnip-loose",
    "brand": "Coles",
    "name": "Fresh Turnips",
    "imageUrl": "https://shop.coles.com.au/wcsstore/Coles-CAS/images/4/9/6/4966737-th.jpg",
    "categories": ["fruit-vegetables"],
    "tags": ["vegetables", "turnips-rot-veg"],
    "locations": {
      "vic": {
        "price": 1.08,
        "promoText": " ",
        "packageSize": "approx. 180g",
        "packagePrice": "$6.00 per 1Kg"
      }
    }
  },
  {
    "id": "swedes-loose",
    "brand": "Coles",
    "name": "Fresh Swedes",
    "imageUrl": "https://shop.coles.com.au/wcsstore/Coles-CAS/images/4/9/6/4966930-th.jpg",
    "categories": ["fruit-vegetables"],
    "tags": ["vegetables", "turnips-rot-veg"],
    "locations": {
      "vic": {
        "price": 1.38,
        "promoText": " ",
        "packageSize": "approx. 230g",
        "packagePrice": "$6.00 per 1Kg"
      }
    }
  },
  {
    "id": "gourmet-garden-lightly-dried-basil-pot",
    "brand": "Gourmet Garden",
    "name": "Lightly Dried Basil",
    "imageUrl": "https://shop.coles.com.au/wcsstore/Coles-CAS/images/2/9/9/2997944-th.jpg",
    "categories": ["fruit-vegetables"],
    "tags": ["salad-herbs", "herbs"],
    "locations": {
      "vic": {
        "price": 3.5,
        "promoText": " ",
        "packageSize": "10g",
        "packagePrice": "$3.50 per 10G"
      }
    }
  },
  {
    "id": "gourmet-garden-lightly-dried-parsley-pot",
    "brand": "Gourmet Garden",
    "name": "Lightly Dried Parsley Prepacked",
    "imageUrl": "https://shop.coles.com.au/wcsstore/Coles-CAS/images/2/9/9/2999327-th.jpg",
    "categories": ["fruit-vegetables"],
    "tags": ["salad-herbs", "herbs"],
    "locations": {
      "vic": {
        "price": 3.5,
        "promoText": " ",
        "packageSize": "8g",
        "packagePrice": "$4.38 per 10G"
      }
    }
  },
  {
    "id": "gourmet-garden-lightly-dried-coriander-pot-2999258p",
    "brand": "Gourmet Garden",
    "name": "Lightly Dried Coriander",
    "imageUrl": "https://shop.coles.com.au/wcsstore/Coles-CAS/images/2/9/9/2999258-th.jpg",
    "categories": ["fruit-vegetables"],
    "tags": ["salad-herbs", "herbs"],
    "locations": {
      "vic": {
        "price": 3.5,
        "promoText": " ",
        "packageSize": "8g",
        "packagePrice": "$4.38 per 10G"
      }
    }
  },
  {
    "id": "cs-coles-coriander-punnet",
    "brand": "Coles",
    "name": "Coriander Punnet",
    "imageUrl": "https://shop.coles.com.au/wcsstore/Coles-CAS/images/3/2/1/3214612-th.jpg",
    "categories": ["fruit-vegetables"],
    "tags": ["salad-herbs", "herbs"],
    "locations": {
      "vic": {
        "price": 3,
        "promoText": "Any 2 $5",
        "packageSize": "15g",
        "packagePrice": "$2.00 per 10G"
      }
    }
  },
  {
    "id": "cs-coles-basil-punnet",
    "brand": "Coles",
    "name": "Basil Punnet",
    "imageUrl": "https://shop.coles.com.au/wcsstore/Coles-CAS/images/3/2/1/3214521-th.jpg",
    "categories": ["fruit-vegetables"],
    "tags": ["salad-herbs", "herbs"],
    "locations": {
      "vic": {
        "price": 3,
        "promoText": "Any 2 $5",
        "packageSize": "15g",
        "packagePrice": "$2.00 per 10G"
      }
    }
  },
  {
    "id": "cs-coles-mint-punnet",
    "brand": "Coles",
    "name": "Mint Punnet",
    "imageUrl": "https://shop.coles.com.au/wcsstore/Coles-CAS/images/3/2/1/3214725-th.jpg",
    "categories": ["fruit-vegetables"],
    "tags": ["salad-herbs", "herbs"],
    "locations": {
      "vic": {
        "price": 3,
        "promoText": "Any 2 $5",
        "packageSize": "15g",
        "packagePrice": "$2.00 per 10G"
      }
    }
  },
  {
    "id": "gourmet-garden-lightly-dried-chives-pot",
    "brand": "Gourmet Garden",
    "name": "Lightly Dried Chives",
    "imageUrl": "https://shop.coles.com.au/wcsstore/Coles-CAS/images/2/9/9/2999316-th.jpg",
    "categories": ["fruit-vegetables"],
    "tags": ["salad-herbs", "herbs"],
    "locations": {
      "vic": {
        "price": 3.5,
        "promoText": " ",
        "packageSize": "4g",
        "packagePrice": "$8.75 per 10G"
      }
    }
  },
  {
    "id": "gourmet-garden-lightly-dried-chilli-pot",
    "brand": "Gourmet Garden",
    "name": "Lightly Dried Chilli",
    "imageUrl": "https://shop.coles.com.au/wcsstore/Coles-CAS/images/2/9/9/2999214-th.jpg",
    "categories": ["fruit-vegetables"],
    "tags": ["salad-herbs", "herbs"],
    "locations": {
      "vic": {
        "price": 3.5,
        "promoText": " ",
        "packageSize": "10g",
        "packagePrice": "$3.50 per 10G"
      }
    }
  },
  {
    "id": "gourmet-garden-lightly-dried-mixed-herb-pot",
    "brand": "Gourmet Garden",
    "name": "Lightly Dried Mixed Herbs Prepacked",
    "imageUrl": "https://shop.coles.com.au/wcsstore/Coles-CAS/images/2/9/9/2997999-th.jpg",
    "categories": ["fruit-vegetables"],
    "tags": ["salad-herbs", "herbs"],
    "locations": {
      "vic": {
        "price": 3.5,
        "promoText": " ",
        "packageSize": "8g",
        "packagePrice": "$4.38 per 10G"
      }
    }
  },
  {
    "id": "gourmet-garden-lightly-dried-garlic-3307848p",
    "brand": "Gourmet Garden",
    "name": "Lightly Dried Garlic",
    "imageUrl": "https://shop.coles.com.au/wcsstore/Coles-CAS/images/3/3/0/3307848-th.jpg",
    "categories": ["fruit-vegetables"],
    "tags": ["salad-herbs", "herbs"],
    "locations": {
      "vic": {
        "price": 3.5,
        "promoText": " ",
        "packageSize": "10g",
        "packagePrice": "$3.50 per 10G"
      }
    }
  },
  {
    "id": "coles-coleslaw",
    "brand": "Coles",
    "name": "Coleslaw",
    "imageUrl": "https://shop.coles.com.au/wcsstore/Coles-CAS/images/2/7/9/2791406-th.jpg",
    "categories": ["fruit-vegetables"],
    "tags": ["salad-herbs", "salad-bags"],
    "locations": {
      "vic": {
        "price": 2,
        "promoText": " ",
        "packageSize": "200g",
        "packagePrice": "$10.00 per 1Kg"
      }
    }
  },
  {
    "id": "coles-superfood-vegetable-mix",
    "brand": "Coles",
    "name": "Superfood Vegetable Mix",
    "imageUrl": "https://shop.coles.com.au/wcsstore/Coles-CAS/images/3/0/1/3016120-th.jpg",
    "categories": ["fruit-vegetables"],
    "tags": ["salad-herbs", "salad-bags"],
    "locations": {
      "vic": {
        "price": 3,
        "promoText": " ",
        "packageSize": "350g",
        "packagePrice": "$8.57 per 1Kg"
      }
    }
  },
  {
    "id": "coles-kaleslaw-salad-kit",
    "brand": "Coles",
    "name": "Kaleslaw Salad Kit Prepacked",
    "imageUrl": "https://shop.coles.com.au/wcsstore/Coles-CAS/images/2/7/9/2790390-th.jpg",
    "categories": ["fruit-vegetables"],
    "tags": ["salad-herbs", "salad-bowls-kits"],
    "locations": {
      "vic": {
        "price": 5,
        "promoText": " ",
        "packageSize": "350g",
        "packagePrice": "$14.29 per 1Kg"
      }
    }
  },
  {
    "id": "coles-asian-style-salad-kit",
    "brand": "Coles",
    "name": "Asian Style Salad Kit",
    "imageUrl": "https://shop.coles.com.au/wcsstore/Coles-CAS/images/2/7/8/2787974-th.jpg",
    "categories": ["fruit-vegetables"],
    "tags": ["salad-herbs", "salad-bowls-kits"],
    "locations": {
      "vic": {
        "price": 5,
        "promoText": " ",
        "packageSize": "350g",
        "packagePrice": "$14.29 per 1Kg"
      }
    }
  },
  {
    "id": "coles-mediterranean-slaw-kit",
    "brand": "Coles",
    "name": "Mediterranean Style Salad Kit",
    "imageUrl": "https://shop.coles.com.au/wcsstore/Coles-CAS/images/3/6/1/3615431-th.jpg",
    "categories": ["fruit-vegetables"],
    "tags": ["salad-herbs", "salad-bowls-kits"],
    "locations": {
      "vic": {
        "price": 5,
        "promoText": " ",
        "packageSize": "350g",
        "packagePrice": "$14.29 per 1Kg"
      }
    }
  },
  {
    "id": "coles-japanese-slaw-kit",
    "brand": "Coles",
    "name": "Pokeslaw Salad Kit",
    "imageUrl": "https://shop.coles.com.au/wcsstore/Coles-CAS/images/3/6/1/3615544-th.jpg",
    "categories": ["fruit-vegetables"],
    "tags": ["salad-herbs", "salad-bowls-kits"],
    "locations": {
      "vic": {
        "price": 5,
        "promoText": " ",
        "packageSize": "400g",
        "packagePrice": "$1.25 per 100G"
      }
    }
  },
  {
    "id": "coles-family-coleslaw-kit",
    "brand": "Coles",
    "name": "Coleslaw Family Kit",
    "imageUrl": "https://shop.coles.com.au/wcsstore/Coles-CAS/images/3/6/1/3615657-th.jpg",
    "categories": ["fruit-vegetables"],
    "tags": ["salad-herbs", "salad-bowls-kits"],
    "locations": {
      "vic": {
        "price": 4,
        "promoText": " ",
        "packageSize": "520g",
        "packagePrice": "$7.69 per 1Kg"
      }
    }
  },
  {
    "id": "coles-caesar-salad-kit",
    "brand": "Coles",
    "name": "Caesar Salad Kit Prepacked",
    "imageUrl": "https://shop.coles.com.au/wcsstore/Coles-CAS/images/2/7/8/2789619-th.jpg",
    "categories": ["fruit-vegetables"],
    "tags": ["salad-herbs", "salad-bowls-kits"],
    "locations": {
      "vic": {
        "price": 5,
        "promoText": " ",
        "packageSize": "265g",
        "packagePrice": "$1.89 per 100G"
      }
    }
  },
  {
    "id": "coles-asian-style-salad-bowl",
    "brand": "Coles",
    "name": "Asian Style Salad Bowl",
    "imageUrl": "https://shop.coles.com.au/wcsstore/Coles-CAS/images/2/7/8/2786585-th.jpg",
    "categories": ["fruit-vegetables"],
    "tags": ["salad-herbs", "salad-bowls-kits"],
    "locations": {
      "vic": {
        "price": 5,
        "promoText": " ",
        "packageSize": "230g",
        "packagePrice": "$21.74 per 1Kg"
      }
    }
  },
  {
    "id": "coles-bbq-chicken-bowl",
    "brand": "Coles",
    "name": "BBQ Chicken Salad Bowl",
    "imageUrl": "https://shop.coles.com.au/wcsstore/Coles-CAS/images/3/6/1/3617812-th.jpg",
    "categories": ["fruit-vegetables"],
    "tags": ["salad-herbs", "salad-bowls-kits"],
    "locations": {
      "vic": {
        "price": 6,
        "promoText": " ",
        "packageSize": "190g",
        "packagePrice": "$3.16 per 100G"
      }
    }
  },
  {
    "id": "coles-chicken-caesar-salad-bowl-3294724p",
    "brand": "Coles",
    "name": "Chicken Caesar Salad Bowl",
    "imageUrl": "https://shop.coles.com.au/wcsstore/Coles-CAS/images/3/2/9/3294724-th.jpg",
    "categories": ["fruit-vegetables"],
    "tags": ["salad-herbs", "salad-bowls-kits"],
    "locations": {
      "vic": {
        "price": 6,
        "promoText": " ",
        "packageSize": "180g",
        "packagePrice": "$3.33 per 100G"
      }
    }
  },
  {
    "id": "coles-burger-slaw-kit",
    "brand": "Coles",
    "name": "Special Burger Slaw Kit",
    "imageUrl": "https://shop.coles.com.au/wcsstore/Coles-CAS/images/3/6/1/3615602-th.jpg",
    "categories": ["fruit-vegetables"],
    "tags": ["salad-herbs", "salad-bowls-kits"],
    "locations": {
      "vic": {
        "price": 5,
        "promoText": " ",
        "packageSize": "350g",
        "packagePrice": "$14.29 per 1Kg"
      }
    }
  },
  {
    "id": "coles-dry-roasted-almonds-prepacked-2123395p",
    "brand": "Coles",
    "name": "Dry Roasted Almonds Prepacked",
    "imageUrl": "https://shop.coles.com.au/wcsstore/Coles-CAS/images/2/1/2/2123395-th.jpg",
    "categories": ["fruit-vegetables"],
    "tags": ["nuts-dried-fruit", "nuts-snacks"],
    "locations": {
      "vic": {
        "price": 7,
        "promoText": " ",
        "packageSize": "400g",
        "packagePrice": "$1.75 per 100G"
      }
    }
  },
  {
    "id": "coles-natural-almonds-prepacked",
    "brand": "Coles",
    "name": "Natural Almonds Prepacked",
    "imageUrl": "https://shop.coles.com.au/wcsstore/Coles-CAS/images/2/1/2/2123599-th.jpg",
    "categories": ["fruit-vegetables"],
    "tags": ["nuts-dried-fruit", "nuts-snacks"],
    "locations": {
      "vic": {
        "price": 7,
        "promoText": " ",
        "packageSize": "400g",
        "packagePrice": "$17.50 per 1Kg"
      }
    }
  },
  {
    "id": "coles-californian-walnut-kernels-prepacked",
    "brand": "Coles",
    "name": "Natural Californian Walnut",
    "imageUrl": "https://shop.coles.com.au/wcsstore/Coles-CAS/images/2/1/2/2123330-th.jpg",
    "categories": ["fruit-vegetables"],
    "tags": ["nuts-dried-fruit", "nuts-snacks"],
    "locations": {
      "vic": {
        "price": 9,
        "promoText": " ",
        "packageSize": "400g",
        "packagePrice": "$22.50 per 1Kg"
      }
    }
  },
  {
    "id": "coles-roasted-salted-pistachios-prepacked",
    "brand": "Coles",
    "name": "Roasted & Salted Pistachios Prepacked",
    "imageUrl": "https://shop.coles.com.au/wcsstore/Coles-CAS/images/2/1/3/2131611-th.jpg",
    "categories": ["fruit-vegetables"],
    "tags": ["nuts-dried-fruit", "nuts-snacks"],
    "locations": {
      "vic": {
        "price": 10,
        "promoText": " ",
        "packageSize": "400g",
        "packagePrice": "$2.50 per 100G"
      }
    }
  },
  {
    "id": "coles-roasted-salted-cashews-prepacked",
    "brand": "Coles",
    "name": "Roasted & Salted Cashews",
    "imageUrl": "https://shop.coles.com.au/wcsstore/Coles-CAS/images/2/1/2/2123646-th.jpg",
    "categories": ["fruit-vegetables"],
    "tags": ["nuts-dried-fruit", "nuts-snacks"],
    "locations": {
      "vic": {
        "price": 9,
        "promoText": " ",
        "packageSize": "400g",
        "packagePrice": "$22.50 per 1Kg"
      }
    }
  },
  {
    "id": "coles-fresh-natural-almonds-prepacked",
    "brand": "Coles",
    "name": "Natural Almonds",
    "imageUrl": "https://shop.coles.com.au/wcsstore/Coles-CAS/images/2/1/2/2123602-th.jpg",
    "categories": ["fruit-vegetables"],
    "tags": ["nuts-dried-fruit", "nuts-snacks"],
    "locations": {
      "vic": {
        "price": 16,
        "promoText": " ",
        "packageSize": "800g",
        "packagePrice": "$2.00 per 100G"
      }
    }
  },
  {
    "id": "coles-roasted-salted-cashews",
    "brand": "Coles",
    "name": "Roasted & Salted Cashews",
    "imageUrl": "https://shop.coles.com.au/wcsstore/Coles-CAS/images/2/1/2/2123668-th.jpg",
    "categories": ["fruit-vegetables"],
    "tags": ["nuts-dried-fruit", "nuts-snacks"],
    "locations": {
      "vic": {
        "price": 16,
        "promoText": " ",
        "packageSize": "800g",
        "packagePrice": "$20.00 per 1Kg"
      }
    }
  },
  {
    "id": "coles-fresh-natural-cashews-prepacked",
    "brand": "Coles",
    "name": "Natural Cashews",
    "imageUrl": "https://shop.coles.com.au/wcsstore/Coles-CAS/images/2/2/2/2222229-th.jpg",
    "categories": ["fruit-vegetables"],
    "tags": ["nuts-dried-fruit", "nuts-snacks"],
    "locations": {
      "vic": {
        "price": 9,
        "promoText": " ",
        "packageSize": "400g",
        "packagePrice": "$22.50 per 1Kg"
      }
    }
  },
  {
    "id": "coles-fresh-dry-roasted-jumbo-cashews-prepacked",
    "brand": "Coles",
    "name": "Dry Roasted Cashews",
    "imageUrl": "https://shop.coles.com.au/wcsstore/Coles-CAS/images/2/1/2/2123500-th.jpg",
    "categories": ["fruit-vegetables"],
    "tags": ["nuts-dried-fruit", "nuts-snacks"],
    "locations": {
      "vic": {
        "price": 9,
        "promoText": " ",
        "packageSize": "400g",
        "packagePrice": "$22.50 per 1Kg"
      }
    }
  },
  {
    "id": "coles-natural-macadamias-prepacked",
    "brand": "Coles",
    "name": "Natural Macadamia Nuts Prepacked",
    "imageUrl": "https://shop.coles.com.au/wcsstore/Coles-CAS/images/5/2/7/5272391-th.jpg",
    "categories": ["fruit-vegetables"],
    "tags": ["nuts-dried-fruit", "nuts-snacks"],
    "locations": {
      "vic": {
        "price": 17,
        "promoText": " ",
        "packageSize": "400g",
        "packagePrice": "$42.50 per 1Kg"
      }
    }
  },
  {
    "id": "brazil-nuts-coles-brand-prepacked",
    "brand": "Coles",
    "name": "Brazil Nuts",
    "imageUrl": "https://shop.coles.com.au/wcsstore/Coles-CAS/images/5/9/7/5973283-th.jpg",
    "categories": ["fruit-vegetables"],
    "tags": ["nuts-dried-fruit", "nuts-snacks"],
    "locations": {
      "vic": {
        "price": 14,
        "promoText": " ",
        "packageSize": "400g",
        "packagePrice": "$35.00 per 1Kg"
      }
    }
  },
  {
    "id": "banana-chips-dried-prepacked",
    "brand": "Coles",
    "name": "Dried Banana Chips",
    "imageUrl": "https://shop.coles.com.au/wcsstore/Coles-CAS/images/5/2/2/5221812-th.jpg",
    "categories": ["fruit-vegetables"],
    "tags": ["nuts-dried-fruit", "nuts-snacks"],
    "locations": {
      "vic": {
        "price": 5,
        "promoText": " ",
        "packageSize": "400g",
        "packagePrice": "$12.50 per 1Kg"
      }
    }
  },
  {
    "id": "coles-brazil-nuts-3559308p",
    "brand": "Coles",
    "name": "Brazil Nuts",
    "imageUrl": "https://shop.coles.com.au/wcsstore/Coles-CAS/images/3/5/5/3559308-th.jpg",
    "categories": ["fruit-vegetables"],
    "tags": ["nuts-dried-fruit", "nuts-snacks"],
    "locations": {
      "vic": {
        "price": 5,
        "promoText": " ",
        "packageSize": "150g",
        "packagePrice": "$3.33 per 100G"
      }
    }
  },
  {
    "id": "coles-pistachio-kernels-3743169p",
    "brand": "Coles",
    "name": "Roasted Pistachio Kernels",
    "imageUrl": "https://shop.coles.com.au/wcsstore/Coles-CAS/images/3/7/4/3743169-th.jpg",
    "categories": ["fruit-vegetables"],
    "tags": ["nuts-dried-fruit", "nuts-snacks"],
    "locations": {
      "vic": {
        "price": 12,
        "promoText": " ",
        "packageSize": "200g",
        "packagePrice": "$60.00 per 1Kg"
      }
    }
  },
  {
    "id": "coles-peanuts-and-cashews",
    "brand": "Coles",
    "name": "Peanuts & Cashews R & S",
    "imageUrl": "https://shop.coles.com.au/wcsstore/Coles-CAS/images/2/7/4/2742513-th.jpg",
    "categories": ["fruit-vegetables"],
    "tags": ["nuts-dried-fruit", "nuts-snacks"],
    "locations": {
      "vic": {
        "price": 9.99,
        "promoText": " ",
        "packageSize": "800g",
        "packagePrice": "$12.49 per 1Kg"
      }
    }
  },
  {
    "id": "coles-fruit-nut-mix",
    "brand": "Coles",
    "name": "Fruit & Nut Mix",
    "imageUrl": "https://shop.coles.com.au/wcsstore/Coles-CAS/images/2/1/5/2150365-th.jpg",
    "categories": ["fruit-vegetables"],
    "tags": ["nuts-dried-fruit", "fruit-nut-blend"],
    "locations": {
      "vic": {
        "price": 5,
        "promoText": " ",
        "packageSize": "400g",
        "packagePrice": "$12.50 per 1Kg"
      }
    }
  },
  {
    "id": "trail-coles-brand-mix-prepacked",
    "brand": "Coles",
    "name": "Trail Mix",
    "imageUrl": "https://shop.coles.com.au/wcsstore/Coles-CAS/images/5/4/7/5476234-th.jpg",
    "categories": ["fruit-vegetables"],
    "tags": ["nuts-dried-fruit", "fruit-nut-blend"],
    "locations": {
      "vic": {
        "price": 5,
        "promoText": " ",
        "packageSize": "400g",
        "packagePrice": "$12.50 per 1Kg"
      }
    }
  },
  {
    "id": "coles-honey-cashews",
    "brand": "Coles",
    "name": "Honey Cashews",
    "imageUrl": "https://shop.coles.com.au/wcsstore/Coles-CAS/images/3/5/0/3505240-th.jpg",
    "categories": ["fruit-vegetables"],
    "tags": ["nuts-dried-fruit", "fruit-nut-blend"],
    "locations": {
      "vic": {
        "price": 9,
        "promoText": " ",
        "packageSize": "350g",
        "packagePrice": "$25.72 per 1Kg"
      }
    }
  },
  {
    "id": "coles-beef-mince-4-star-lean",
    "brand": "Coles",
    "name": "Lean Beef Mince",
    "imageUrl": "https://shop.coles.com.au/wcsstore/Coles-CAS/images/8/8/5/8850450-th.jpg",
    "categories": ["meat-seafood-deli"],
    "tags": ["meat", "bef"],
    "locations": {
      "vic": {
        "price": 7.5,
        "promoText": " ",
        "packageSize": "500g",
        "packagePrice": "$1.50 per 100G"
      }
    }
  },
  {
    "id": "coles-beef-mince-3-star-8850188p",
    "brand": "Coles",
    "name": "3 Star Regular Beef Mince",
    "imageUrl": "https://shop.coles.com.au/wcsstore/Coles-CAS/images/8/8/5/8850188-th.jpg",
    "categories": ["meat-seafood-deli"],
    "tags": ["meat", "bef"],
    "locations": {
      "vic": {
        "price": 6,
        "promoText": " ",
        "packageSize": "500g",
        "packagePrice": "$1.20 per 100G"
      }
    }
  },
  {
    "id": "coles-beef-mince-3-star",
    "brand": "Coles",
    "name": "3 Star Beef Regular Mince",
    "imageUrl": "https://shop.coles.com.au/wcsstore/Coles-CAS/images/8/8/5/8850814-th.jpg",
    "categories": ["meat-seafood-deli"],
    "tags": ["meat", "bef"],
    "locations": {
      "vic": {
        "price": 11,
        "promoText": " ",
        "packageSize": "1kg",
        "packagePrice": "$11.00 per 1Kg"
      }
    }
  },
  {
    "id": "coles-beef-stir-fry-9990965p",
    "brand": "Coles",
    "name": "Beef Stir Fry Strips",
    "imageUrl": "https://shop.coles.com.au/wcsstore/Coles-CAS/images/9/9/9/9990965-th.jpg",
    "categories": ["meat-seafood-deli"],
    "tags": ["meat", "bef"],
    "locations": {
      "vic": {
        "price": 10,
        "promoText": " ",
        "packageSize": "500g",
        "packagePrice": "$20.00 per 1Kg"
      }
    }
  },
  {
    "id": "coles-beef-eye-fillet-steak-8599569p",
    "brand": "Coles",
    "name": "Beef Eye Fillet Steak",
    "imageUrl": "https://shop.coles.com.au/wcsstore/Coles-CAS/images/8/5/9/8599569-th.jpg",
    "categories": ["meat-seafood-deli"],
    "tags": ["meat", "bef"],
    "locations": {
      "vic": {
        "price": 11.06,
        "promoText": "$2.84 ",
        "packageSize": "approx. 316g",
        "packagePrice": "$35.00 per 1Kg"
      }
    }
  },
  {
    "id": "coles-beef-gravy-steak-1-2-pieces",
    "brand": "Coles",
    "name": "Ready Retail 11x5 Gravy Beef",
    "imageUrl": "https://shop.coles.com.au/wcsstore/Coles-CAS/images/8/5/9/8599332-th.jpg",
    "categories": ["meat-seafood-deli"],
    "tags": ["meat", "bef"],
    "locations": {
      "vic": {
        "price": 9,
        "promoText": " ",
        "packageSize": "approx. 500g",
        "packagePrice": "$18.00 per 1Kg"
      }
    }
  },
  {
    "id": "coles-beef-scotch-fillet-steak-2-3-pieces",
    "brand": "Coles",
    "name": "Ready Retail 11x5 Beef Scotch Fillet Steak",
    "imageUrl": "https://shop.coles.com.au/wcsstore/Coles-CAS/images/8/9/0/8905916-th.jpg",
    "categories": ["meat-seafood-deli"],
    "tags": ["meat", "bef"],
    "locations": {
      "vic": {
        "price": 19.38,
        "promoText": " ",
        "packageSize": "approx. 570g",
        "packagePrice": "$34.00 per 1Kg"
      }
    }
  },
  {
    "id": "coles-beef-rump-steak-1-2-pieces",
    "brand": "Coles",
    "name": "Ready Retail 11x5 Beef Rump Steak",
    "imageUrl": "https://shop.coles.com.au/wcsstore/Coles-CAS/images/8/9/0/8905993-th.jpg",
    "categories": ["meat-seafood-deli"],
    "tags": ["meat", "bef"],
    "locations": {
      "vic": {
        "price": 10,
        "promoText": " ",
        "packageSize": "approx. 500g",
        "packagePrice": "$20.00 per 1Kg"
      }
    }
  },
  {
    "id": "coles-beef-diced",
    "brand": "Coles",
    "name": "Diced Beef",
    "imageUrl": "https://shop.coles.com.au/wcsstore/Coles-CAS/images/9/9/8/9989977-th.jpg",
    "categories": ["meat-seafood-deli"],
    "tags": ["meat", "bef"],
    "locations": {
      "vic": {
        "price": 10,
        "promoText": " ",
        "packageSize": "500g",
        "packagePrice": "$20.00 per 1Kg"
      }
    }
  },
  {
    "id": "coles-beef-lean-5-star-mince",
    "brand": "Coles",
    "name": "5 Star Extra Lean Beef Mince",
    "imageUrl": "https://shop.coles.com.au/wcsstore/Coles-CAS/images/8/8/5/8850654-th.jpg",
    "categories": ["meat-seafood-deli"],
    "tags": ["meat", "bef"],
    "locations": {
      "vic": {
        "price": 8.5,
        "promoText": " ",
        "packageSize": "500g",
        "packagePrice": "$17.00 per 1Kg"
      }
    }
  },
  {
    "id": "graze-grassfed-beef-mince",
    "brand": "Coles",
    "name": "Graze Grass Fed Beef Mince",
    "imageUrl": "https://shop.coles.com.au/wcsstore/Coles-CAS/images/2/0/2/2024280-th.jpg",
    "categories": ["meat-seafood-deli"],
    "tags": ["meat", "bef"],
    "locations": {
      "vic": {
        "price": 8,
        "promoText": " ",
        "packageSize": "500g",
        "packagePrice": "$16.00 per 1Kg"
      }
    }
  },
  {
    "id": "cook-with-curtis-mince-italian-style-pork-beef",
    "brand": "Cook With Curtis",
    "name": "Italian Recipe Beef And Pork Mince",
    "imageUrl": "https://shop.coles.com.au/wcsstore/Coles-CAS/images/3/4/9/3492965-th.jpg",
    "categories": ["meat-seafood-deli"],
    "tags": ["meat", "bef"],
    "locations": {
      "vic": {
        "price": 7,
        "promoText": "$1.50 ",
        "packageSize": "500g",
        "packagePrice": "$1.40 per 100G"
      }
    }
  },
  {
    "id": "coles-beef-t-bone-steak-2-3-pieces",
    "brand": "Coles",
    "name": "Ready Retail 11x9 Beef T Bone Steak",
    "imageUrl": "https://shop.coles.com.au/wcsstore/Coles-CAS/images/8/6/0/8601616-th.jpg",
    "categories": ["meat-seafood-deli"],
    "tags": ["meat", "bef"],
    "locations": {
      "vic": {
        "price": 20.21,
        "promoText": " ",
        "packageSize": "approx. 842g",
        "packagePrice": "$24.00 per 1Kg"
      }
    }
  },
  {
    "id": "graze-grassfed-beef-scotch-fillet-steak-1-piece",
    "brand": "Coles",
    "name": "Graze Grass Fed Beef Scotch Fillet",
    "imageUrl": "https://shop.coles.com.au/wcsstore/Coles-CAS/images/2/0/2/2023754-th.jpg",
    "categories": ["meat-seafood-deli"],
    "tags": ["meat", "bef"],
    "locations": {
      "vic": {
        "price": 12.9,
        "promoText": " ",
        "packageSize": "approx. 300g",
        "packagePrice": "$43.00 per 1Kg"
      }
    }
  },
  {
    "id": "coles-oyster-blade-steak",
    "brand": "Coles",
    "name": "Oyster Blade Steak",
    "imageUrl": "https://shop.coles.com.au/wcsstore/Coles-CAS/images/3/5/8/3582434-th.jpg",
    "categories": ["meat-seafood-deli"],
    "tags": ["meat", "bef"],
    "locations": {
      "vic": {
        "price": 8.5,
        "promoText": "$0.50 ",
        "packageSize": "450g",
        "packagePrice": "$18.89 per 1Kg"
      }
    }
  },
  {
    "id": "coles-finest-angus-beef-eye-fillet-steak",
    "brand": "Coles Finest",
    "name": "Angus Beef Eye Fillet Steak 1 Piece",
    "imageUrl": "https://shop.coles.com.au/wcsstore/Coles-CAS/images/8/7/7/8772302-th.jpg",
    "categories": ["meat-seafood-deli"],
    "tags": ["meat", "bef"],
    "locations": {
      "vic": {
        "price": 15.36,
        "promoText": " ",
        "packageSize": "approx. 256g",
        "packagePrice": "$60.00 per 1Kg"
      }
    }
  },
  {
    "id": "coles-bef-blade-roast-with-pastrami-rub",
    "brand": "Coles",
    "name": "Beef Blade Roast With Pastrami Rub",
    "imageUrl": "https://shop.coles.com.au/wcsstore/Coles-CAS/images/3/7/6/3767393-th.jpg",
    "categories": ["meat-seafood-deli"],
    "tags": ["meat", "bef"],
    "locations": {
      "vic": {
        "price": 16,
        "promoText": "$2.00 ",
        "packageSize": "approx. 1kg",
        "packagePrice": "$16.00 per 1Kg"
      }
    }
  },
  {
    "id": "cook-with-curtis-beef-mince-mexican",
    "brand": "Cook With Curtis",
    "name": "Mexican Recipe Beef Mince",
    "imageUrl": "https://shop.coles.com.au/wcsstore/Coles-CAS/images/3/5/1/3517206-th.jpg",
    "categories": ["meat-seafood-deli"],
    "tags": ["meat", "bef"],
    "locations": {
      "vic": {
        "price": 7,
        "promoText": "$1.50 ",
        "packageSize": "500g",
        "packagePrice": "$14.00 per 1Kg"
      }
    }
  },
  {
    "id": "coles-no-added-hormone-beef-11x5-scotch-fillet",
    "brand": "Coles",
    "name": "No Added Hormone Thinly Sliced Beef Scotch Fillet",
    "imageUrl": "https://shop.coles.com.au/wcsstore/Coles-CAS/images/3/5/8/3581963-th.jpg",
    "categories": ["meat-seafood-deli"],
    "tags": ["meat", "bef"],
    "locations": {
      "vic": {
        "price": 15,
        "promoText": " ",
        "packageSize": "400g",
        "packagePrice": "$37.50 per 1Kg"
      }
    }
  },
  {
    "id": "coles-bef-and-pork-meat-loaf",
    "brand": "Coles",
    "name": "Beef And Pork Meat Loaf",
    "imageUrl": "https://shop.coles.com.au/wcsstore/Coles-CAS/images/3/7/6/3766222-th.jpg",
    "categories": ["meat-seafood-deli"],
    "tags": ["meat", "bef"],
    "locations": {
      "vic": {
        "price": 10,
        "promoText": " ",
        "packageSize": "600g",
        "packagePrice": "$16.67 per 1Kg"
      }
    }
  },
  {
    "id": "cook-with-curtis-mince-chinese-style-pork-mince",
    "brand": "Cook With Curtis",
    "name": "Chinese Recipe Pork Mince",
    "imageUrl": "https://shop.coles.com.au/wcsstore/Coles-CAS/images/3/5/1/3517170-th.jpg",
    "categories": ["meat-seafood-deli"],
    "tags": ["meat", "bef"],
    "locations": {
      "vic": {
        "price": 7,
        "promoText": "$1.50 ",
        "packageSize": "500g",
        "packagePrice": "$14.00 per 1Kg"
      }
    }
  },
  {
    "id": "coles-beef-osso-bucco-2-3-pieces",
    "brand": "Coles",
    "name": "No Added Hormone Beef Osso Bucco",
    "imageUrl": "https://shop.coles.com.au/wcsstore/Coles-CAS/images/8/9/2/8927806-th.jpg",
    "categories": ["meat-seafood-deli"],
    "tags": ["meat", "bef"],
    "locations": {
      "vic": {
        "price": 16.2,
        "promoText": " ",
        "packageSize": "approx. 900g",
        "packagePrice": "$18.00 per 1Kg"
      }
    }
  },
  {
    "id": "coles-one-pot-bef-bourguignon",
    "brand": "Coles",
    "name": "One Pot Beef Bourguignon",
    "imageUrl": "https://shop.coles.com.au/wcsstore/Coles-CAS/images/3/7/6/3767190-th.jpg",
    "categories": ["meat-seafood-deli"],
    "tags": ["meat", "bef"],
    "locations": {
      "vic": {
        "price": 13,
        "promoText": " ",
        "packageSize": "500g",
        "packagePrice": "$26.00 per 1Kg"
      }
    }
  },
  {
    "id": "coles-one-pot-bef-madras",
    "brand": "Coles",
    "name": "One Pot Beef Madras",
    "imageUrl": "https://shop.coles.com.au/wcsstore/Coles-CAS/images/3/7/6/3767316-th.jpg",
    "categories": ["meat-seafood-deli"],
    "tags": ["meat", "bef"],
    "locations": {
      "vic": {
        "price": 13,
        "promoText": " ",
        "packageSize": "500g",
        "packagePrice": "$26.00 per 1Kg"
      }
    }
  },
  {
    "id": "coles-one-pot-bef-mexican",
    "brand": "Coles",
    "name": "One Pot Beef Mexican",
    "imageUrl": "https://shop.coles.com.au/wcsstore/Coles-CAS/images/3/7/6/3767247-th.jpg",
    "categories": ["meat-seafood-deli"],
    "tags": ["meat", "bef"],
    "locations": {
      "vic": {
        "price": 13,
        "promoText": " ",
        "packageSize": "500g",
        "packagePrice": "$26.00 per 1Kg"
      }
    }
  },
  {
    "id": "cok-with-curtis-korean-bef-mince",
    "brand": "Cook With Curtis",
    "name": "Korean Recipe Beef Mince",
    "imageUrl": "https://shop.coles.com.au/wcsstore/Coles-CAS/images/3/4/9/3495170-th.jpg",
    "categories": ["meat-seafood-deli"],
    "tags": ["meat", "bef"],
    "locations": {
      "vic": {
        "price": 7,
        "promoText": "$1.50 ",
        "packageSize": "500g",
        "packagePrice": "$14.00 per 1Kg"
      }
    }
  },
  {
    "id": "coles-rspca-free-range-chicken-breast-single",
    "brand": "Coles",
    "name": "RSPCA Approved Free Range Chicken Breast Fillet",
    "imageUrl": "https://shop.coles.com.au/wcsstore/Coles-CAS/images/3/2/2/3228730-th.jpg",
    "categories": ["meat-seafood-deli"],
    "tags": ["meat", "chicken"],
    "locations": {
      "vic": {
        "price": 7.2,
        "promoText": " ",
        "packageSize": "approx. 450g",
        "packagePrice": "$16.00 per 1Kg"
      }
    }
  },
  {
    "id": "coles-chicken-mince",
    "brand": "Coles",
    "name": "RSPCA Approved Chicken Breast Mince",
    "imageUrl": "https://shop.coles.com.au/wcsstore/Coles-CAS/images/8/4/2/8428646-th.jpg",
    "categories": ["meat-seafood-deli"],
    "tags": ["meat", "chicken"],
    "locations": {
      "vic": {
        "price": 6,
        "promoText": "2 for $10",
        "packageSize": "500g",
        "packagePrice": "$12.00 per 1Kg"
      }
    }
  },
  {
    "id": "coles-chicken-breast-schnitzel",
    "brand": "Coles",
    "name": "RSPCA Approved Chicken Breast Schnitzel Plain Crumb",
    "imageUrl": "https://shop.coles.com.au/wcsstore/Coles-CAS/images/5/9/6/5969865-th.jpg",
    "categories": ["meat-seafood-deli"],
    "tags": ["meat", "chicken"],
    "locations": {
      "vic": {
        "price": 9,
        "promoText": " ",
        "packageSize": "600g",
        "packagePrice": "$15.00 per 1Kg"
      }
    }
  },
  {
    "id": "san-remo-la-pasta-single-snack-alfredo",
    "brand": "San Remo",
    "name": "La Pasta Single Snack Alfredo Pasta & Sauce",
    "imageUrl": "https://shop.coles.com.au/wcsstore/Coles-CAS/images/5/1/7/5177244-th.jpg",
    "categories": ["meat-seafood-deli"],
    "tags": ["meat", "chicken"],
    "locations": {
      "vic": {
        "price": 1,
        "promoText": " ",
        "packageSize": "80g",
        "packagePrice": "$1.25 per 100G"
      }
    }
  },
  {
    "id": "coles-free-range-rspca-chicken-thigh-cutlets",
    "brand": "Coles",
    "name": "RSPCA Approved Free Range Chicken Thigh Cutlets",
    "imageUrl": "https://shop.coles.com.au/wcsstore/Coles-CAS/images/3/5/5/3559545-th.jpg",
    "categories": ["meat-seafood-deli"],
    "tags": ["meat", "chicken"],
    "locations": {
      "vic": {
        "price": 8.4,
        "promoText": " ",
        "packageSize": "approx. 800g",
        "packagePrice": "$10.50 per 1Kg"
      }
    }
  },
  {
    "id": "lilydale-chicken-drumsticks-bulk",
    "brand": "Lilydale",
    "name": "Free Range Chicken Drumsticks Bulk",
    "imageUrl": "https://shop.coles.com.au/wcsstore/Coles-CAS/images/2/3/0/2303852-th.jpg",
    "categories": ["meat-seafood-deli"],
    "tags": ["meat", "chicken"],
    "locations": {
      "vic": {
        "price": 6,
        "promoText": " ",
        "packageSize": "approx. 1kg",
        "packagePrice": "$6.00 per 1Kg"
      }
    }
  },
  {
    "id": "coles-rspca-free-range-chicken-drumsticks",
    "brand": "Coles",
    "name": "Free Range RSPCA Approved Chicken Drumsticks",
    "imageUrl": "https://shop.coles.com.au/wcsstore/Coles-CAS/images/3/2/2/3228774-th.jpg",
    "categories": ["meat-seafood-deli"],
    "tags": ["meat", "chicken"],
    "locations": {
      "vic": {
        "price": 6.05,
        "promoText": " ",
        "packageSize": "approx. 1.1Kg",
        "packagePrice": "$5.50 per 1Kg"
      }
    }
  },
  {
    "id": "coles-rspca-free-range-chicken-whole",
    "brand": "Coles",
    "name": "Free Range  RSPCA Approved Whole Chicken",
    "imageUrl": "https://shop.coles.com.au/wcsstore/Coles-CAS/images/3/2/2/3228810-th.jpg",
    "categories": ["meat-seafood-deli"],
    "tags": ["meat", "chicken"],
    "locations": {
      "vic": {
        "price": 10.4,
        "promoText": "Was $11.52 on Sep 2019 ",
        "packageSize": "approx. 1.6Kg",
        "packagePrice": "$6.50 per 1Kg"
      }
    }
  },
  {
    "id": "coles-chicken-kiev-crumbed-family-pack",
    "brand": "Coles",
    "name": "RSPCA Approved Boneless Kiev Chicken Breast",
    "imageUrl": "https://shop.coles.com.au/wcsstore/Coles-CAS/images/5/9/7/5970321-th.jpg",
    "categories": ["meat-seafood-deli"],
    "tags": ["meat", "chicken"],
    "locations": {
      "vic": {
        "price": 8,
        "promoText": "Was $10.90 on Jan 2019 ",
        "packageSize": "700g",
        "packagePrice": "$11.43 per 1Kg"
      }
    }
  },
  {
    "id": "coles-rspca-chicken-kebabs-nut-fre-satay",
    "brand": "Coles",
    "name": "RSPCA Approved Chicken Kebabs Nut Free Satay",
    "imageUrl": "https://shop.coles.com.au/wcsstore/Coles-CAS/images/3/7/5/3759409-th.jpg",
    "categories": ["meat-seafood-deli"],
    "tags": ["meat", "chicken"],
    "locations": {
      "vic": {
        "price": 7,
        "promoText": " ",
        "packageSize": "375g",
        "packagePrice": "$18.67 per 1Kg"
      }
    }
  },
  {
    "id": "coles-rspca-chicken-breast-sizzle-mushroom",
    "brand": "Coles",
    "name": "Made Easy Prosciutto Wrapped Chicken Breasts With Mushroom Butter",
    "imageUrl": "https://shop.coles.com.au/wcsstore/Coles-CAS/images/3/5/6/3567281-th.jpg",
    "categories": ["meat-seafood-deli"],
    "tags": ["meat", "chicken"],
    "locations": {
      "vic": {
        "price": 10,
        "promoText": " ",
        "packageSize": "360g",
        "packagePrice": "$2.78 per 100G"
      }
    }
  },
  {
    "id": "coles-rspca-chicken-kebabs-honey-soy",
    "brand": "Coles",
    "name": "RSPCA Approved Chicken Kebabs Honey & Soy",
    "imageUrl": "https://shop.coles.com.au/wcsstore/Coles-CAS/images/3/7/4/3745878-th.jpg",
    "categories": ["meat-seafood-deli"],
    "tags": ["meat", "chicken"],
    "locations": {
      "vic": {
        "price": 10,
        "promoText": " ",
        "packageSize": "750g",
        "packagePrice": "$13.33 per 1Kg"
      }
    }
  },
  {
    "id": "lilydale--free-range-chicken-stir-fry",
    "brand": "Lilydale",
    "name": "Free Range Chicken Stir Fry",
    "imageUrl": "https://shop.coles.com.au/wcsstore/Coles-CAS/images/1/8/3/1833373-th.jpg",
    "categories": ["meat-seafood-deli"],
    "tags": ["meat", "chicken"],
    "locations": {
      "vic": {
        "price": 10.5,
        "promoText": " ",
        "packageSize": "500g",
        "packagePrice": "$21.00 per 1Kg"
      }
    }
  },
  {
    "id": "coles-made-easy-chicken-parmessan-puff-parcel",
    "brand": "Coles",
    "name": "Made Easy Chicken Puff Pastry Parcels With Parmesan & Garlic",
    "imageUrl": "https://shop.coles.com.au/wcsstore/Coles-CAS/images/2/2/9/2292337-th.jpg",
    "categories": ["meat-seafood-deli"],
    "tags": ["meat", "chicken"],
    "locations": {
      "vic": {
        "price": 8,
        "promoText": " ",
        "packageSize": "350g",
        "packagePrice": "$2.29 per 100G"
      }
    }
  },
  {
    "id": "coles-rspca-approved-chicken-stir-fry-2263292p",
    "brand": "Coles",
    "name": "RSPCA Approved Chicken Fresh Breast Stir Fry",
    "imageUrl": "https://shop.coles.com.au/wcsstore/Coles-CAS/images/2/2/6/2263292-th.jpg",
    "categories": ["meat-seafood-deli"],
    "tags": ["meat", "chicken"],
    "locations": {
      "vic": {
        "price": 8.5,
        "promoText": "Was $9.00 on Oct 2018 ",
        "packageSize": "approx. 500g",
        "packagePrice": "$17.00 per 1Kg"
      }
    }
  },
  {
    "id": "coles-rspca-approved-chicken-burger-plain-crumb",
    "brand": "Coles",
    "name": "RSPCA Approved Chicken Breast Burgers Plain Crumb",
    "imageUrl": "https://shop.coles.com.au/wcsstore/Coles-CAS/images/2/9/0/2903940-th.jpg",
    "categories": ["meat-seafood-deli"],
    "tags": ["meat", "chicken"],
    "locations": {
      "vic": {
        "price": 5.5,
        "promoText": " ",
        "packageSize": "400g",
        "packagePrice": "$13.75 per 1Kg"
      }
    }
  },
  {
    "id": "coles-rspca-chicken-enchilada",
    "brand": "Coles",
    "name": "Made Easy Chicken Enchiladas With Beans & Cheese",
    "imageUrl": "https://shop.coles.com.au/wcsstore/Coles-CAS/images/3/0/2/3024843-th.jpg",
    "categories": ["meat-seafood-deli"],
    "tags": ["meat", "chicken"],
    "locations": {
      "vic": {
        "price": 7,
        "promoText": " ",
        "packageSize": "450g",
        "packagePrice": "$1.56 per 100G"
      }
    }
  },
  {
    "id": "coles-rspca-chicken-frames",
    "brand": "Coles",
    "name": "RSPCA Approved Chicken Frames",
    "imageUrl": "https://shop.coles.com.au/wcsstore/Coles-CAS/images/3/1/9/3199541-th.jpg",
    "categories": ["meat-seafood-deli"],
    "tags": ["meat", "chicken"],
    "locations": {
      "vic": {
        "price": 3.38,
        "promoText": " ",
        "packageSize": "approx. 750g",
        "packagePrice": "$4.50 per 1Kg"
      }
    }
  },
  {
    "id": "slow-hills-rspca-chicken-drumsticks",
    "brand": "Slow Hills",
    "name": "RSPCA Approved Free Range Chicken Drumsticks",
    "imageUrl": "https://shop.coles.com.au/wcsstore/Coles-CAS/images/3/5/6/3560001-th.jpg",
    "categories": ["meat-seafood-deli"],
    "tags": ["meat", "chicken"],
    "locations": {
      "vic": {
        "price": 6,
        "promoText": " ",
        "packageSize": "450g",
        "packagePrice": "$1.33 per 100G"
      }
    }
  },
  {
    "id": "slow-hills-rspca-chicken-breast-supreme",
    "brand": "Slow Hills",
    "name": "RSPCA Approved Free Range Chicken Breast Supreme",
    "imageUrl": "https://shop.coles.com.au/wcsstore/Coles-CAS/images/3/5/5/3559691-th.jpg",
    "categories": ["meat-seafood-deli"],
    "tags": ["meat", "chicken"],
    "locations": {
      "vic": {
        "price": 12.5,
        "promoText": "$1.50 ",
        "packageSize": "550g",
        "packagePrice": "$22.73 per 1Kg"
      }
    }
  },
  {
    "id": "coles-rspca-chicken-wings-nashville-hot-crumb",
    "brand": "Coles",
    "name": "RSPCA Approved Chicken Hot Wings Nashville With Spicy Sauce",
    "imageUrl": "https://shop.coles.com.au/wcsstore/Coles-CAS/images/3/1/7/3175587-th.jpg",
    "categories": ["meat-seafood-deli"],
    "tags": ["meat", "chicken"],
    "locations": {
      "vic": {
        "price": 7,
        "promoText": "$1.00 ",
        "packageSize": "600g",
        "packagePrice": "$11.67 per 1Kg"
      }
    }
  },
  {
    "id": "coles-rspca-chicken-popcorn-southern-fried-3743114p",
    "brand": "Coles",
    "name": "RSPCA Approved Chicken Popcorn Southern Fried",
    "imageUrl": "https://shop.coles.com.au/wcsstore/Coles-CAS/images/3/7/4/3743114-th.jpg",
    "categories": ["meat-seafood-deli"],
    "tags": ["meat", "chicken"],
    "locations": {
      "vic": {
        "price": 10,
        "promoText": " ",
        "packageSize": "600g",
        "packagePrice": "$16.67 per 1Kg"
      }
    }
  },
  {
    "id": "slow-hills-rspca-chicken-wings",
    "brand": "Slow Hills",
    "name": "RSPCA Approved Free Range Chicken Wings",
    "imageUrl": "https://shop.coles.com.au/wcsstore/Coles-CAS/images/3/5/5/3559884-th.jpg",
    "categories": ["meat-seafood-deli"],
    "tags": ["meat", "chicken"],
    "locations": {
      "vic": {
        "price": 7,
        "promoText": "$1.00 ",
        "packageSize": "550g",
        "packagePrice": "$12.73 per 1Kg"
      }
    }
  },
  {
    "id": "slow-hills-rspca-chicken-maryland-supreme",
    "brand": "Slow Hills",
    "name": "RSPCA Approved Free Range Chicken Marylands",
    "imageUrl": "https://shop.coles.com.au/wcsstore/Coles-CAS/images/3/5/5/3559851-th.jpg",
    "categories": ["meat-seafood-deli"],
    "tags": ["meat", "chicken"],
    "locations": {
      "vic": {
        "price": 9,
        "promoText": " ",
        "packageSize": "600g",
        "packagePrice": "$15.00 per 1Kg"
      }
    }
  },
  {
    "id": "slow-hills-rspca-chicken-whole",
    "brand": "Slow Hills",
    "name": "RSPCA Approved Free Range Whole Chicken",
    "imageUrl": "https://shop.coles.com.au/wcsstore/Coles-CAS/images/3/5/5/3559895-th.jpg",
    "categories": ["meat-seafood-deli"],
    "tags": ["meat", "chicken"],
    "locations": {
      "vic": {
        "price": 15.84,
        "promoText": " ",
        "packageSize": "approx 1.6 Kg",
        "packagePrice": "$9.90 per 1Kg"
      }
    }
  },
  {
    "id": "slow-hills-rspca-chicken-thigh-fillets",
    "brand": "Slow Hills",
    "name": "RSPCA Chicken Thigh Fillets",
    "imageUrl": "https://shop.coles.com.au/wcsstore/Coles-CAS/images/3/5/5/3559920-th.jpg",
    "categories": ["meat-seafood-deli"],
    "tags": ["meat", "chicken"],
    "locations": {
      "vic": {
        "price": 10.5,
        "promoText": "$1.50 ",
        "packageSize": "400g",
        "packagePrice": "$26.25 per 1Kg"
      }
    }
  },
  {
    "id": "slow-hills-rspca-chicken-breast-fillets",
    "brand": "Slow Hills",
    "name": "RSPCA Approved Chicken Breast Fillets",
    "imageUrl": "https://shop.coles.com.au/wcsstore/Coles-CAS/images/3/5/5/3559771-th.jpg",
    "categories": ["meat-seafood-deli"],
    "tags": ["meat", "chicken"],
    "locations": {
      "vic": {
        "price": 13,
        "promoText": " ",
        "packageSize": "550g",
        "packagePrice": "$23.64 per 1Kg"
      }
    }
  },
  {
    "id": "coles-chicken-breast-fillets-mini",
    "brand": "Coles",
    "name": "RSPCA Approved Chicken Breast Tenders Plain Crumb",
    "imageUrl": "https://shop.coles.com.au/wcsstore/Coles-CAS/images/5/2/4/5245990-th.jpg",
    "categories": ["meat-seafood-deli"],
    "tags": ["meat", "chicken"],
    "locations": {
      "vic": {
        "price": 7.5,
        "promoText": " ",
        "packageSize": "400g",
        "packagePrice": "$18.75 per 1Kg"
      }
    }
  },
  {
    "id": "servery-free-range-chicken-thigh",
    "brand": "Meat Servery",
    "name": "Free Range Chicken Thigh",
    "imageUrl": "https://shop.coles.com.au/wcsstore/ColesResponsiveStorefrontAssetStore/dist/ccfc54aed6e361b650bcf0582f7b576b/img/img_product-placeholder.png",
    "categories": ["meat-seafood-deli"],
    "tags": ["meat", "chicken"],
    "locations": {
      "vic": {
        "price": 2.25,
        "promoText": " ",
        "packageSize": "approx. 150g",
        "packagePrice": "$15.00 per 1Kg"
      }
    }
  },
  {
    "id": "servery-free-range-chicken-breast",
    "brand": "Meat Servery",
    "name": "Free Range Chicken Breast",
    "imageUrl": "https://shop.coles.com.au/wcsstore/ColesResponsiveStorefrontAssetStore/dist/ccfc54aed6e361b650bcf0582f7b576b/img/img_product-placeholder.png",
    "categories": ["meat-seafood-deli"],
    "tags": ["meat", "chicken"],
    "locations": {
      "vic": {
        "price": 3.75,
        "promoText": " ",
        "packageSize": "approx. 250g",
        "packagePrice": "$15.00 per 1Kg"
      }
    }
  },
  {
    "id": "servery-free-range-chicken-kebabs",
    "brand": "Meat Servery",
    "name": "Free Range Chicken Kebabs",
    "imageUrl": "https://shop.coles.com.au/wcsstore/ColesResponsiveStorefrontAssetStore/dist/ccfc54aed6e361b650bcf0582f7b576b/img/img_product-placeholder.png",
    "categories": ["meat-seafood-deli"],
    "tags": ["meat", "chicken"],
    "locations": {
      "vic": {
        "price": 1.5,
        "promoText": " ",
        "packageSize": "",
        "packagePrice": "$1.50 per 1Ea"
      }
    }
  },
  {
    "id": "slow-hills-rspca-chicken-thigh-cutlets",
    "brand": "Slow Hills",
    "name": "RSPCA Approved Free Range Chicken Thigh Cutlets",
    "imageUrl": "https://shop.coles.com.au/wcsstore/Coles-CAS/images/3/5/5/3559986-th.jpg",
    "categories": ["meat-seafood-deli"],
    "tags": ["meat", "chicken"],
    "locations": {
      "vic": {
        "price": 13,
        "promoText": " ",
        "packageSize": "600g",
        "packagePrice": "$21.67 per 1Kg"
      }
    }
  },
  {
    "id": "coles-lamb-chops-forequarter",
    "brand": "Coles",
    "name": "Ready Retail 11x9 Lamb Forequarter Chops",
    "imageUrl": "https://shop.coles.com.au/wcsstore/Coles-CAS/images/8/5/9/8599208-th.jpg",
    "categories": ["meat-seafood-deli"],
    "tags": ["meat", "lamb"],
    "locations": {
      "vic": {
        "price": 20.01,
        "promoText": " ",
        "packageSize": "approx. 1.177kg",
        "packagePrice": "$17.00 per 1Kg"
      }
    }
  },
  {
    "id": "coles-lamb-mince-8850053p",
    "brand": "Coles",
    "name": "Regular Lamb Mince",
    "imageUrl": "https://shop.coles.com.au/wcsstore/Coles-CAS/images/8/8/5/8850053-th.jpg",
    "categories": ["meat-seafood-deli"],
    "tags": ["meat", "lamb"],
    "locations": {
      "vic": {
        "price": 7.5,
        "promoText": " ",
        "packageSize": "500g",
        "packagePrice": "$15.00 per 1Kg"
      }
    }
  },
  {
    "id": "coles-grill-lamb-souvlaki-strips",
    "brand": "Coles",
    "name": "Made Easy Lamb Strips In Souvlaki Seasoning",
    "imageUrl": "https://shop.coles.com.au/wcsstore/Coles-CAS/images/1/4/9/1496411-th.jpg",
    "categories": ["meat-seafood-deli"],
    "tags": ["meat", "lamb"],
    "locations": {
      "vic": {
        "price": 12,
        "promoText": " ",
        "packageSize": "500g",
        "packagePrice": "$24.00 per 1Kg"
      }
    }
  },
  {
    "id": "coles-lamb-cutlets-3305070p",
    "brand": "Coles",
    "name": "Lamb Cutlets 7x5",
    "imageUrl": "https://shop.coles.com.au/wcsstore/Coles-CAS/images/3/3/0/3305070-th.jpg",
    "categories": ["meat-seafood-deli"],
    "tags": ["meat", "lamb"],
    "locations": {
      "vic": {
        "price": 10.24,
        "promoText": "$3.20 ",
        "packageSize": "approx. 320g",
        "packagePrice": "$32.00 per 1Kg"
      }
    }
  },
  {
    "id": "coles-graze-lamb-mince-3697709p",
    "brand": "Coles",
    "name": "Graze Lamb Mince",
    "imageUrl": "https://shop.coles.com.au/wcsstore/Coles-CAS/images/3/6/9/3697709-th.jpg",
    "categories": ["meat-seafood-deli"],
    "tags": ["meat", "lamb"],
    "locations": {
      "vic": {
        "price": 8.5,
        "promoText": " ",
        "packageSize": "500g",
        "packagePrice": "$17.00 per 1Kg"
      }
    }
  },
  {
    "id": "coles-lamb-rack-roast",
    "brand": "Coles",
    "name": "Lamb Rack Roast",
    "imageUrl": "https://shop.coles.com.au/wcsstore/Coles-CAS/images/9/2/6/9264409-th.jpg",
    "categories": ["meat-seafood-deli"],
    "tags": ["meat", "lamb"],
    "locations": {
      "vic": {
        "price": 15.48,
        "promoText": " ",
        "packageSize": "approx. 430g",
        "packagePrice": "$36.00 per 1Kg"
      }
    }
  },
  {
    "id": "coles-lamb-boneless-shank",
    "brand": "Coles",
    "name": "Boneless Lamb Shank Meat",
    "imageUrl": "https://shop.coles.com.au/wcsstore/Coles-CAS/images/2/7/2/2727699-th.jpg",
    "categories": ["meat-seafood-deli"],
    "tags": ["meat", "lamb"],
    "locations": {
      "vic": {
        "price": 12.65,
        "promoText": " ",
        "packageSize": "approx. 575g",
        "packagePrice": "$22.00 per 1Kg"
      }
    }
  },
  {
    "id": "coles-made-easy-lamb-shanks-in-red-wine",
    "brand": "Coles",
    "name": "Made Easy Slow Cooked Lamb Shanks With Red Wine Sauce",
    "imageUrl": "https://shop.coles.com.au/wcsstore/Coles-CAS/images/1/2/0/1200402-th.jpg",
    "categories": ["meat-seafood-deli"],
    "tags": ["meat", "lamb"],
    "locations": {
      "vic": {
        "price": 12,
        "promoText": "$3.00 ",
        "packageSize": "900g",
        "packagePrice": "$13.33 per 1Kg"
      }
    }
  },
  {
    "id": "coles-graze-lamb-round-bone",
    "brand": "Coles",
    "name": "Graze Lamb Round Bone",
    "imageUrl": "https://shop.coles.com.au/wcsstore/Coles-CAS/images/3/6/9/3693763-th.jpg",
    "categories": ["meat-seafood-deli"],
    "tags": ["meat", "lamb"],
    "locations": {
      "vic": {
        "price": 8.4,
        "promoText": " ",
        "packageSize": "Approx. 300g",
        "packagePrice": "$28.00 per 1Kg"
      }
    }
  },
  {
    "id": "coles-pork-beef-(bolognese)-mince",
    "brand": "Coles",
    "name": "Pork & Beef Regular Bolognese Mince",
    "imageUrl": "https://shop.coles.com.au/wcsstore/Coles-CAS/images/8/7/8/8782725-th.jpg",
    "categories": ["meat-seafood-deli"],
    "tags": ["meat", "pork"],
    "locations": {
      "vic": {
        "price": 6.5,
        "promoText": " ",
        "packageSize": "500g",
        "packagePrice": "$13.00 per 1Kg"
      }
    }
  },
  {
    "id": "steggles-turkey-mince",
    "brand": "Steggles",
    "name": "Turkey Mince",
    "imageUrl": "https://shop.coles.com.au/wcsstore/Coles-CAS/images/9/2/7/9277808-th.jpg",
    "categories": ["meat-seafood-deli"],
    "tags": ["meat", "turkey"],
    "locations": {
      "vic": {
        "price": 6,
        "promoText": "2 for $11",
        "packageSize": "500g",
        "packagePrice": "$12.00 per 1Kg"
      }
    }
  },
  {
    "id": "steggles-turkey-mini-fillets",
    "brand": "Steggles",
    "name": "Turkey Tenderloins",
    "imageUrl": "https://shop.coles.com.au/wcsstore/Coles-CAS/images/3/7/6/3764034-th.jpg",
    "categories": ["meat-seafood-deli"],
    "tags": ["meat", "turkey"],
    "locations": {
      "vic": {
        "price": 9,
        "promoText": "$1.00 ",
        "packageSize": "400g",
        "packagePrice": "$22.50 per 1Kg"
      }
    }
  },
  {
    "id": "sophies-kitchen-crumbed-prawns",
    "brand": "Sophies Kitchen",
    "name": "Crumbed Prawns",
    "imageUrl": "https://shop.coles.com.au/wcsstore/Coles-CAS/images/3/5/7/3570504-th.jpg",
    "categories": ["meat-seafood-deli"],
    "tags": ["meat", "veal"],
    "locations": {
      "vic": {
        "price": 7,
        "promoText": " ",
        "packageSize": "250g",
        "packagePrice": "$28.00 per 1Kg"
      }
    }
  },
  {
    "id": "macro-meats-kangaroo-mince",
    "brand": "K-Roo",
    "name": "Kangaroo Mince",
    "imageUrl": "https://shop.coles.com.au/wcsstore/Coles-CAS/images/9/0/0/9007723-th.jpg",
    "categories": ["meat-seafood-deli"],
    "tags": ["meat", "game"],
    "locations": {
      "vic": {
        "price": 11.5,
        "promoText": " ",
        "packageSize": "1kg",
        "packagePrice": "$11.50 per 1Kg"
      }
    }
  },
  {
    "id": "macro-meats-kangaroo-diced",
    "brand": "K-Roo",
    "name": "Kangaroo Diced",
    "imageUrl": "https://shop.coles.com.au/wcsstore/Coles-CAS/images/2/0/2/2023110-th.jpg",
    "categories": ["meat-seafood-deli"],
    "tags": ["meat", "game"],
    "locations": {
      "vic": {
        "price": 9.4,
        "promoText": " ",
        "packageSize": "500g",
        "packagePrice": "$18.80 per 1Kg"
      }
    }
  },
  {
    "id": "macro-meats-kangaroo-steak-herb-and-garlic",
    "brand": "K-Roo",
    "name": "Kangaroo Herb and Garlic Marinated Steak",
    "imageUrl": "https://shop.coles.com.au/wcsstore/Coles-CAS/images/8/9/6/8968155-th.jpg",
    "categories": ["meat-seafood-deli"],
    "tags": ["meat", "game"],
    "locations": {
      "vic": {
        "price": 12,
        "promoText": " ",
        "packageSize": "approx. 600g",
        "packagePrice": "$20.00 per 1Kg"
      }
    }
  },
  {
    "id": "macro-meats-kanga-bangas",
    "brand": "K-Roo",
    "name": "Kanga Bangas",
    "imageUrl": "https://shop.coles.com.au/wcsstore/Coles-CAS/images/1/2/0/1200231-th.jpg",
    "categories": ["meat-seafood-deli"],
    "tags": ["meat", "game"],
    "locations": {
      "vic": {
        "price": 6.4,
        "promoText": " ",
        "packageSize": "500g",
        "packagePrice": "$12.80 per 1Kg"
      }
    }
  },
  {
    "id": "macro-meats-burgers-kanga",
    "brand": "K-Roo",
    "name": "Kangaroo Burger",
    "imageUrl": "https://shop.coles.com.au/wcsstore/Coles-CAS/images/8/4/5/8450565-th.jpg",
    "categories": ["meat-seafood-deli"],
    "tags": ["meat", "game"],
    "locations": {
      "vic": {
        "price": 6.4,
        "promoText": " ",
        "packageSize": "440g",
        "packagePrice": "$14.55 per 1Kg"
      }
    }
  },
  {
    "id": "coles-meatballs-beef-pork",
    "brand": "Coles",
    "name": "Classic Beef & Pork Meatballs 28 Pack",
    "imageUrl": "https://shop.coles.com.au/wcsstore/Coles-CAS/images/3/5/6/3569447-th.jpg",
    "categories": ["meat-seafood-deli"],
    "tags": ["meat", "burgers-and-sausages"],
    "locations": {
      "vic": {
        "price": 6.5,
        "promoText": "$1.50 ",
        "packageSize": "560g",
        "packagePrice": "$11.61 per 1Kg"
      }
    }
  },
  {
    "id": "coles-value-pork-sausages",
    "brand": "Coles",
    "name": "Thin BBQ Pork Sausages",
    "imageUrl": "https://shop.coles.com.au/wcsstore/Coles-CAS/images/3/5/6/3569232-th.jpg",
    "categories": ["meat-seafood-deli"],
    "tags": ["meat", "burgers-and-sausages"],
    "locations": {
      "vic": {
        "price": 5,
        "promoText": " ",
        "packageSize": "560g",
        "packagePrice": "$0.89 per 100G"
      }
    }
  },
  {
    "id": "coles-butcher-sausage-mince",
    "brand": "Coles",
    "name": "Gluten Free Sausage Mince",
    "imageUrl": "https://shop.coles.com.au/wcsstore/Coles-CAS/images/6/8/6/6869141-th.jpg",
    "categories": ["meat-seafood-deli"],
    "tags": ["meat", "burgers-and-sausages"],
    "locations": {
      "vic": {
        "price": 4.5,
        "promoText": " ",
        "packageSize": "500g",
        "packagePrice": "$9.00 per 1Kg"
      }
    }
  },
  {
    "id": "coles-beef-and-pork-chevap",
    "brand": "Coles",
    "name": "Beef And Pork Chevap",
    "imageUrl": "https://shop.coles.com.au/wcsstore/Coles-CAS/images/3/6/0/3605540-th.jpg",
    "categories": ["meat-seafood-deli"],
    "tags": ["meat", "burgers-and-sausages"],
    "locations": {
      "vic": {
        "price": 6.5,
        "promoText": " ",
        "packageSize": "400g",
        "packagePrice": "$1.63 per 100G"
      }
    }
  },
  {
    "id": "coles-bbq-pack-3269410p",
    "brand": "Coles",
    "name": "BBQ Pack",
    "imageUrl": "https://shop.coles.com.au/wcsstore/Coles-CAS/images/3/2/6/3269410-th.jpg",
    "categories": ["meat-seafood-deli"],
    "tags": ["meat", "burgers-and-sausages"],
    "locations": {
      "vic": {
        "price": 9,
        "promoText": "Was $9.50 on Jan 2020 ",
        "packageSize": "1kg",
        "packagePrice": "$9.00 per 1Kg"
      }
    }
  },
  {
    "id": "coles-bacon-short-cut-rindless-1015411p",
    "brand": "Coles",
    "name": "Short Cut Bacon Rindless",
    "imageUrl": "https://shop.coles.com.au/wcsstore/Coles-CAS/images/1/0/1/1015411-th.jpg",
    "categories": ["meat-seafood-deli", "dairy-eggs-meals"],
    "tags": ["meat", "ham-bacon"],
    "locations": {
      "vic": {
        "price": 4,
        "promoText": " ",
        "packageSize": "200g",
        "packagePrice": "$20.00 per 1Kg"
      }
    }
  },
  {
    "id": "coles-bacon-streaky",
    "brand": "Coles",
    "name": "Rindless And Wood Smoked Streaky Bacon",
    "imageUrl": "https://shop.coles.com.au/wcsstore/Coles-CAS/images/1/0/1/1015615-th.jpg",
    "categories": ["meat-seafood-deli", "dairy-eggs-meals"],
    "tags": ["meat", "ham-bacon"],
    "locations": {
      "vic": {
        "price": 6,
        "promoText": " ",
        "packageSize": "200g",
        "packagePrice": "$30.00 per 1Kg"
      }
    }
  },
  {
    "id": "coles-bacon-pan-size-rindless",
    "brand": "Coles",
    "name": "Pan Size  Bacon Rindless",
    "imageUrl": "https://shop.coles.com.au/wcsstore/Coles-CAS/images/1/0/1/1015863-th.jpg",
    "categories": ["meat-seafood-deli", "dairy-eggs-meals"],
    "tags": ["meat", "ham-bacon"],
    "locations": {
      "vic": {
        "price": 5,
        "promoText": " ",
        "packageSize": "200g",
        "packagePrice": "$25.00 per 1Kg"
      }
    }
  },
  {
    "id": "primo-shortcut-bacon-3055519p",
    "brand": "Primo",
    "name": "Gluten Free Short Cut Bacon Rindless",
    "imageUrl": "https://shop.coles.com.au/wcsstore/Coles-CAS/images/3/0/5/3055519-th.jpg",
    "categories": ["meat-seafood-deli", "dairy-eggs-meals"],
    "tags": ["meat", "ham-bacon"],
    "locations": {
      "vic": {
        "price": 18,
        "promoText": " ",
        "packageSize": "1kg",
        "packagePrice": "$18.00 per 1Kg"
      }
    }
  },
  {
    "id": "primo-streaky-bacon",
    "brand": "Primo",
    "name": "Gluten Free Streaky Bacon",
    "imageUrl": "https://shop.coles.com.au/wcsstore/Coles-CAS/images/3/0/5/3055494-th.jpg",
    "categories": ["meat-seafood-deli", "dairy-eggs-meals"],
    "tags": ["meat", "ham-bacon"],
    "locations": {
      "vic": {
        "price": 5.5,
        "promoText": " ",
        "packageSize": "200g",
        "packagePrice": "$2.75 per 100G"
      }
    }
  },
  {
    "id": "dandy-bacon-middle",
    "brand": "Dandy",
    "name": "Middle Bacon",
    "imageUrl": "https://shop.coles.com.au/wcsstore/Coles-CAS/images/1/0/2/1028220-th.jpg",
    "categories": ["meat-seafood-deli", "dairy-eggs-meals"],
    "tags": ["meat", "ham-bacon"],
    "locations": {
      "vic": {
        "price": 10,
        "promoText": " ",
        "packageSize": "1kg",
        "packagePrice": "$10.00 per 1Kg"
      }
    }
  },
  {
    "id": "primo-bacon-short-cut-rindless",
    "brand": "Primo",
    "name": "Gluten Free Rindless Short Cut  Bacon",
    "imageUrl": "https://shop.coles.com.au/wcsstore/Coles-CAS/images/5/8/1/5816343-th.jpg",
    "categories": ["meat-seafood-deli", "dairy-eggs-meals"],
    "tags": ["meat", "ham-bacon"],
    "locations": {
      "vic": {
        "price": 5,
        "promoText": " ",
        "packageSize": "175g",
        "packagePrice": "$28.57 per 1Kg"
      }
    }
  },
  {
    "id": "coles-bacon-australian-short-cut-rindless-1015422p",
    "brand": "Coles",
    "name": "Pork Short Cut Bacon Rindless",
    "imageUrl": "https://shop.coles.com.au/wcsstore/Coles-CAS/images/1/0/1/1015422-th.jpg",
    "categories": ["meat-seafood-deli", "dairy-eggs-meals"],
    "tags": ["meat", "ham-bacon"],
    "locations": {
      "vic": {
        "price": 5.5,
        "promoText": " ",
        "packageSize": "200g",
        "packagePrice": "$27.50 per 1Kg"
      }
    }
  },
  {
    "id": "primo-bacon-premium-short-cut-rindless",
    "brand": "Primo",
    "name": "Gluten Free Short Cut Bacon Rindless",
    "imageUrl": "https://shop.coles.com.au/wcsstore/Coles-CAS/images/4/2/3/4238285-th.jpg",
    "categories": ["meat-seafood-deli", "dairy-eggs-meals"],
    "tags": ["meat", "ham-bacon"],
    "locations": {
      "vic": {
        "price": 11,
        "promoText": "$4.00 ",
        "packageSize": "750g",
        "packagePrice": "$14.67 per 1Kg"
      }
    }
  },
  {
    "id": "primo-shortcut-bacon-3566085p",
    "brand": "Primo",
    "name": "Shortcut Bacon",
    "imageUrl": "https://shop.coles.com.au/wcsstore/ColesResponsiveStorefrontAssetStore/dist/ccfc54aed6e361b650bcf0582f7b576b/img/img_product-placeholder.png",
    "categories": ["meat-seafood-deli"],
    "tags": ["meat", "ham-bacon"],
    "locations": {
      "vic": {
        "price": 3.4,
        "promoText": " ",
        "packageSize": "200g",
        "packagePrice": "$1.70 per 100Kg"
      }
    }
  },
  {
    "id": "don-all-natural-pan-size-bacon-rashers",
    "brand": "Don",
    "name": "Gluten Free Pan Size Bacon Rashers",
    "imageUrl": "https://shop.coles.com.au/wcsstore/Coles-CAS/images/3/0/8/3085462-th.jpg",
    "categories": ["meat-seafood-deli", "dairy-eggs-meals"],
    "tags": ["meat", "ham-bacon"],
    "locations": {
      "vic": {
        "price": 7,
        "promoText": " ",
        "packageSize": "200g",
        "packagePrice": "$35.00 per 1Kg"
      }
    }
  },
  {
    "id": "primo-shortcut-bacon",
    "brand": "Primo",
    "name": "Gluten Free Short Cut Bacon Rindless 2 Pack",
    "imageUrl": "https://shop.coles.com.au/wcsstore/Coles-CAS/images/2/6/2/2622599-th.jpg",
    "categories": ["meat-seafood-deli", "dairy-eggs-meals"],
    "tags": ["meat", "ham-bacon"],
    "locations": {
      "vic": {
        "price": 11,
        "promoText": " ",
        "packageSize": "500g",
        "packagePrice": "$22.00 per 1Kg"
      }
    }
  },
  {
    "id": "tibaldi-authentic-ham-off-the-bone",
    "brand": "Tibaldi",
    "name": "Authentic Ham Off The Bone",
    "imageUrl": "https://shop.coles.com.au/wcsstore/Coles-CAS/images/2/6/1/2610341-th.jpg",
    "categories": ["meat-seafood-deli"],
    "tags": ["meat", "ham-bacon"],
    "locations": {
      "vic": {
        "price": 12,
        "promoText": " ",
        "packageSize": "500g",
        "packagePrice": "$24.00 per 1Kg"
      }
    }
  },
  {
    "id": "dandy-bacon-middle-1026702p",
    "brand": "Dandy",
    "name": "Middle Bacon",
    "imageUrl": "https://shop.coles.com.au/wcsstore/Coles-CAS/images/1/0/2/1026702-th.jpg",
    "categories": ["meat-seafood-deli", "dairy-eggs-meals"],
    "tags": ["meat", "ham-bacon"],
    "locations": {
      "vic": {
        "price": 3.5,
        "promoText": " ",
        "packageSize": "250g",
        "packagePrice": "$14.00 per 1Kg"
      }
    }
  },
  {
    "id": "british-sausage-co-back-bacon-smoked",
    "brand": "British Sausage Co",
    "name": "Traditional Smoked British Style Back Bacon",
    "imageUrl": "https://shop.coles.com.au/wcsstore/Coles-CAS/images/2/8/0/2805362-th.jpg",
    "categories": ["meat-seafood-deli", "dairy-eggs-meals"],
    "tags": ["meat", "ham-bacon"],
    "locations": {
      "vic": {
        "price": 6.5,
        "promoText": "$0.50 ",
        "packageSize": "200g",
        "packagePrice": "$32.50 per 1Kg"
      }
    }
  },
  {
    "id": "don-all-natural-shortcut-bacon-rashers",
    "brand": "Don",
    "name": "Gluten Free Short Cut Bacon Rashers",
    "imageUrl": "https://shop.coles.com.au/wcsstore/Coles-CAS/images/3/0/8/3085429-th.jpg",
    "categories": ["meat-seafood-deli", "dairy-eggs-meals"],
    "tags": ["meat", "ham-bacon"],
    "locations": {
      "vic": {
        "price": 7,
        "promoText": " ",
        "packageSize": "200g",
        "packagePrice": "$35.00 per 1Kg"
      }
    }
  },
  {
    "id": "primo-rindless-middle-bacon-twin-pack",
    "brand": "Primo",
    "name": "Middle Bacon Rindless 2 Pack",
    "imageUrl": "https://shop.coles.com.au/wcsstore/Coles-CAS/images/2/6/2/2622522-th.jpg",
    "categories": ["meat-seafood-deli", "dairy-eggs-meals"],
    "tags": ["meat", "ham-bacon"],
    "locations": {
      "vic": {
        "price": 11,
        "promoText": " ",
        "packageSize": "500g",
        "packagePrice": "$22.00 per 1Kg"
      }
    }
  },
  {
    "id": "primo-streaky-bacon-3568036p",
    "brand": "Primo",
    "name": "Streaky Bacon",
    "imageUrl": "https://shop.coles.com.au/wcsstore/ColesResponsiveStorefrontAssetStore/dist/ccfc54aed6e361b650bcf0582f7b576b/img/img_product-placeholder.png",
    "categories": ["meat-seafood-deli"],
    "tags": ["meat", "ham-bacon"],
    "locations": {
      "vic": {
        "price": 3.4,
        "promoText": " ",
        "packageSize": "200g",
        "packagePrice": "$1.70 per 100G"
      }
    }
  },
  {
    "id": "primo-middle-bacon-3566063p",
    "brand": "Primo",
    "name": "Middle Bacon",
    "imageUrl": "https://shop.coles.com.au/wcsstore/ColesResponsiveStorefrontAssetStore/dist/ccfc54aed6e361b650bcf0582f7b576b/img/img_product-placeholder.png",
    "categories": ["meat-seafood-deli"],
    "tags": ["meat", "ham-bacon"],
    "locations": {
      "vic": {
        "price": 4,
        "promoText": " ",
        "packageSize": "300g",
        "packagePrice": "$1.33 per 100g"
      }
    }
  },
  {
    "id": "bertocchi-ham-authentic-bless",
    "brand": "Bertocchi",
    "name": "Authentic Fully Boneless Leg Ham",
    "imageUrl": "https://shop.coles.com.au/wcsstore/Coles-CAS/images/6/1/0/6105817-th.jpg",
    "categories": ["meat-seafood-deli"],
    "tags": ["meat", "ham-bacon"],
    "locations": {
      "vic": {
        "price": 14,
        "promoText": " ",
        "packageSize": "approx. 700g",
        "packagePrice": "$20.00 per 1Kg"
      }
    }
  },
  {
    "id": "coles-meaty-pork-hocks",
    "brand": "Coles",
    "name": "Smoked Meaty Pork Leg Hock",
    "imageUrl": "https://shop.coles.com.au/wcsstore/Coles-CAS/images/3/4/7/3472389-th.jpg",
    "categories": ["meat-seafood-deli"],
    "tags": ["meat", "ham-bacon"],
    "locations": {
      "vic": {
        "price": 10.5,
        "promoText": " ",
        "packageSize": "approx. 1Kg",
        "packagePrice": "$10.50 per 1Kg"
      }
    }
  },
  {
    "id": "primo-bacon-style-pieces-twin-pack",
    "brand": "Primo",
    "name": "Gluten Free Bacon Style Pieces 2 Pack",
    "imageUrl": "https://shop.coles.com.au/wcsstore/Coles-CAS/images/5/9/4/5946032-th.jpg",
    "categories": ["meat-seafood-deli", "dairy-eggs-meals"],
    "tags": ["meat", "ham-bacon"],
    "locations": {
      "vic": {
        "price": 5,
        "promoText": " ",
        "packageSize": "300g",
        "packagePrice": "$16.67 per 1Kg"
      }
    }
  },
  {
    "id": "primo-diced-bacon-twin-pack",
    "brand": "Primo",
    "name": "Gluten Free Real Diced Bacon",
    "imageUrl": "https://shop.coles.com.au/wcsstore/Coles-CAS/images/2/7/3/2739199-th.jpg",
    "categories": ["meat-seafood-deli", "dairy-eggs-meals"],
    "tags": ["meat", "ham-bacon"],
    "locations": {
      "vic": {
        "price": 4.5,
        "promoText": " ",
        "packageSize": "200g",
        "packagePrice": "$2.25 per 100G"
      }
    }
  },
  {
    "id": "primo-pansize-bacon",
    "brand": "Primo",
    "name": "Gluten Free Pan-sized Bacon",
    "imageUrl": "https://shop.coles.com.au/wcsstore/Coles-CAS/images/2/8/0/2807448-th.jpg",
    "categories": ["meat-seafood-deli", "dairy-eggs-meals"],
    "tags": ["meat", "ham-bacon"],
    "locations": {
      "vic": {
        "price": 11,
        "promoText": "$4.00 ",
        "packageSize": "750g",
        "packagePrice": "$14.67 per 1Kg"
      }
    }
  },
  {
    "id": "primo-diced-bacon",
    "brand": "Primo",
    "name": "Diced Bacon",
    "imageUrl": "https://shop.coles.com.au/wcsstore/ColesResponsiveStorefrontAssetStore/dist/ccfc54aed6e361b650bcf0582f7b576b/img/img_product-placeholder.png",
    "categories": ["meat-seafood-deli"],
    "tags": ["meat", "ham-bacon"],
    "locations": {
      "vic": {
        "price": 3,
        "promoText": " ",
        "packageSize": "200g",
        "packagePrice": "$15.00 per 1Kg"
      }
    }
  },
  {
    "id": "coles-butcher-ham-loin-smoked-portion",
    "brand": "Coles",
    "name": "Loin Ham",
    "imageUrl": "https://shop.coles.com.au/wcsstore/Coles-CAS/images/8/7/2/8728050-th.jpg",
    "categories": ["meat-seafood-deli"],
    "tags": ["meat", "ham-bacon"],
    "locations": {
      "vic": {
        "price": 14,
        "promoText": " ",
        "packageSize": "approx. 700g",
        "packagePrice": "$20.00 per 1Kg"
      }
    }
  },
  {
    "id": "coles-butcher-ham-steaks",
    "brand": "Coles",
    "name": "Gluten Free Butcher Ham Steaks",
    "imageUrl": "https://shop.coles.com.au/wcsstore/Coles-CAS/images/5/9/8/5986922-th.jpg",
    "categories": ["meat-seafood-deli"],
    "tags": ["meat", "ham-bacon"],
    "locations": {
      "vic": {
        "price": 6,
        "promoText": " ",
        "packageSize": "375g",
        "packagePrice": "$16.00 per 1Kg"
      }
    }
  },
  {
    "id": "primo-cabanossi-twin-pack",
    "brand": "Primo",
    "name": "Cabanossi",
    "imageUrl": "https://shop.coles.com.au/wcsstore/ColesResponsiveStorefrontAssetStore/dist/ccfc54aed6e361b650bcf0582f7b576b/img/img_product-placeholder.png",
    "categories": ["meat-seafood-deli", "dairy-eggs-meals"],
    "tags": ["meat", "ham-bacon"],
    "locations": {
      "vic": {
        "price": 0,
        "promoText": " ",
        "packageSize": "300g",
        "packagePrice": ""
      }
    }
  },
  {
    "id": "cleaver-organic-beef-mince",
    "brand": "Cleaver's",
    "name": "Free Range Organic Beef Mince",
    "imageUrl": "https://shop.coles.com.au/wcsstore/Coles-CAS/images/9/2/2/9224255-th.jpg",
    "categories": ["meat-seafood-deli"],
    "tags": ["meat", "organic-meat"],
    "locations": {
      "vic": {
        "price": 11,
        "promoText": " ",
        "packageSize": "500g",
        "packagePrice": "$22.00 per 1Kg"
      }
    }
  },
  {
    "id": "cleaver-organic-beef-mince-extra-lean",
    "brand": "Cleaver's",
    "name": "Free Range Extra Lean Organic Beef Mince",
    "imageUrl": "https://shop.coles.com.au/wcsstore/Coles-CAS/images/9/2/2/9223332-th.jpg",
    "categories": ["meat-seafood-deli"],
    "tags": ["meat", "organic-meat"],
    "locations": {
      "vic": {
        "price": 13,
        "promoText": " ",
        "packageSize": "500g",
        "packagePrice": "$26.00 per 1Kg"
      }
    }
  },
  {
    "id": "cleavers-organic-meatballs",
    "brand": "Cleaver's",
    "name": "Free Range Organic Beef Meatballs",
    "imageUrl": "https://shop.coles.com.au/wcsstore/Coles-CAS/images/9/2/4/9242869-th.jpg",
    "categories": ["meat-seafood-deli"],
    "tags": ["meat", "organic-meat"],
    "locations": {
      "vic": {
        "price": 8.5,
        "promoText": " ",
        "packageSize": "400g",
        "packagePrice": "$21.25 per 1Kg"
      }
    }
  },
  {
    "id": "farm-fods-organic-bef-sausage",
    "brand": "Farm Foods",
    "name": "Organic Beef Sausage",
    "imageUrl": "https://shop.coles.com.au/wcsstore/Coles-CAS/images/3/7/8/3782047-th.jpg",
    "categories": ["meat-seafood-deli"],
    "tags": ["meat", "organic-meat"],
    "locations": {
      "vic": {
        "price": 9.5,
        "promoText": " ",
        "packageSize": "420g",
        "packagePrice": "$2.26 per 100G"
      }
    }
  },
  {
    "id": "ocean-blue-smoked-salmon",
    "brand": "Ocean Blue",
    "name": "Sliced Smoked Salmon",
    "imageUrl": "https://shop.coles.com.au/wcsstore/Coles-CAS/images/3/0/2/3024242-th.jpg",
    "categories": ["meat-seafood-deli"],
    "tags": ["seafod", "fish-4405077"],
    "locations": {
      "vic": {
        "price": 6.5,
        "promoText": " ",
        "packageSize": "100g",
        "packagePrice": "$65.00 per 1Kg"
      }
    }
  },
  {
    "id": "tassal-tasmanian-smoked-salmon-250g",
    "brand": "Tassal",
    "name": "Smoked Tassie Salmon",
    "imageUrl": "https://shop.coles.com.au/wcsstore/Coles-CAS/images/3/4/7/3477123-th.jpg",
    "categories": ["meat-seafood-deli"],
    "tags": ["seafod", "fish-4405077"],
    "locations": {
      "vic": {
        "price": 12,
        "promoText": "$2.25 ",
        "packageSize": "250g",
        "packagePrice": "$48.00 per 1Kg"
      }
    }
  },
  {
    "id": "tassal-tasmanian-hot-smoked-salmon-150g-3477360p",
    "brand": "Tassal",
    "name": "Hot Smoked Tassie Salmon With Cracked Peppercorn",
    "imageUrl": "https://shop.coles.com.au/wcsstore/Coles-CAS/images/3/4/7/3477360-th.jpg",
    "categories": ["meat-seafood-deli"],
    "tags": ["seafod", "fish-4405077"],
    "locations": {
      "vic": {
        "price": 9,
        "promoText": " ",
        "packageSize": "150g",
        "packagePrice": "$60.00 per 1Kg"
      }
    }
  },
  {
    "id": "coles-hot-smoked-salmon-pepper-150g",
    "brand": "Coles Deli",
    "name": "Hot Smoked Salmon Pepper",
    "imageUrl": "https://shop.coles.com.au/wcsstore/Coles-CAS/images/3/5/8/3582092-th.jpg",
    "categories": ["meat-seafood-deli"],
    "tags": ["seafod", "fish-4405077"],
    "locations": {
      "vic": {
        "price": 7,
        "promoText": " ",
        "packageSize": "150g",
        "packagePrice": "$46.67 per 1Kg"
      }
    }
  },
  {
    "id": "tassal-salmon-smoked-salt-reduced",
    "brand": "Tassal",
    "name": "Tasmanian Salt Reduced Smoked Salmon",
    "imageUrl": "https://shop.coles.com.au/wcsstore/Coles-CAS/images/9/8/5/9851481-th.jpg",
    "categories": ["meat-seafood-deli"],
    "tags": ["seafod", "fish-4405077"],
    "locations": {
      "vic": {
        "price": 7,
        "promoText": " ",
        "packageSize": "90g",
        "packagePrice": "$77.79 per 1Kg"
      }
    }
  },
  {
    "id": "ocean-blue-smoked-salmon-50g",
    "brand": "Ocean Blue",
    "name": "Smoked Sliced Salmon",
    "imageUrl": "https://shop.coles.com.au/wcsstore/Coles-CAS/images/2/8/4/2846745-th.jpg",
    "categories": ["meat-seafood-deli"],
    "tags": ["seafod", "fish-4405077"],
    "locations": {
      "vic": {
        "price": 4.3,
        "promoText": "$0.50 ",
        "packageSize": "50g",
        "packagePrice": "$86.00 per 1Kg"
      }
    }
  },
  {
    "id": "ocean-blue-smoked-salmon-350g",
    "brand": "Ocean Blue",
    "name": "Smoked Salmon 350g",
    "imageUrl": "https://shop.coles.com.au/wcsstore/Coles-CAS/images/3/7/9/3796664-th.jpg",
    "categories": ["meat-seafood-deli"],
    "tags": ["seafod", "fish-4405077"],
    "locations": {
      "vic": {
        "price": 15,
        "promoText": " ",
        "packageSize": "350g",
        "packagePrice": "$42.86 per 1Kg"
      }
    }
  },
  {
    "id": "tassal-tasmanian-hot-smoked-salmon-150g",
    "brand": "Tassal",
    "name": "Hot Smoked Tassie Salmon",
    "imageUrl": "https://shop.coles.com.au/wcsstore/Coles-CAS/images/3/4/7/3477892-th.jpg",
    "categories": ["meat-seafood-deli"],
    "tags": ["seafod", "fish-4405077"],
    "locations": {
      "vic": {
        "price": 9,
        "promoText": " ",
        "packageSize": "150g",
        "packagePrice": "$60.00 per 1Kg"
      }
    }
  },
  {
    "id": "tassal-salmon-smoked-for-cooking-tasmanian",
    "brand": "Tassal",
    "name": "Tasmanian Smoked Salmon Pieces",
    "imageUrl": "https://shop.coles.com.au/wcsstore/Coles-CAS/images/7/6/0/7601621-th.jpg",
    "categories": ["meat-seafood-deli"],
    "tags": ["seafod", "fish-4405077"],
    "locations": {
      "vic": {
        "price": 7,
        "promoText": " ",
        "packageSize": "200g",
        "packagePrice": "$35.00 per 1Kg"
      }
    }
  },
  {
    "id": "ocean-blue-smoked-salmon-180g-3770795p",
    "brand": "Ocean Blue",
    "name": "Smoked Salmon",
    "imageUrl": "https://shop.coles.com.au/wcsstore/Coles-CAS/images/3/7/7/3770795-th.jpg",
    "categories": ["meat-seafood-deli"],
    "tags": ["seafod", "fish-4405077"],
    "locations": {
      "vic": {
        "price": 9,
        "promoText": "$1.00 ",
        "packageSize": "180g",
        "packagePrice": "$50.00 per 1Kg"
      }
    }
  },
  {
    "id": "tassal-tasmanian-smoked-salmon-150g",
    "brand": "Tassal",
    "name": "Smoked Tassie Salmon",
    "imageUrl": "https://shop.coles.com.au/wcsstore/Coles-CAS/images/3/4/7/3477054-th.jpg",
    "categories": ["meat-seafood-deli"],
    "tags": ["seafod", "fish-4405077"],
    "locations": {
      "vic": {
        "price": 10.25,
        "promoText": " ",
        "packageSize": "150g",
        "packagePrice": "$68.34 per 1Kg"
      }
    }
  },
  {
    "id": "ocean-blue-smoked-ocean-trout",
    "brand": "Ocean Blue",
    "name": "Smoked Ocean Trout",
    "imageUrl": "https://shop.coles.com.au/wcsstore/Coles-CAS/images/2/7/4/2740766-th.jpg",
    "categories": ["meat-seafood-deli"],
    "tags": ["seafod", "fish-4405077"],
    "locations": {
      "vic": {
        "price": 6.5,
        "promoText": " ",
        "packageSize": "100g",
        "packagePrice": "$65.00 per 1Kg"
      }
    }
  },
  {
    "id": "mt-garlic-prawns-",
    "brand": "Coles",
    "name": "Garlic Prawns",
    "imageUrl": "https://shop.coles.com.au/wcsstore/ColesResponsiveStorefrontAssetStore/dist/ccfc54aed6e361b650bcf0582f7b576b/img/img_product-placeholder.png",
    "categories": ["meat-seafood-deli"],
    "tags": ["seafod", "fish-4405077"],
    "locations": {
      "vic": {
        "price": 8,
        "promoText": " ",
        "packageSize": "260g",
        "packagePrice": "$3.08 per 100G"
      }
    }
  },
  {
    "id": "mt-sweet-chilli-prawns-",
    "brand": "Coles",
    "name": "Sweet Chilli Prawns",
    "imageUrl": "https://shop.coles.com.au/wcsstore/ColesResponsiveStorefrontAssetStore/dist/ccfc54aed6e361b650bcf0582f7b576b/img/img_product-placeholder.png",
    "categories": ["meat-seafood-deli"],
    "tags": ["seafod", "fish-4405077"],
    "locations": {
      "vic": {
        "price": 8,
        "promoText": " ",
        "packageSize": "260g",
        "packagePrice": "$3.08 per 100G"
      }
    }
  },
  {
    "id": "raw-banana-prawns-300g",
    "brand": "Coles",
    "name": "Raw Banana Prawn",
    "imageUrl": "https://shop.coles.com.au/wcsstore/ColesResponsiveStorefrontAssetStore/dist/ccfc54aed6e361b650bcf0582f7b576b/img/img_product-placeholder.png",
    "categories": ["meat-seafood-deli"],
    "tags": ["seafod", "fish-4405077"],
    "locations": {
      "vic": {
        "price": 10,
        "promoText": " ",
        "packageSize": "300g",
        "packagePrice": "$3.33 per 100G"
      }
    }
  },
  {
    "id": "cooked-vannamei-prawns-300g",
    "brand": "Coles",
    "name": "Cooked Vannamei Prawns",
    "imageUrl": "https://shop.coles.com.au/wcsstore/ColesResponsiveStorefrontAssetStore/dist/ccfc54aed6e361b650bcf0582f7b576b/img/img_product-placeholder.png",
    "categories": ["meat-seafood-deli"],
    "tags": ["seafod", "fish-4405077"],
    "locations": {
      "vic": {
        "price": 10,
        "promoText": " ",
        "packageSize": "300g",
        "packagePrice": "$3.33 per 100G"
      }
    }
  },
  {
    "id": "cooked-black-tiger-prawns-300g",
    "brand": "Coles",
    "name": "Cooked Black Tiger Prawns",
    "imageUrl": "https://shop.coles.com.au/wcsstore/ColesResponsiveStorefrontAssetStore/dist/ccfc54aed6e361b650bcf0582f7b576b/img/img_product-placeholder.png",
    "categories": ["meat-seafood-deli"],
    "tags": ["seafod", "fish-4405077"],
    "locations": {
      "vic": {
        "price": 13,
        "promoText": " ",
        "packageSize": "300g",
        "packagePrice": "$4.33 per 100G"
      }
    }
  },
  {
    "id": "talleys-mussels-natural",
    "brand": "Talley's",
    "name": "Natural Mussels",
    "imageUrl": "https://shop.coles.com.au/wcsstore/Coles-CAS/images/5/0/3/5032467-th.jpg",
    "categories": ["meat-seafood-deli"],
    "tags": ["seafod", "mussels-scallops"],
    "locations": {
      "vic": {
        "price": 7,
        "promoText": "$0.75 ",
        "packageSize": "375g",
        "packagePrice": "$18.67 per 1Kg"
      }
    }
  },
  {
    "id": "talleys-mussels-garlic",
    "brand": "Talley's",
    "name": "Garlic Mussels",
    "imageUrl": "https://shop.coles.com.au/wcsstore/Coles-CAS/images/9/5/9/9596067-th.jpg",
    "categories": ["meat-seafood-deli"],
    "tags": ["seafod", "mussels-scallops"],
    "locations": {
      "vic": {
        "price": 7,
        "promoText": "$0.75 ",
        "packageSize": "375g",
        "packagePrice": "$18.67 per 1Kg"
      }
    }
  },
  {
    "id": "maria-island-wod-smoked-mussels-natural",
    "brand": "Maria Island",
    "name": "Wood Smoked Mussels Natural",
    "imageUrl": "https://shop.coles.com.au/wcsstore/Coles-CAS/images/3/7/4/3745594-th.jpg",
    "categories": ["meat-seafood-deli"],
    "tags": ["seafod", "mussels-scallops"],
    "locations": {
      "vic": {
        "price": 8,
        "promoText": " ",
        "packageSize": "120g",
        "packagePrice": "$66.67 per 1Kg"
      }
    }
  },
  {
    "id": "coles-marinara-mix-",
    "brand": "Coles",
    "name": "Marinara Mix",
    "imageUrl": "https://shop.coles.com.au/wcsstore/ColesResponsiveStorefrontAssetStore/dist/ccfc54aed6e361b650bcf0582f7b576b/img/img_product-placeholder.png",
    "categories": ["meat-seafood-deli"],
    "tags": ["seafod", "prawns-shrimp"],
    "locations": {
      "vic": {
        "price": 7,
        "promoText": " ",
        "packageSize": "350g",
        "packagePrice": "$2.00 per 100G"
      }
    }
  },
  {
    "id": "coles-seafood-fresh-x-large-prawn-black-cooked-tiger",
    "brand": "Coles Deli",
    "name": "Fresh Seafood Black Tiger Prawns",
    "imageUrl": "https://shop.coles.com.au/wcsstore/Coles-CAS/images/2/9/5/2959322-th.jpg",
    "categories": ["meat-seafood-deli"],
    "tags": ["seafod", "prawns-shrimp"],
    "locations": {
      "vic": {
        "price": 7.5,
        "promoText": " ",
        "packageSize": "approx. 250g",
        "packagePrice": "$30.00 per 1Kg"
      }
    }
  },
  {
    "id": "seafood-highlighter-300g",
    "brand": "Coles",
    "name": "Seafood Highlighter",
    "imageUrl": "https://shop.coles.com.au/wcsstore/ColesResponsiveStorefrontAssetStore/dist/ccfc54aed6e361b650bcf0582f7b576b/img/img_product-placeholder.png",
    "categories": ["meat-seafood-deli"],
    "tags": ["seafod", "prawns-shrimp"],
    "locations": {
      "vic": {
        "price": 6,
        "promoText": " ",
        "packageSize": "300g",
        "packagePrice": "$2.00 per 100G"
      }
    }
  },
  {
    "id": "john-west-squid-salt-and-pepper",
    "brand": "John West",
    "name": "Classic Salt & Pepper Coating Squid",
    "imageUrl": "https://shop.coles.com.au/wcsstore/Coles-CAS/images/1/4/9/1493424-th.jpg",
    "categories": ["meat-seafood-deli"],
    "tags": ["seafod", "prawns-shrimp"],
    "locations": {
      "vic": {
        "price": 0,
        "promoText": " ",
        "packageSize": "260g",
        "packagePrice": ""
      }
    }
  },
  {
    "id": "coles-frozen-cooked-chilli-prawns-skewers",
    "brand": "Coles Deli",
    "name": "Thawed Cooked Chilli Prawns Skewers",
    "imageUrl": "https://shop.coles.com.au/wcsstore/Coles-CAS/images/2/9/8/2984080-th.jpg",
    "categories": ["meat-seafood-deli"],
    "tags": ["seafod", "mixed-marinara"],
    "locations": {
      "vic": {
        "price": 0,
        "promoText": " ",
        "packageSize": "",
        "packagePrice": ""
      }
    }
  },
  {
    "id": "coles-frozen-cooked-garlic-prawns-skewers",
    "brand": "Coles Deli",
    "name": "Thawed Cooked Garlic Prawns Skewer",
    "imageUrl": "https://shop.coles.com.au/wcsstore/Coles-CAS/images/2/9/8/2984046-th.jpg",
    "categories": ["meat-seafood-deli"],
    "tags": ["seafod", "mixed-marinara"],
    "locations": {
      "vic": {
        "price": 0,
        "promoText": " ",
        "packageSize": "",
        "packagePrice": ""
      }
    }
  },
  {
    "id": "tassal-tassie-smoked-salmon-100g",
    "brand": "Tassal",
    "name": "Tassie Smoked Salmon",
    "imageUrl": "https://shop.coles.com.au/wcsstore/Coles-CAS/images/3/7/2/3729747-th.jpg",
    "categories": ["meat-seafood-deli"],
    "tags": ["seafod", "prepacked-seafod"],
    "locations": {
      "vic": {
        "price": 7.5,
        "promoText": " ",
        "packageSize": "100g",
        "packagePrice": "$75.00 per 1Kg"
      }
    }
  },
  {
    "id": "ocean-blue-surimi-sea-sticks-150g",
    "brand": "Ocean Blue",
    "name": "Surimi Sea Sticks",
    "imageUrl": "https://shop.coles.com.au/wcsstore/Coles-CAS/images/2/8/5/2850731-th.jpg",
    "categories": ["meat-seafood-deli"],
    "tags": ["seafod", "prepacked-seafod"],
    "locations": {
      "vic": {
        "price": 4.8,
        "promoText": " ",
        "packageSize": "150g",
        "packagePrice": "$32.00 per 1Kg"
      }
    }
  },
  {
    "id": "ocean-blue-crab-meat",
    "brand": "Ocean Blue",
    "name": "Premium Blue Swimmer Crab Meat",
    "imageUrl": "https://shop.coles.com.au/wcsstore/Coles-CAS/images/3/0/2/3024300-th.jpg",
    "categories": ["meat-seafood-deli"],
    "tags": ["seafod", "prepacked-seafod"],
    "locations": {
      "vic": {
        "price": 10.5,
        "promoText": " ",
        "packageSize": "140g",
        "packagePrice": "$75.00 per 1Kg"
      }
    }
  },
  {
    "id": "holland-house-caviar-black",
    "brand": "Holland House",
    "name": "Lumpfish Black Caviar",
    "imageUrl": "https://shop.coles.com.au/wcsstore/Coles-CAS/images/8/4/4/8446375-th.jpg",
    "categories": ["meat-seafood-deli"],
    "tags": ["seafod", "prepacked-seafod"],
    "locations": {
      "vic": {
        "price": 6,
        "promoText": " ",
        "packageSize": "50g",
        "packagePrice": "$12.00 per 100G"
      }
    }
  },
  {
    "id": "ocean-blue-bilinis",
    "brand": "Ocean Blue",
    "name": "Bilinis",
    "imageUrl": "https://shop.coles.com.au/wcsstore/Coles-CAS/images/3/6/6/3661960-th.jpg",
    "categories": ["meat-seafood-deli"],
    "tags": ["seafod", "prepacked-seafod"],
    "locations": {
      "vic": {
        "price": 5.4,
        "promoText": " ",
        "packageSize": "168g",
        "packagePrice": "$32.14 per 1Kg"
      }
    }
  },
  {
    "id": "coles-deli-hans-oliving-hot-twiggys",
    "brand": "Hans",
    "name": "Oliving Hot Twiggy Sticks",
    "imageUrl": "https://shop.coles.com.au/wcsstore/Coles-CAS/images/2/0/7/2072997-th.jpg",
    "categories": ["meat-seafood-deli"],
    "tags": ["deli-meats", "salami"],
    "locations": {
      "vic": {
        "price": 2.5,
        "promoText": "$1.25 ",
        "packageSize": "approx. 125g",
        "packagePrice": "$20.00 per 1Kg"
      }
    }
  },
  {
    "id": "coles-deli-hans-oliving-mild-twiggy-sticks",
    "brand": "Hans",
    "name": "Mild Twiggy Sticks",
    "imageUrl": "https://shop.coles.com.au/wcsstore/Coles-CAS/images/2/0/7/2076615-th.jpg",
    "categories": ["meat-seafood-deli"],
    "tags": ["deli-meats", "salami"],
    "locations": {
      "vic": {
        "price": 2.5,
        "promoText": "$1.25 ",
        "packageSize": "approx. 125g",
        "packagePrice": "$20.00 per 1Kg"
      }
    }
  },
  {
    "id": "primo-hungarian-mild-salami",
    "brand": "Primo",
    "name": "Hungarian Mild Salami",
    "imageUrl": "https://shop.coles.com.au/wcsstore/ColesResponsiveStorefrontAssetStore/dist/ccfc54aed6e361b650bcf0582f7b576b/img/img_product-placeholder.png",
    "categories": ["meat-seafood-deli"],
    "tags": ["deli-meats", "sliced-meats"],
    "locations": {
      "vic": {
        "price": 3.6,
        "promoText": "Any 3 $7.98",
        "packageSize": "120g",
        "packagePrice": "$30.00 per 1Kg"
      }
    }
  },
  {
    "id": "primo-roast-beef-sliced",
    "brand": "Primo",
    "name": "Roast Beef Sliced",
    "imageUrl": "https://shop.coles.com.au/wcsstore/ColesResponsiveStorefrontAssetStore/dist/ccfc54aed6e361b650bcf0582f7b576b/img/img_product-placeholder.png",
    "categories": ["meat-seafood-deli"],
    "tags": ["deli-meats", "sliced-meats"],
    "locations": {
      "vic": {
        "price": 3.2,
        "promoText": "Any 3 $7.98",
        "packageSize": "120g",
        "packagePrice": "$26.67 per 1Kg"
      }
    }
  },
  {
    "id": "primo-chorizo-mild-salami",
    "brand": "Primo",
    "name": "Chorizo Mild Salami",
    "imageUrl": "https://shop.coles.com.au/wcsstore/ColesResponsiveStorefrontAssetStore/dist/ccfc54aed6e361b650bcf0582f7b576b/img/img_product-placeholder.png",
    "categories": ["meat-seafood-deli"],
    "tags": ["deli-meats", "sliced-meats"],
    "locations": {
      "vic": {
        "price": 3.6,
        "promoText": "Any 3 $7.98",
        "packageSize": "120g",
        "packagePrice": "$30.00 per 1Kg"
      }
    }
  },
  {
    "id": "primo-pancetta",
    "brand": "Primo",
    "name": "Pancetta",
    "imageUrl": "https://shop.coles.com.au/wcsstore/ColesResponsiveStorefrontAssetStore/dist/ccfc54aed6e361b650bcf0582f7b576b/img/img_product-placeholder.png",
    "categories": ["meat-seafood-deli"],
    "tags": ["deli-meats", "sliced-meats"],
    "locations": {
      "vic": {
        "price": 4,
        "promoText": "Any 3 $7.98",
        "packageSize": "100g",
        "packagePrice": "$4.00 per 100G"
      }
    }
  },
  {
    "id": "primo-pastrami-sliced",
    "brand": "Primo",
    "name": "Pastrami Sliced",
    "imageUrl": "https://shop.coles.com.au/wcsstore/ColesResponsiveStorefrontAssetStore/dist/ccfc54aed6e361b650bcf0582f7b576b/img/img_product-placeholder.png",
    "categories": ["meat-seafood-deli"],
    "tags": ["deli-meats", "sliced-meats"],
    "locations": {
      "vic": {
        "price": 3,
        "promoText": "Any 3 $7.98",
        "packageSize": "120g",
        "packagePrice": "$2.50 per 100G"
      }
    }
  },
  {
    "id": "primo-proscuitto",
    "brand": "Primo",
    "name": "Proscuitto",
    "imageUrl": "https://shop.coles.com.au/wcsstore/ColesResponsiveStorefrontAssetStore/dist/ccfc54aed6e361b650bcf0582f7b576b/img/img_product-placeholder.png",
    "categories": ["meat-seafood-deli"],
    "tags": ["deli-meats", "sliced-meats"],
    "locations": {
      "vic": {
        "price": 4,
        "promoText": "Any 3 $7.98",
        "packageSize": "100g",
        "packagePrice": "$4.00 per 100G"
      }
    }
  },
  {
    "id": "primo-hungarian-hot-salami",
    "brand": "Primo",
    "name": "Hungarian Hot Salami",
    "imageUrl": "https://shop.coles.com.au/wcsstore/ColesResponsiveStorefrontAssetStore/dist/ccfc54aed6e361b650bcf0582f7b576b/img/img_product-placeholder.png",
    "categories": ["meat-seafood-deli"],
    "tags": ["deli-meats", "sliced-meats"],
    "locations": {
      "vic": {
        "price": 3.6,
        "promoText": "Any 3 $7.98",
        "packageSize": "120g",
        "packagePrice": "$30.00 per 1Kg"
      }
    }
  },
  {
    "id": "primo-shaved-leg-ham",
    "brand": "Primo",
    "name": "Shaved Leg Ham",
    "imageUrl": "https://shop.coles.com.au/wcsstore/ColesResponsiveStorefrontAssetStore/dist/ccfc54aed6e361b650bcf0582f7b576b/img/img_product-placeholder.png",
    "categories": ["meat-seafood-deli"],
    "tags": ["deli-meats", "sliced-meats"],
    "locations": {
      "vic": {
        "price": 3.4,
        "promoText": "Any 3 $7.98",
        "packageSize": "200g",
        "packagePrice": "$17.00 per 1Kg"
      }
    }
  },
  {
    "id": "tibaldi-turkey-breast",
    "brand": "Tibaldi",
    "name": "Turkey Breast",
    "imageUrl": "https://shop.coles.com.au/wcsstore/ColesResponsiveStorefrontAssetStore/dist/ccfc54aed6e361b650bcf0582f7b576b/img/img_product-placeholder.png",
    "categories": ["meat-seafood-deli"],
    "tags": ["deli-meats", "sliced-meats"],
    "locations": {
      "vic": {
        "price": 3,
        "promoText": "Any 3 $7.98",
        "packageSize": "110g",
        "packagePrice": "$27.27 per 1Kg"
      }
    }
  },
  {
    "id": "primo-shaved-honey-ham",
    "brand": "Primo",
    "name": "Shaved Honey Ham",
    "imageUrl": "https://shop.coles.com.au/wcsstore/ColesResponsiveStorefrontAssetStore/dist/ccfc54aed6e361b650bcf0582f7b576b/img/img_product-placeholder.png",
    "categories": ["meat-seafood-deli"],
    "tags": ["deli-meats", "sliced-meats"],
    "locations": {
      "vic": {
        "price": 3.8,
        "promoText": "Any 3 $7.98",
        "packageSize": "180g",
        "packagePrice": "$21.11 per 1Kg"
      }
    }
  },
  {
    "id": "primo-chilli-coated-salami",
    "brand": "Primo",
    "name": "Chilli Coated Salami",
    "imageUrl": "https://shop.coles.com.au/wcsstore/ColesResponsiveStorefrontAssetStore/dist/ccfc54aed6e361b650bcf0582f7b576b/img/img_product-placeholder.png",
    "categories": ["meat-seafood-deli"],
    "tags": ["deli-meats", "sliced-meats"],
    "locations": {
      "vic": {
        "price": 3.6,
        "promoText": "Any 3 $7.98",
        "packageSize": "120g",
        "packagePrice": "$30.00 per 1Kg"
      }
    }
  },
  {
    "id": "primo-sopressa-mild-salami",
    "brand": "Primo",
    "name": "Sopressa Mild Salami",
    "imageUrl": "https://shop.coles.com.au/wcsstore/ColesResponsiveStorefrontAssetStore/dist/ccfc54aed6e361b650bcf0582f7b576b/img/img_product-placeholder.png",
    "categories": ["meat-seafood-deli"],
    "tags": ["deli-meats", "sliced-meats"],
    "locations": {
      "vic": {
        "price": 4,
        "promoText": "Any 3 $7.98",
        "packageSize": "130g",
        "packagePrice": "$30.77 per 1Kg"
      }
    }
  },
  {
    "id": "primo-shaved-leg-ham-3559126p",
    "brand": "Primo",
    "name": "Sliced Leg Ham",
    "imageUrl": "https://shop.coles.com.au/wcsstore/ColesResponsiveStorefrontAssetStore/dist/ccfc54aed6e361b650bcf0582f7b576b/img/img_product-placeholder.png",
    "categories": ["meat-seafood-deli"],
    "tags": ["deli-meats", "sliced-meats"],
    "locations": {
      "vic": {
        "price": 3.4,
        "promoText": "Any 3 $7.98",
        "packageSize": "200g",
        "packagePrice": "$17.00 per 1Kg"
      }
    }
  },
  {
    "id": "primo-danish-salami-3563430p",
    "brand": "Primo",
    "name": "Danish Salami",
    "imageUrl": "https://shop.coles.com.au/wcsstore/ColesResponsiveStorefrontAssetStore/dist/ccfc54aed6e361b650bcf0582f7b576b/img/img_product-placeholder.png",
    "categories": ["meat-seafood-deli"],
    "tags": ["deli-meats", "sliced-meats"],
    "locations": {
      "vic": {
        "price": 3.6,
        "promoText": "Any 3 $7.98",
        "packageSize": "120g",
        "packagePrice": "$3.00 per 100G"
      }
    }
  },
  {
    "id": "primo-silverside-sliced",
    "brand": "Primo",
    "name": "Silverside Sliced",
    "imageUrl": "https://shop.coles.com.au/wcsstore/ColesResponsiveStorefrontAssetStore/dist/ccfc54aed6e361b650bcf0582f7b576b/img/img_product-placeholder.png",
    "categories": ["meat-seafood-deli"],
    "tags": ["deli-meats", "sliced-meats"],
    "locations": {
      "vic": {
        "price": 3,
        "promoText": "Any 3 $7.98",
        "packageSize": "120g",
        "packagePrice": "$25.00 per 1Kg"
      }
    }
  },
  {
    "id": "dorsogna-sticks---pepperoni",
    "brand": "D'Orsogna",
    "name": "Traditional Pepperoni Sticks",
    "imageUrl": "https://shop.coles.com.au/wcsstore/Coles-CAS/images/1/8/4/1848199-th.jpg",
    "categories": ["meat-seafood-deli"],
    "tags": ["deli-meats", "sliced-meats"],
    "locations": {
      "vic": {
        "price": 5.6,
        "promoText": " ",
        "packageSize": "150g",
        "packagePrice": "$37.34 per 1Kg"
      }
    }
  },
  {
    "id": "primo-sliced-virginian-ham",
    "brand": "Primo",
    "name": "Sliced Virginian Ham",
    "imageUrl": "https://shop.coles.com.au/wcsstore/ColesResponsiveStorefrontAssetStore/dist/ccfc54aed6e361b650bcf0582f7b576b/img/img_product-placeholder.png",
    "categories": ["meat-seafood-deli"],
    "tags": ["deli-meats", "sliced-meats"],
    "locations": {
      "vic": {
        "price": 3.8,
        "promoText": " ",
        "packageSize": "180g",
        "packagePrice": "$21.11 per 1Kg"
      }
    }
  },
  {
    "id": "tibaldi-plain-mortadella",
    "brand": "Tibaldi",
    "name": "Plain Mortadella",
    "imageUrl": "https://shop.coles.com.au/wcsstore/ColesResponsiveStorefrontAssetStore/dist/ccfc54aed6e361b650bcf0582f7b576b/img/img_product-placeholder.png",
    "categories": ["meat-seafood-deli"],
    "tags": ["deli-meats", "sliced-meats"],
    "locations": {
      "vic": {
        "price": 3,
        "promoText": " ",
        "packageSize": "250g",
        "packagePrice": "$12.00 per 1Kg"
      }
    }
  },
  {
    "id": "tibaldi-olive-mortadella",
    "brand": "Tibaldi",
    "name": "Olive Mortadella",
    "imageUrl": "https://shop.coles.com.au/wcsstore/ColesResponsiveStorefrontAssetStore/dist/ccfc54aed6e361b650bcf0582f7b576b/img/img_product-placeholder.png",
    "categories": ["meat-seafood-deli"],
    "tags": ["deli-meats", "sliced-meats"],
    "locations": {
      "vic": {
        "price": 3,
        "promoText": "Any 3 $7.98",
        "packageSize": "250g",
        "packagePrice": "$12.00 per 1Kg"
      }
    }
  },
  {
    "id": "strasburg-round-sliced",
    "brand": "Coles Deli",
    "name": "Sliced Don Round Strasburg",
    "imageUrl": "https://shop.coles.com.au/wcsstore/Coles-CAS/images/2/4/8/248797-th.jpg",
    "categories": ["meat-seafood-deli"],
    "tags": ["deli-meats", "sliced-meats"],
    "locations": {
      "vic": {
        "price": 2.13,
        "promoText": " ",
        "packageSize": "approx. 125g",
        "packagePrice": "$17.00 per 1kg"
      }
    }
  },
  {
    "id": "deli-express-primo-continental-platter",
    "brand": "Coles Deli",
    "name": "Continental Platter",
    "imageUrl": "https://shop.coles.com.au/wcsstore/Coles-CAS/images/3/1/7/3174960-th.jpg",
    "categories": ["meat-seafood-deli"],
    "tags": ["deli-meats", "sliced-meats"],
    "locations": {
      "vic": {
        "price": 13.5,
        "promoText": " ",
        "packageSize": "200g",
        "packagePrice": "$6.75 per 100G"
      }
    }
  },
  {
    "id": "primo-sopressa-hot-salami",
    "brand": "Primo",
    "name": "Sopressa Hot Salami",
    "imageUrl": "https://shop.coles.com.au/wcsstore/ColesResponsiveStorefrontAssetStore/dist/ccfc54aed6e361b650bcf0582f7b576b/img/img_product-placeholder.png",
    "categories": ["meat-seafood-deli"],
    "tags": ["deli-meats", "sliced-meats"],
    "locations": {
      "vic": {
        "price": 4,
        "promoText": "Any 3 $7.98",
        "packageSize": "130g",
        "packagePrice": "$30.77 per 1Kg"
      }
    }
  },
  {
    "id": "primo-sliced-champagne-ham",
    "brand": "Primo",
    "name": "Sliced Champagne Ham",
    "imageUrl": "https://shop.coles.com.au/wcsstore/ColesResponsiveStorefrontAssetStore/dist/ccfc54aed6e361b650bcf0582f7b576b/img/img_product-placeholder.png",
    "categories": ["meat-seafood-deli"],
    "tags": ["deli-meats", "sliced-meats"],
    "locations": {
      "vic": {
        "price": 3.5,
        "promoText": " ",
        "packageSize": "180g",
        "packagePrice": "$19.45 per 1Kg"
      }
    }
  },
  {
    "id": "primo-sliced-honey-ham",
    "brand": "Primo",
    "name": "Sliced Honey Ham",
    "imageUrl": "https://shop.coles.com.au/wcsstore/ColesResponsiveStorefrontAssetStore/dist/ccfc54aed6e361b650bcf0582f7b576b/img/img_product-placeholder.png",
    "categories": ["meat-seafood-deli"],
    "tags": ["deli-meats", "sliced-meats"],
    "locations": {
      "vic": {
        "price": 3.8,
        "promoText": "Any 3 $7.98",
        "packageSize": "180g",
        "packagePrice": "$21.11 per 1Kg"
      }
    }
  },
  {
    "id": "primo-twiggy-sticks-mild",
    "brand": "Primo",
    "name": "Twiggy Sticks Mild",
    "imageUrl": "https://shop.coles.com.au/wcsstore/ColesResponsiveStorefrontAssetStore/dist/ccfc54aed6e361b650bcf0582f7b576b/img/img_product-placeholder.png",
    "categories": ["meat-seafood-deli"],
    "tags": ["deli-meats", "sliced-meats"],
    "locations": {
      "vic": {
        "price": 5,
        "promoText": " ",
        "packageSize": "200g",
        "packagePrice": "$2.50 per 100G"
      }
    }
  },
  {
    "id": "fettayleh-smallgoods-turkey-smoked-shaved",
    "brand": "Coles Deli",
    "name": "Shaved Fettayleh Smallgoods Smoked Turkey",
    "imageUrl": "https://shop.coles.com.au/wcsstore/Coles-CAS/images/9/8/9/9896694-th.jpg",
    "categories": ["meat-seafood-deli"],
    "tags": ["deli-meats", "sliced-meats"],
    "locations": {
      "vic": {
        "price": 3.47,
        "promoText": " ",
        "packageSize": "approx. 125g",
        "packagePrice": "$27.75 per 1Kg"
      }
    }
  },
  {
    "id": "primo-chorizo-hot-salami",
    "brand": "Primo",
    "name": "Chorizo Hot Salami",
    "imageUrl": "https://shop.coles.com.au/wcsstore/ColesResponsiveStorefrontAssetStore/dist/ccfc54aed6e361b650bcf0582f7b576b/img/img_product-placeholder.png",
    "categories": ["meat-seafood-deli"],
    "tags": ["deli-meats", "sliced-meats"],
    "locations": {
      "vic": {
        "price": 3.6,
        "promoText": " ",
        "packageSize": "120g",
        "packagePrice": "$30.00 per 1Kg"
      }
    }
  },
  {
    "id": "primo-sliced-devon",
    "brand": "Primo",
    "name": "Sliced Devon",
    "imageUrl": "https://shop.coles.com.au/wcsstore/ColesResponsiveStorefrontAssetStore/dist/ccfc54aed6e361b650bcf0582f7b576b/img/img_product-placeholder.png",
    "categories": ["meat-seafood-deli"],
    "tags": ["deli-meats", "sliced-meats"],
    "locations": {
      "vic": {
        "price": 2,
        "promoText": " ",
        "packageSize": "220g",
        "packagePrice": "$9.09 per 1Kg"
      }
    }
  },
  {
    "id": "primo-red-wine-garlic-salami",
    "brand": "Primo",
    "name": "Red Wine & Garlic Salami",
    "imageUrl": "https://shop.coles.com.au/wcsstore/ColesResponsiveStorefrontAssetStore/dist/ccfc54aed6e361b650bcf0582f7b576b/img/img_product-placeholder.png",
    "categories": ["meat-seafood-deli"],
    "tags": ["deli-meats", "sliced-meats"],
    "locations": {
      "vic": {
        "price": 4,
        "promoText": "Any 3 $7.98",
        "packageSize": "130g",
        "packagePrice": "$3.08 per 100G"
      }
    }
  },
  {
    "id": "primo-twiggy-sticks-hot",
    "brand": "Primo",
    "name": "Twiggy Sticks Hot",
    "imageUrl": "https://shop.coles.com.au/wcsstore/ColesResponsiveStorefrontAssetStore/dist/ccfc54aed6e361b650bcf0582f7b576b/img/img_product-placeholder.png",
    "categories": ["meat-seafood-deli"],
    "tags": ["deli-meats", "sliced-meats"],
    "locations": {
      "vic": {
        "price": 5,
        "promoText": " ",
        "packageSize": "200g",
        "packagePrice": "$2.50 per 100G"
      }
    }
  },
  {
    "id": "primo-italian-style-salami",
    "brand": "Primo",
    "name": "Italian Style Salami",
    "imageUrl": "https://shop.coles.com.au/wcsstore/ColesResponsiveStorefrontAssetStore/dist/ccfc54aed6e361b650bcf0582f7b576b/img/img_product-placeholder.png",
    "categories": ["meat-seafood-deli"],
    "tags": ["deli-meats", "sliced-meats"],
    "locations": {
      "vic": {
        "price": 3.6,
        "promoText": " ",
        "packageSize": "120g",
        "packagePrice": "$30.00 per 1Kg"
      }
    }
  },
  {
    "id": "tibaldi-chicken-loaf",
    "brand": "Tibaldi",
    "name": "Chicken Loaf",
    "imageUrl": "https://shop.coles.com.au/wcsstore/ColesResponsiveStorefrontAssetStore/dist/ccfc54aed6e361b650bcf0582f7b576b/img/img_product-placeholder.png",
    "categories": ["meat-seafood-deli"],
    "tags": ["deli-meats", "sliced-meats"],
    "locations": {
      "vic": {
        "price": 3,
        "promoText": "Any 3 $7.98",
        "packageSize": "200g",
        "packagePrice": "$15.00 per 1Kg"
      }
    }
  },
  {
    "id": "fettayleh-smallgoods-smoked-turkey-chilli",
    "brand": "Coles Deli",
    "name": "Sliced Fettayleh Smallgoods Smoked Chilli Turkey",
    "imageUrl": "https://shop.coles.com.au/wcsstore/Coles-CAS/images/9/8/9/9896683-th.jpg",
    "categories": ["meat-seafood-deli"],
    "tags": ["deli-meats", "sliced-meats"],
    "locations": {
      "vic": {
        "price": 3.47,
        "promoText": " ",
        "packageSize": "approx. 125g",
        "packagePrice": "$27.75 per 1Kg"
      }
    }
  },
  {
    "id": "fettayleh-smallgoods-salami",
    "brand": "Coles Deli",
    "name": "Sliced Fettayleh Smallgoods Salami",
    "imageUrl": "https://shop.coles.com.au/wcsstore/Coles-CAS/images/1/0/3/1031542-th.jpg",
    "categories": ["meat-seafood-deli"],
    "tags": ["deli-meats", "sliced-meats"],
    "locations": {
      "vic": {
        "price": 2.25,
        "promoText": " ",
        "packageSize": "approx. 125g",
        "packagePrice": "$18.00 per 1Kg"
      }
    }
  },
  {
    "id": "dorsogna-cacciatora-mild",
    "brand": "D'Orsogna",
    "name": "Cacciatora Mild",
    "imageUrl": "https://shop.coles.com.au/wcsstore/ColesResponsiveStorefrontAssetStore/dist/ccfc54aed6e361b650bcf0582f7b576b/img/img_product-placeholder.png",
    "categories": ["meat-seafood-deli"],
    "tags": ["deli-meats", "sliced-meats"],
    "locations": {
      "vic": {
        "price": 5.6,
        "promoText": " ",
        "packageSize": "225g",
        "packagePrice": "$24.89 per 1Kg"
      }
    }
  },
  {
    "id": "dorsonga-cacciatora-hot",
    "brand": "Dorsonga",
    "name": "Cacciatora Hot",
    "imageUrl": "https://shop.coles.com.au/wcsstore/ColesResponsiveStorefrontAssetStore/dist/ccfc54aed6e361b650bcf0582f7b576b/img/img_product-placeholder.png",
    "categories": ["meat-seafood-deli"],
    "tags": ["deli-meats", "sliced-meats"],
    "locations": {
      "vic": {
        "price": 5.6,
        "promoText": " ",
        "packageSize": "225g",
        "packagePrice": "$24.89 per 1Kg"
      }
    }
  },
  {
    "id": "wurstel-chorizo-300g",
    "brand": "Wurstel",
    "name": "Chorizo",
    "imageUrl": "https://shop.coles.com.au/wcsstore/ColesResponsiveStorefrontAssetStore/dist/ccfc54aed6e361b650bcf0582f7b576b/img/img_product-placeholder.png",
    "categories": ["meat-seafood-deli"],
    "tags": ["deli-meats", "cured-smoked"],
    "locations": {
      "vic": {
        "price": 6.9,
        "promoText": " ",
        "packageSize": "300g",
        "packagePrice": "$23.00 per 1Kg"
      }
    }
  },
  {
    "id": "deli-express-coles-kabana",
    "brand": "Coles Deli",
    "name": "Kabana",
    "imageUrl": "https://shop.coles.com.au/wcsstore/ColesResponsiveStorefrontAssetStore/dist/ccfc54aed6e361b650bcf0582f7b576b/img/img_product-placeholder.png",
    "categories": ["meat-seafood-deli"],
    "tags": ["deli-meats", "cured-smoked"],
    "locations": {
      "vic": {
        "price": 4.2,
        "promoText": " ",
        "packageSize": "220g",
        "packagePrice": "$19.09 per 1Kg"
      }
    }
  },
  {
    "id": "don-franks-footy-skinless",
    "brand": "Don",
    "name": "Footy Franks Skinless",
    "imageUrl": "https://shop.coles.com.au/wcsstore/Coles-CAS/images/8/0/2/8025730-th.jpg",
    "categories": ["meat-seafood-deli", "dairy-eggs-meals"],
    "tags": ["deli-meats", "frankfurts-sausages"],
    "locations": {
      "vic": {
        "price": 6.2,
        "promoText": " ",
        "packageSize": "375g",
        "packagePrice": "$16.53 per 1Kg"
      }
    }
  },
  {
    "id": "primo-frankfurts-cocktail",
    "brand": "Primo",
    "name": "Gluten Free Cocktail Franks",
    "imageUrl": "https://shop.coles.com.au/wcsstore/Coles-CAS/images/4/8/5/485760-th.jpg",
    "categories": ["meat-seafood-deli", "dairy-eggs-meals"],
    "tags": ["deli-meats", "frankfurts-sausages"],
    "locations": {
      "vic": {
        "price": 3.15,
        "promoText": " ",
        "packageSize": "500g",
        "packagePrice": "$0.63 per 100G"
      }
    }
  },
  {
    "id": "primo-frankfurts-slim",
    "brand": "Primo",
    "name": "Gluten Free Thin Franks",
    "imageUrl": "https://shop.coles.com.au/wcsstore/Coles-CAS/images/1/0/2/1028184-th.jpg",
    "categories": ["meat-seafood-deli", "dairy-eggs-meals"],
    "tags": ["deli-meats", "frankfurts-sausages"],
    "locations": {
      "vic": {
        "price": 3.15,
        "promoText": " ",
        "packageSize": "500g",
        "packagePrice": "$6.30 per 1Kg"
      }
    }
  },
  {
    "id": "primo-continental-chorizo",
    "brand": "Primo",
    "name": "Continental Chorizo",
    "imageUrl": "https://shop.coles.com.au/wcsstore/ColesResponsiveStorefrontAssetStore/dist/ccfc54aed6e361b650bcf0582f7b576b/img/img_product-placeholder.png",
    "categories": ["meat-seafood-deli"],
    "tags": ["deli-meats", "frankfurts-sausages"],
    "locations": {
      "vic": {
        "price": 5.7,
        "promoText": " ",
        "packageSize": "250g",
        "packagePrice": "$2.28 per 100G"
      }
    }
  },
  {
    "id": "primo-frankfurts-cocktail-raw",
    "brand": "Primo",
    "name": "Raw Cocktail Frankfurts",
    "imageUrl": "https://shop.coles.com.au/wcsstore/Coles-CAS/images/4/9/9/499618-th.jpg",
    "categories": ["meat-seafood-deli"],
    "tags": ["deli-meats", "frankfurts-sausages"],
    "locations": {
      "vic": {
        "price": 0.4,
        "promoText": " ",
        "packageSize": "approx. 50g",
        "packagePrice": "$8.00 per 1kg"
      }
    }
  },
  {
    "id": "primo-cheese-kransky-twin-pack",
    "brand": "Primo",
    "name": "Cheese Kransky Twin Pack",
    "imageUrl": "https://shop.coles.com.au/wcsstore/ColesResponsiveStorefrontAssetStore/dist/ccfc54aed6e361b650bcf0582f7b576b/img/img_product-placeholder.png",
    "categories": ["meat-seafood-deli"],
    "tags": ["deli-meats", "frankfurts-sausages"],
    "locations": {
      "vic": {
        "price": 4.3,
        "promoText": " ",
        "packageSize": "250g",
        "packagePrice": "$1.72 per 100G"
      }
    }
  },
  {
    "id": "primo-dx-saveloys",
    "brand": "Primo",
    "name": "Saveloys",
    "imageUrl": "https://shop.coles.com.au/wcsstore/Coles-CAS/images/3/0/5/3052623-th.jpg",
    "categories": ["meat-seafood-deli"],
    "tags": ["deli-meats", "frankfurts-sausages"],
    "locations": {
      "vic": {
        "price": 6.5,
        "promoText": " ",
        "packageSize": "750g",
        "packagePrice": "$8.67 per 1Kg"
      }
    }
  },
  {
    "id": "primo-chicken-frankfurt",
    "brand": "Primo",
    "name": "Chicken Frankfurt",
    "imageUrl": "https://shop.coles.com.au/wcsstore/Coles-CAS/images/3/0/5/3052601-th.jpg",
    "categories": ["meat-seafood-deli"],
    "tags": ["deli-meats", "frankfurts-sausages"],
    "locations": {
      "vic": {
        "price": 6.5,
        "promoText": " ",
        "packageSize": "750g",
        "packagePrice": "$8.67 per 1Kg"
      }
    }
  },
  {
    "id": "primo-skinless-franks",
    "brand": "Primo",
    "name": "Skinless Franks",
    "imageUrl": "https://shop.coles.com.au/wcsstore/ColesResponsiveStorefrontAssetStore/dist/ccfc54aed6e361b650bcf0582f7b576b/img/img_product-placeholder.png",
    "categories": ["meat-seafood-deli"],
    "tags": ["deli-meats", "frankfurts-sausages"],
    "locations": {
      "vic": {
        "price": 5,
        "promoText": " ",
        "packageSize": "375g",
        "packagePrice": "$1.33 per 100G"
      }
    }
  },
  {
    "id": "primo-thin-franksfurts",
    "brand": "Primo",
    "name": "Thin Frankfurts",
    "imageUrl": "https://shop.coles.com.au/wcsstore/ColesResponsiveStorefrontAssetStore/dist/ccfc54aed6e361b650bcf0582f7b576b/img/img_product-placeholder.png",
    "categories": ["meat-seafood-deli"],
    "tags": ["deli-meats", "frankfurts-sausages"],
    "locations": {
      "vic": {
        "price": 4,
        "promoText": " ",
        "packageSize": "500g",
        "packagePrice": "$0.80 per 100G"
      }
    }
  },
  {
    "id": "primo-cocktail-franks",
    "brand": "Primo",
    "name": "Cocktail Franks",
    "imageUrl": "https://shop.coles.com.au/wcsstore/ColesResponsiveStorefrontAssetStore/dist/ccfc54aed6e361b650bcf0582f7b576b/img/img_product-placeholder.png",
    "categories": ["meat-seafood-deli"],
    "tags": ["deli-meats", "frankfurts-sausages"],
    "locations": {
      "vic": {
        "price": 4,
        "promoText": " ",
        "packageSize": "500g",
        "packagePrice": "$0.80 per 100g"
      }
    }
  },
  {
    "id": "coles-rte-shredded-roast-chicken",
    "brand": "Coles",
    "name": "RSPCA Approved Shredded Chicken Breast Roast",
    "imageUrl": "https://shop.coles.com.au/wcsstore/Coles-CAS/images/3/0/8/3081290-th.jpg",
    "categories": ["meat-seafood-deli", "dairy-eggs-meals"],
    "tags": ["deli-meats", "poultry"],
    "locations": {
      "vic": {
        "price": 5,
        "promoText": " ",
        "packageSize": "150g",
        "packagePrice": "$33.34 per 1Kg"
      }
    }
  },
  {
    "id": "don-sliced-rspca-chicken-breast",
    "brand": "Don",
    "name": "RSPCA Approved Sliced Chicken Breast",
    "imageUrl": "https://shop.coles.com.au/wcsstore/Coles-CAS/images/3/5/8/3583200-th.jpg",
    "categories": ["meat-seafood-deli", "dairy-eggs-meals"],
    "tags": ["deli-meats", "poultry"],
    "locations": {
      "vic": {
        "price": 6.4,
        "promoText": " ",
        "packageSize": "180g",
        "packagePrice": "$3.56 per 100G"
      }
    }
  },
  {
    "id": "coles-australian-roast-chicken-breast-slices",
    "brand": "Coles",
    "name": "RSPCA Approved Chicken Breast Roast Slices",
    "imageUrl": "https://shop.coles.com.au/wcsstore/Coles-CAS/images/1/9/6/1962128-th.jpg",
    "categories": ["meat-seafood-deli", "dairy-eggs-meals"],
    "tags": ["deli-meats", "poultry"],
    "locations": {
      "vic": {
        "price": 5,
        "promoText": " ",
        "packageSize": "150g",
        "packagePrice": "$33.34 per 1Kg"
      }
    }
  },
  {
    "id": "la-casa-del-formaggio-cheese-mozzarella-balls",
    "brand": "La Casa Del Formaggio",
    "name": "Mozzarella Balls",
    "imageUrl": "https://shop.coles.com.au/wcsstore/Coles-CAS/images/8/9/8/8981379-th.jpg",
    "categories": ["meat-seafood-deli"],
    "tags": ["deli-specialty", "deli-gourmet-chese"],
    "locations": {
      "vic": {
        "price": 7.6,
        "promoText": " ",
        "packageSize": "450g",
        "packagePrice": "$16.89 per 1Kg"
      }
    }
  },
  {
    "id": "delre-cheese-smoked-dutch",
    "brand": "Coles Deli",
    "name": "Delre Smoked Dutch Cheese",
    "imageUrl": "https://shop.coles.com.au/wcsstore/Coles-CAS/images/6/1/2/6120912-th.jpg",
    "categories": ["meat-seafood-deli", "dairy-eggs-meals"],
    "tags": ["deli-specialty", "deli-gourmet-chese"],
    "locations": {
      "vic": {
        "price": 6.2,
        "promoText": " ",
        "packageSize": "approx. 200g",
        "packagePrice": "$31.00 per 1Kg"
      }
    }
  },
  {
    "id": "coles-finest-marinated-goats-fetta",
    "brand": "Coles Finest",
    "name": "Tasmanian Goats Cheese",
    "imageUrl": "https://shop.coles.com.au/wcsstore/Coles-CAS/images/3/4/5/3453330-th.jpg",
    "categories": ["meat-seafood-deli"],
    "tags": ["deli-specialty", "deli-gourmet-chese"],
    "locations": {
      "vic": {
        "price": 9.7,
        "promoText": " ",
        "packageSize": "300g",
        "packagePrice": "$3.23 per 100G"
      }
    }
  },
  {
    "id": "meredith-cheese-chevre",
    "brand": "Coles Deli",
    "name": "Meredith Dairy Plain Chevre",
    "imageUrl": "https://shop.coles.com.au/wcsstore/Coles-CAS/images/6/6/7/6670935-th.jpg",
    "categories": ["meat-seafood-deli"],
    "tags": ["deli-specialty", "deli-gourmet-chese"],
    "locations": {
      "vic": {
        "price": 9,
        "promoText": " ",
        "packageSize": "150g",
        "packagePrice": "$60.00 per 1Kg"
      }
    }
  },
  {
    "id": "coles-deli-black-jack-aged-cheddar-spaccato",
    "brand": "Black Jack",
    "name": "Aged Cheddar Spaccato",
    "imageUrl": "https://shop.coles.com.au/wcsstore/Coles-CAS/images/2/2/4/2240730-th.jpg",
    "categories": ["meat-seafood-deli", "dairy-eggs-meals"],
    "tags": ["deli-specialty", "deli-gourmet-chese"],
    "locations": {
      "vic": {
        "price": 4.4,
        "promoText": " ",
        "packageSize": "approx. 275g",
        "packagePrice": "$16.00 per 1Kg"
      }
    }
  },
  {
    "id": "coles-deli-sweberg-cheese",
    "brand": "Coles Deli",
    "name": "Sweberg Cheese",
    "imageUrl": "https://shop.coles.com.au/wcsstore/Coles-CAS/images/2/2/4/2240763-th.jpg",
    "categories": ["meat-seafood-deli"],
    "tags": ["deli-specialty", "deli-gourmet-chese"],
    "locations": {
      "vic": {
        "price": 7.02,
        "promoText": " ",
        "packageSize": "approx. 390g",
        "packagePrice": "$18.00 per 1Kg"
      }
    }
  },
  {
    "id": "coles-deli-yarra-valley-goats-cheese",
    "brand": "Yarra Valley",
    "name": "Fresh Goats Cheese",
    "imageUrl": "https://shop.coles.com.au/wcsstore/Coles-CAS/images/2/2/4/2244582-th.jpg",
    "categories": ["meat-seafood-deli"],
    "tags": ["deli-specialty", "deli-gourmet-chese"],
    "locations": {
      "vic": {
        "price": 7.4,
        "promoText": " ",
        "packageSize": "120g",
        "packagePrice": "$61.67 per 1Kg"
      }
    }
  },
  {
    "id": "delre-cheese-pecorino-pepato",
    "brand": "Coles Deli",
    "name": "Delre Pecorino Pepato",
    "imageUrl": "https://shop.coles.com.au/wcsstore/Coles-CAS/images/6/5/5/6553294-th.jpg",
    "categories": ["meat-seafood-deli"],
    "tags": ["deli-specialty", "deli-gourmet-chese"],
    "locations": {
      "vic": {
        "price": 7.2,
        "promoText": " ",
        "packageSize": "approx. 200g",
        "packagePrice": "$36.00 per 1Kg"
      }
    }
  },
  {
    "id": "delre-cheese-caprakaa-goat-milk",
    "brand": "Coles Deli",
    "name": "Delre Goat Milk Caprakaas",
    "imageUrl": "https://shop.coles.com.au/wcsstore/Coles-CAS/images/6/1/1/6113000-th.jpg",
    "categories": ["meat-seafood-deli"],
    "tags": ["deli-specialty", "deli-gourmet-chese"],
    "locations": {
      "vic": {
        "price": 10.6,
        "promoText": " ",
        "packageSize": "approx. 200g",
        "packagePrice": "$53.00 per 1Kg"
      }
    }
  },
  {
    "id": "delre-cheese-mini-chol",
    "brand": "Coles Deli",
    "name": "Delre Mini Chol",
    "imageUrl": "https://shop.coles.com.au/wcsstore/Coles-CAS/images/6/1/2/6120821-th.jpg",
    "categories": ["meat-seafood-deli", "dairy-eggs-meals"],
    "tags": ["deli-specialty", "deli-gourmet-chese"],
    "locations": {
      "vic": {
        "price": 7.2,
        "promoText": " ",
        "packageSize": "approx. 200g",
        "packagePrice": "$36.00 per 1Kg"
      }
    }
  },
  {
    "id": "shaw-river-cheese-mozzarella-buffalo",
    "brand": "Shaw River",
    "name": "Buffalo Mozzarella",
    "imageUrl": "https://shop.coles.com.au/wcsstore/Coles-CAS/images/6/6/7/6671097-th.jpg",
    "categories": ["meat-seafood-deli"],
    "tags": ["deli-specialty", "deli-gourmet-chese"],
    "locations": {
      "vic": {
        "price": 11.5,
        "promoText": " ",
        "packageSize": "120g",
        "packagePrice": "$95.83 per 1Kg"
      }
    }
  },
  {
    "id": "aphrodite-barrel-aged-feta-portion",
    "brand": "Aphrodite",
    "name": "Barrel Aged Feta Portion",
    "imageUrl": "https://shop.coles.com.au/wcsstore/ColesResponsiveStorefrontAssetStore/dist/ccfc54aed6e361b650bcf0582f7b576b/img/img_product-placeholder.png",
    "categories": ["meat-seafood-deli", "dairy-eggs-meals"],
    "tags": ["deli-specialty", "deli-gourmet-chese"],
    "locations": {
      "vic": {
        "price": 12,
        "promoText": " ",
        "packageSize": "170g",
        "packagePrice": "$70.59 per 1Kg"
      }
    }
  },
  {
    "id": "artemis-kefalotyri",
    "brand": "Artemis",
    "name": "Kefalotyri",
    "imageUrl": "https://shop.coles.com.au/wcsstore/ColesResponsiveStorefrontAssetStore/dist/ccfc54aed6e361b650bcf0582f7b576b/img/img_product-placeholder.png",
    "categories": ["meat-seafood-deli", "dairy-eggs-meals"],
    "tags": ["deli-specialty", "deli-gourmet-chese"],
    "locations": {
      "vic": {
        "price": 12.5,
        "promoText": " ",
        "packageSize": "200g",
        "packagePrice": "$62.50 per 1Kg"
      }
    }
  },
  {
    "id": "bio-dynamic-triple-cream-camembert",
    "brand": "Bio-Dynamic",
    "name": "Triple Cream Camembert",
    "imageUrl": "https://shop.coles.com.au/wcsstore/ColesResponsiveStorefrontAssetStore/dist/ccfc54aed6e361b650bcf0582f7b576b/img/img_product-placeholder.png",
    "categories": ["meat-seafood-deli", "dairy-eggs-meals"],
    "tags": ["deli-specialty", "deli-gourmet-chese"],
    "locations": {
      "vic": {
        "price": 13.5,
        "promoText": " ",
        "packageSize": "280g",
        "packagePrice": "$4.82 per 100G"
      }
    }
  },
  {
    "id": "meredith-cheese-chevre-dill-portion",
    "brand": "Coles Deli",
    "name": "Meredith Dairy Dill Chevre",
    "imageUrl": "https://shop.coles.com.au/wcsstore/Coles-CAS/images/6/6/7/6671009-th.jpg",
    "categories": ["meat-seafood-deli"],
    "tags": ["deli-specialty", "deli-gourmet-chese"],
    "locations": {
      "vic": {
        "price": 9,
        "promoText": " ",
        "packageSize": "150g",
        "packagePrice": "$60.00 per 1Kg"
      }
    }
  },
  {
    "id": "isle-of-mann-celtic-vintage-red-leicester",
    "brand": "Isle Of Man",
    "name": "Celtic Red Vintage Leicester",
    "imageUrl": "https://shop.coles.com.au/wcsstore/ColesResponsiveStorefrontAssetStore/dist/ccfc54aed6e361b650bcf0582f7b576b/img/img_product-placeholder.png",
    "categories": ["meat-seafood-deli", "dairy-eggs-meals"],
    "tags": ["deli-specialty", "deli-gourmet-chese"],
    "locations": {
      "vic": {
        "price": 7.1,
        "promoText": " ",
        "packageSize": "180g",
        "packagePrice": "$39.45 per 1Kg"
      }
    }
  },
  {
    "id": "isle-of-mann-cheddar-portion",
    "brand": "Isle Of Man",
    "name": "Cheddar Portion",
    "imageUrl": "https://shop.coles.com.au/wcsstore/ColesResponsiveStorefrontAssetStore/dist/ccfc54aed6e361b650bcf0582f7b576b/img/img_product-placeholder.png",
    "categories": ["meat-seafood-deli", "dairy-eggs-meals"],
    "tags": ["deli-specialty", "deli-gourmet-chese"],
    "locations": {
      "vic": {
        "price": 7.1,
        "promoText": " ",
        "packageSize": "180g",
        "packagePrice": "$39.45 per 1Kg"
      }
    }
  },
  {
    "id": "milawa-blue",
    "brand": "Milawa",
    "name": "Blue",
    "imageUrl": "https://shop.coles.com.au/wcsstore/ColesResponsiveStorefrontAssetStore/dist/ccfc54aed6e361b650bcf0582f7b576b/img/img_product-placeholder.png",
    "categories": ["meat-seafood-deli"],
    "tags": ["deli-specialty", "deli-gourmet-chese"],
    "locations": {
      "vic": {
        "price": 11,
        "promoText": " ",
        "packageSize": "150g",
        "packagePrice": "$73.34 per 1Kg"
      }
    }
  },
  {
    "id": "papillon-roquefort-3735546p",
    "brand": "Papillon",
    "name": "Roquefort",
    "imageUrl": "https://shop.coles.com.au/wcsstore/ColesResponsiveStorefrontAssetStore/dist/ccfc54aed6e361b650bcf0582f7b576b/img/img_product-placeholder.png",
    "categories": ["meat-seafood-deli"],
    "tags": ["deli-specialty", "deli-gourmet-chese"],
    "locations": {
      "vic": {
        "price": 8,
        "promoText": " ",
        "packageSize": "100g",
        "packagePrice": "$80.00 per 1Kg"
      }
    }
  },
  {
    "id": "yarra-valley-herby-cow-cheese",
    "brand": "Yarra Valley",
    "name": "Herby Cow Cheese",
    "imageUrl": "https://shop.coles.com.au/wcsstore/Coles-CAS/images/2/2/4/2244560-th.jpg",
    "categories": ["meat-seafood-deli"],
    "tags": ["deli-specialty", "deli-gourmet-chese"],
    "locations": {
      "vic": {
        "price": 5.3,
        "promoText": " ",
        "packageSize": "120g",
        "packagePrice": "$44.17 per 1Kg"
      }
    }
  },
  {
    "id": "yarra-valley-dairy-salted-honey-cow-cheese",
    "brand": "Yarra Valley Dairy",
    "name": "Salted Honey Cow Cheese",
    "imageUrl": "https://shop.coles.com.au/wcsstore/Coles-CAS/images/3/0/5/3052973-th.jpg",
    "categories": ["meat-seafood-deli"],
    "tags": ["deli-specialty", "deli-gourmet-chese"],
    "locations": {
      "vic": {
        "price": 5.3,
        "promoText": " ",
        "packageSize": "120g",
        "packagePrice": "$44.17 per 1Kg"
      }
    }
  },
  {
    "id": "dodoni-cheese-greek-fetta-1kg",
    "brand": "Dodoni",
    "name": "Greek Fetta Cheese",
    "imageUrl": "https://shop.coles.com.au/wcsstore/Coles-CAS/images/5/5/4/5545687-th.jpg",
    "categories": ["meat-seafood-deli"],
    "tags": ["deli-specialty", "antipasto"],
    "locations": {
      "vic": {
        "price": 2.9,
        "promoText": " ",
        "packageSize": "approx. 100g",
        "packagePrice": "$29.00 per 1Kg"
      }
    }
  },
  {
    "id": "coles-skinpack-grilled-pumpkin",
    "brand": "Deli Express",
    "name": "Roasted Pumpkin",
    "imageUrl": "https://shop.coles.com.au/wcsstore/Coles-CAS/images/3/6/0/3605369-th.jpg",
    "categories": ["meat-seafood-deli"],
    "tags": ["deli-specialty", "antipasto"],
    "locations": {
      "vic": {
        "price": 5,
        "promoText": " ",
        "packageSize": "140g",
        "packagePrice": "$3.57 per 100G"
      }
    }
  },
  {
    "id": "coles-skinpack-grilled-eggplant",
    "brand": "Deli Express",
    "name": "Grilled Eggplant",
    "imageUrl": "https://shop.coles.com.au/wcsstore/Coles-CAS/images/3/6/0/3609960-th.jpg",
    "categories": ["meat-seafood-deli"],
    "tags": ["deli-specialty", "antipasto"],
    "locations": {
      "vic": {
        "price": 5,
        "promoText": " ",
        "packageSize": "150g",
        "packagePrice": "$3.33 per 100G"
      }
    }
  },
  {
    "id": "coles-deli-ricotta-3219183p",
    "brand": "Coles Deli",
    "name": "Ricotta",
    "imageUrl": "https://shop.coles.com.au/wcsstore/Coles-CAS/images/3/2/1/3219183-th.jpg",
    "categories": ["meat-seafood-deli"],
    "tags": ["deli-specialty", "antipasto"],
    "locations": {
      "vic": {
        "price": 0,
        "promoText": " ",
        "packageSize": "approx.125g",
        "packagePrice": ""
      }
    }
  },
  {
    "id": "dodoni-cheese-greek-feta",
    "brand": "Dodoni",
    "name": "Greek Feta Cheese",
    "imageUrl": "https://shop.coles.com.au/wcsstore/Coles-CAS/images/5/5/3/5532299-th.jpg",
    "categories": ["meat-seafood-deli"],
    "tags": ["deli-specialty", "antipasto"],
    "locations": {
      "vic": {
        "price": 2.9,
        "promoText": " ",
        "packageSize": "approx. 100g",
        "packagePrice": "$29.00 per 1Kg"
      }
    }
  },
  {
    "id": "pura-milk-full-cream-5477930p",
    "brand": "Pura",
    "name": "Multi Nutrient Full Cream Milk",
    "imageUrl": "https://shop.coles.com.au/wcsstore/Coles-CAS/images/5/4/7/5477930-th.jpg",
    "categories": ["dairy-eggs-meals"],
    "tags": ["milk", "full-cream-milk"],
    "locations": {
      "vic": {
        "price": 3.25,
        "promoText": " ",
        "packageSize": "2L",
        "packagePrice": "$1.63 per 1L"
      }
    }
  },
  {
    "id": "coles-milk-full-cream-8150288p",
    "brand": "Coles",
    "name": "Full Cream Milk",
    "imageUrl": "https://shop.coles.com.au/wcsstore/Coles-CAS/images/8/1/5/8150288-th.jpg",
    "categories": ["dairy-eggs-meals"],
    "tags": ["milk", "full-cream-milk"],
    "locations": {
      "vic": {
        "price": 3.59,
        "promoText": " ",
        "packageSize": "3L",
        "packagePrice": "$1.20 per 1L"
      }
    }
  },
  {
    "id": "coles-milk-full-cream-439693p",
    "brand": "Coles",
    "name": "Full Cream Milk",
    "imageUrl": "https://shop.coles.com.au/wcsstore/Coles-CAS/images/4/3/9/439693-th.jpg",
    "categories": ["dairy-eggs-meals"],
    "tags": ["milk", "full-cream-milk"],
    "locations": {
      "vic": {
        "price": 2.39,
        "promoText": " ",
        "packageSize": "2L",
        "packagePrice": "$1.20 per 1L"
      }
    }
  },
  {
    "id": "great-ocean-road-milk-full-cream-fresh-9321070p",
    "brand": "Great Ocean Road",
    "name": "Fresh Full Cream Milk",
    "imageUrl": "https://shop.coles.com.au/wcsstore/Coles-CAS/images/9/3/2/9321070-th.jpg",
    "categories": ["dairy-eggs-meals"],
    "tags": ["milk", "full-cream-milk"],
    "locations": {
      "vic": {
        "price": 3.3,
        "promoText": " ",
        "packageSize": "2L",
        "packagePrice": "$1.65 per 1L"
      }
    }
  },
  {
    "id": "devondale-full-fat-milk-1909941p",
    "brand": "Devondale",
    "name": "Full Cream Milk",
    "imageUrl": "https://shop.coles.com.au/wcsstore/Coles-CAS/images/1/9/0/1909941-th.jpg",
    "categories": ["dairy-eggs-meals"],
    "tags": ["milk", "full-cream-milk"],
    "locations": {
      "vic": {
        "price": 4.4,
        "promoText": " ",
        "packageSize": "3L",
        "packagePrice": "$1.47 per 1L"
      }
    }
  },
  {
    "id": "coles-milk-full-cream-9052681p",
    "brand": "Coles",
    "name": "Full Cream Milk",
    "imageUrl": "https://shop.coles.com.au/wcsstore/Coles-CAS/images/9/0/5/9052681-th.jpg",
    "categories": ["dairy-eggs-meals"],
    "tags": ["milk", "full-cream-milk"],
    "locations": {
      "vic": {
        "price": 1.29,
        "promoText": " ",
        "packageSize": "1L",
        "packagePrice": "$1.29 per 1L"
      }
    }
  },
  {
    "id": "pura-milk-full-cream",
    "brand": "Pura",
    "name": "Full Cream Milk",
    "imageUrl": "https://shop.coles.com.au/wcsstore/Coles-CAS/images/7/8/2/7828977-th.jpg",
    "categories": ["dairy-eggs-meals"],
    "tags": ["milk", "full-cream-milk"],
    "locations": {
      "vic": {
        "price": 4.85,
        "promoText": " ",
        "packageSize": "3L",
        "packagePrice": "$1.62 per 1L"
      }
    }
  },
  {
    "id": "great-ocean-road-milk-full-cream-fresh",
    "brand": "Great Ocean Road",
    "name": "Fresh Full Cream Milk",
    "imageUrl": "https://shop.coles.com.au/wcsstore/Coles-CAS/images/9/3/1/9317935-th.jpg",
    "categories": ["dairy-eggs-meals"],
    "tags": ["milk", "full-cream-milk"],
    "locations": {
      "vic": {
        "price": 2,
        "promoText": " ",
        "packageSize": "1L",
        "packagePrice": "$2.00 per 1L"
      }
    }
  },
  {
    "id": "coles-milk-full-cream-carton-6759482p",
    "brand": "Coles",
    "name": "Full Cream Milk Carton",
    "imageUrl": "https://shop.coles.com.au/wcsstore/Coles-CAS/images/6/7/5/6759482-th.jpg",
    "categories": ["dairy-eggs-meals"],
    "tags": ["milk", "full-cream-milk"],
    "locations": {
      "vic": {
        "price": 1.1,
        "promoText": " ",
        "packageSize": "600mL",
        "packagePrice": "$1.83 per 1L"
      }
    }
  },
  {
    "id": "dairy-farmers-a2-godness-full-cream-milk",
    "brand": "Dairy Farmers",
    "name": "A2 Goodness Full Cream Milk",
    "imageUrl": "https://shop.coles.com.au/wcsstore/Coles-CAS/images/3/7/6/3762367-th.jpg",
    "categories": ["dairy-eggs-meals"],
    "tags": ["milk", "full-cream-milk"],
    "locations": {
      "vic": {
        "price": 4.5,
        "promoText": " ",
        "packageSize": "2L",
        "packagePrice": "$2.25 per 1L"
      }
    }
  },
  {
    "id": "dairy-farmers-a2-godness-light-milk",
    "brand": "Dairy Farmers",
    "name": "A2 Goodness Light Milk",
    "imageUrl": "https://shop.coles.com.au/wcsstore/Coles-CAS/images/3/7/6/3762403-th.jpg",
    "categories": ["dairy-eggs-meals"],
    "tags": ["milk", "full-cream-milk"],
    "locations": {
      "vic": {
        "price": 4.5,
        "promoText": " ",
        "packageSize": "2L",
        "packagePrice": "$2.25 per 1L"
      }
    }
  },
  {
    "id": "pura-full-cream-milk",
    "brand": "Pura",
    "name": "Full Cream Milk",
    "imageUrl": "https://shop.coles.com.au/wcsstore/Coles-CAS/images/3/6/4/3647722-th.jpg",
    "categories": ["dairy-eggs-meals"],
    "tags": ["milk", "full-cream-milk"],
    "locations": {
      "vic": {
        "price": 2.3,
        "promoText": " ",
        "packageSize": "1L",
        "packagePrice": "$2.30 per 1L"
      }
    }
  },
  {
    "id": "pauls-plus-calcium-milk",
    "brand": "Pauls",
    "name": "Plus Calcium Milk",
    "imageUrl": "https://shop.coles.com.au/wcsstore/Coles-CAS/images/3/7/6/3762185-th.jpg",
    "categories": ["dairy-eggs-meals"],
    "tags": ["milk", "full-cream-milk"],
    "locations": {
      "vic": {
        "price": 3.99,
        "promoText": " ",
        "packageSize": "1.5L",
        "packagePrice": "$2.66 per 1L"
      }
    }
  },
  {
    "id": "pauls-plus-protein-milk",
    "brand": "Pauls",
    "name": "Plus Protein Milk",
    "imageUrl": "https://shop.coles.com.au/wcsstore/Coles-CAS/images/3/7/6/3762163-th.jpg",
    "categories": ["dairy-eggs-meals"],
    "tags": ["milk", "full-cream-milk"],
    "locations": {
      "vic": {
        "price": 3.99,
        "promoText": " ",
        "packageSize": "1.5L",
        "packagePrice": "$2.66 per 1L"
      }
    }
  },
  {
    "id": "coles-milk-lite-reduced-fat",
    "brand": "Coles",
    "name": "Reduced Fat Lite Milk",
    "imageUrl": "https://shop.coles.com.au/wcsstore/Coles-CAS/images/8/3/7/8379529-th.jpg",
    "categories": ["dairy-eggs-meals"],
    "tags": ["milk", "skim-low-fat-milk"],
    "locations": {
      "vic": {
        "price": 2.39,
        "promoText": " ",
        "packageSize": "2L",
        "packagePrice": "$1.20 per 1L"
      }
    }
  },
  {
    "id": "coles-milk-lite-reduced-fat-9107728p",
    "brand": "Coles",
    "name": "Reduced Fat Lite Milk",
    "imageUrl": "https://shop.coles.com.au/wcsstore/Coles-CAS/images/9/1/0/9107728-th.jpg",
    "categories": ["dairy-eggs-meals"],
    "tags": ["milk", "skim-low-fat-milk"],
    "locations": {
      "vic": {
        "price": 3.59,
        "promoText": " ",
        "packageSize": "3L",
        "packagePrice": "$1.20 per 1L"
      }
    }
  },
  {
    "id": "great-ocean-road-milk-low-fat-fresh-9321138p",
    "brand": "Great Ocean Road",
    "name": "Fresh Low Fat Milk",
    "imageUrl": "https://shop.coles.com.au/wcsstore/Coles-CAS/images/9/3/2/9321138-th.jpg",
    "categories": ["dairy-eggs-meals"],
    "tags": ["milk", "skim-low-fat-milk"],
    "locations": {
      "vic": {
        "price": 3.3,
        "promoText": " ",
        "packageSize": "2L",
        "packagePrice": "$1.65 per 1L"
      }
    }
  },
  {
    "id": "pura-light-start--milk-reduced-fat-calcium-rich-5410316p",
    "brand": "Pura",
    "name": "Light Start Low Fat Multi Nutrient Milk",
    "imageUrl": "https://shop.coles.com.au/wcsstore/Coles-CAS/images/5/4/1/5410316-th.jpg",
    "categories": ["dairy-eggs-meals"],
    "tags": ["milk", "skim-low-fat-milk"],
    "locations": {
      "vic": {
        "price": 4,
        "promoText": " ",
        "packageSize": "2L",
        "packagePrice": "$2.00 per 1L"
      }
    }
  },
  {
    "id": "coles-milk-skim-bottle",
    "brand": "Coles",
    "name": "Skim Milk",
    "imageUrl": "https://shop.coles.com.au/wcsstore/Coles-CAS/images/1/9/9/1993267-th.jpg",
    "categories": ["dairy-eggs-meals"],
    "tags": ["milk", "skim-low-fat-milk"],
    "locations": {
      "vic": {
        "price": 1.29,
        "promoText": " ",
        "packageSize": "1L",
        "packagePrice": "$1.29 per 1L"
      }
    }
  },
  {
    "id": "rev-milk-reduced-fat",
    "brand": "Pauls",
    "name": "Rev Low Fat Milk",
    "imageUrl": "https://shop.coles.com.au/wcsstore/Coles-CAS/images/4/2/5/425043-th.jpg",
    "categories": ["dairy-eggs-meals"],
    "tags": ["milk", "skim-low-fat-milk"],
    "locations": {
      "vic": {
        "price": 4.1,
        "promoText": " ",
        "packageSize": "2L",
        "packagePrice": "$2.05 per 1L"
      }
    }
  },
  {
    "id": "pauls-milk-smarter-white-9411784p",
    "brand": "Pauls",
    "name": "Smarter White Milk",
    "imageUrl": "https://shop.coles.com.au/wcsstore/Coles-CAS/images/9/4/1/9411784-th.jpg",
    "categories": ["dairy-eggs-meals"],
    "tags": ["milk", "skim-low-fat-milk"],
    "locations": {
      "vic": {
        "price": 3.5,
        "promoText": " ",
        "packageSize": "2L",
        "packagePrice": "$1.75 per 1L"
      }
    }
  },
  {
    "id": "coles-lite-milk-bottle-1993256p",
    "brand": "Coles",
    "name": "Lite Milk",
    "imageUrl": "https://shop.coles.com.au/wcsstore/Coles-CAS/images/1/9/9/1993256-th.jpg",
    "categories": ["dairy-eggs-meals"],
    "tags": ["milk", "skim-low-fat-milk"],
    "locations": {
      "vic": {
        "price": 1.29,
        "promoText": " ",
        "packageSize": "1L",
        "packagePrice": "$1.29 per 1L"
      }
    }
  },
  {
    "id": "devondale-light-milk",
    "brand": "Devondale",
    "name": "Light Milk",
    "imageUrl": "https://shop.coles.com.au/wcsstore/Coles-CAS/images/1/9/0/1909952-th.jpg",
    "categories": ["dairy-eggs-meals"],
    "tags": ["milk", "skim-low-fat-milk"],
    "locations": {
      "vic": {
        "price": 4.4,
        "promoText": " ",
        "packageSize": "3L",
        "packagePrice": "$1.47 per 1L"
      }
    }
  },
  {
    "id": "great-ocean-road-milk-no-fat-fresh-9321047p",
    "brand": "Great Ocean Road",
    "name": "No Fat Milk",
    "imageUrl": "https://shop.coles.com.au/wcsstore/Coles-CAS/images/9/3/2/9321047-th.jpg",
    "categories": ["dairy-eggs-meals"],
    "tags": ["milk", "skim-low-fat-milk"],
    "locations": {
      "vic": {
        "price": 3.3,
        "promoText": " ",
        "packageSize": "2L",
        "packagePrice": "$1.65 per 1L"
      }
    }
  },
  {
    "id": "pauls-skinny-milk-fat-free",
    "brand": "Pauls",
    "name": "Skinny Milk",
    "imageUrl": "https://shop.coles.com.au/wcsstore/Coles-CAS/images/5/2/6/5260188-th.jpg",
    "categories": ["dairy-eggs-meals"],
    "tags": ["milk", "skim-low-fat-milk"],
    "locations": {
      "vic": {
        "price": 4.15,
        "promoText": " ",
        "packageSize": "2L",
        "packagePrice": "$2.08 per 1L"
      }
    }
  },
  {
    "id": "rev-milk-reduced-fat-carton",
    "brand": "Pauls",
    "name": "Rev Low Fat Milk Carton",
    "imageUrl": "https://shop.coles.com.au/wcsstore/Coles-CAS/images/3/8/7/387192-th.jpg",
    "categories": ["dairy-eggs-meals"],
    "tags": ["milk", "skim-low-fat-milk"],
    "locations": {
      "vic": {
        "price": 2.95,
        "promoText": " ",
        "packageSize": "1L",
        "packagePrice": "$2.95 per 1L"
      }
    }
  },
  {
    "id": "pauls-physical-milk-reduced-fat-high-calcium",
    "brand": "Pauls",
    "name": "Physical Reduced Fat Hi Calcium Milk",
    "imageUrl": "https://shop.coles.com.au/wcsstore/Coles-CAS/images/4/9/8/4985-th.jpg",
    "categories": ["dairy-eggs-meals"],
    "tags": ["milk", "skim-low-fat-milk"],
    "locations": {
      "vic": {
        "price": 4.75,
        "promoText": " ",
        "packageSize": "2L",
        "packagePrice": "$2.38 per 1L"
      }
    }
  },
  {
    "id": "devondale-lite-milk",
    "brand": "Devondale",
    "name": "Light Milk",
    "imageUrl": "https://shop.coles.com.au/wcsstore/Coles-CAS/images/1/9/1/1911604-th.jpg",
    "categories": ["dairy-eggs-meals"],
    "tags": ["milk", "skim-low-fat-milk"],
    "locations": {
      "vic": {
        "price": 3.3,
        "promoText": " ",
        "packageSize": "2L",
        "packagePrice": "$1.65 per 1L"
      }
    }
  },
  {
    "id": "pauls-milk-smarter-white-9411773p",
    "brand": "Pauls",
    "name": "Smarter White Milk",
    "imageUrl": "https://shop.coles.com.au/wcsstore/Coles-CAS/images/9/4/1/9411773-th.jpg",
    "categories": ["dairy-eggs-meals"],
    "tags": ["milk", "skim-low-fat-milk"],
    "locations": {
      "vic": {
        "price": 2.45,
        "promoText": " ",
        "packageSize": "1L",
        "packagePrice": "$2.45 per 1L"
      }
    }
  },
  {
    "id": "pauls-milk-smarter-white",
    "brand": "Pauls",
    "name": "Smarter White Milk",
    "imageUrl": "https://shop.coles.com.au/wcsstore/Coles-CAS/images/9/7/5/9759886-th.jpg",
    "categories": ["dairy-eggs-meals"],
    "tags": ["milk", "skim-low-fat-milk"],
    "locations": {
      "vic": {
        "price": 6.15,
        "promoText": " ",
        "packageSize": "3L",
        "packagePrice": "$2.05 per 1L"
      }
    }
  },
  {
    "id": "dare-maxibond-flavoured-milk",
    "brand": "Dare Maxibond",
    "name": "Flavoured Milk",
    "imageUrl": "https://shop.coles.com.au/wcsstore/Coles-CAS/images/3/8/5/3856948-th.jpg",
    "categories": ["dairy-eggs-meals"],
    "tags": ["milk", "milk-flavoured"],
    "locations": {
      "vic": {
        "price": 3.35,
        "promoText": " ",
        "packageSize": "500mL",
        "packagePrice": "$6.70 per 1L"
      }
    }
  },
  {
    "id": "dairy-farmers-milk-heart-active-carton",
    "brand": "Dairy Farmers",
    "name": "Heart Active Fat Free Milk Carton",
    "imageUrl": "https://shop.coles.com.au/wcsstore/Coles-CAS/images/7/2/5/7258880-th.jpg",
    "categories": ["dairy-eggs-meals"],
    "tags": ["milk", "specialty-milk"],
    "locations": {
      "vic": {
        "price": 3.2,
        "promoText": " ",
        "packageSize": "1L",
        "packagePrice": "$3.20 per 1L"
      }
    }
  },
  {
    "id": "a2-milk-full-cream-9760091p",
    "brand": "A2",
    "name": "Dairy Full Cream Milk",
    "imageUrl": "https://shop.coles.com.au/wcsstore/Coles-CAS/images/9/7/6/9760091-th.jpg",
    "categories": ["dairy-eggs-meals"],
    "tags": ["milk", "specialty-milk"],
    "locations": {
      "vic": {
        "price": 5,
        "promoText": " ",
        "packageSize": "2L",
        "packagePrice": "$2.50 per 1L"
      }
    }
  },
  {
    "id": "a2-milk-reduced-fat-9759944p",
    "brand": "A2",
    "name": "Light Milk",
    "imageUrl": "https://shop.coles.com.au/wcsstore/Coles-CAS/images/9/7/5/9759944-th.jpg",
    "categories": ["dairy-eggs-meals"],
    "tags": ["milk", "specialty-milk"],
    "locations": {
      "vic": {
        "price": 5,
        "promoText": " ",
        "packageSize": "2L",
        "packagePrice": "$2.50 per 1L"
      }
    }
  },
  {
    "id": "a2-milk-full-cream",
    "brand": "A2",
    "name": "Full Cream Milk",
    "imageUrl": "https://shop.coles.com.au/wcsstore/Coles-CAS/images/9/7/6/9760070-th.jpg",
    "categories": ["dairy-eggs-meals"],
    "tags": ["milk", "specialty-milk"],
    "locations": {
      "vic": {
        "price": 3,
        "promoText": " ",
        "packageSize": "1L",
        "packagePrice": "$3.00 per 1L"
      }
    }
  },
  {
    "id": "pauls-zymil--milk-lactose-free-reduced-fat",
    "brand": "Pauls",
    "name": "Zymil Low Fat Milk",
    "imageUrl": "https://shop.coles.com.au/wcsstore/Coles-CAS/images/5/1/6/5169596-th.jpg",
    "categories": ["dairy-eggs-meals"],
    "tags": ["milk", "specialty-milk"],
    "locations": {
      "vic": {
        "price": 3,
        "promoText": " ",
        "packageSize": "1L",
        "packagePrice": "$3.00 per 1L"
      }
    }
  },
  {
    "id": "pauls-zymil--milk-lactose-free-full-fat",
    "brand": "Pauls",
    "name": "Zymil Lactose Free Full Cream Milk",
    "imageUrl": "https://shop.coles.com.au/wcsstore/Coles-CAS/images/5/8/9/5891600-th.jpg",
    "categories": ["dairy-eggs-meals"],
    "tags": ["milk", "specialty-milk"],
    "locations": {
      "vic": {
        "price": 3,
        "promoText": " ",
        "packageSize": "1L",
        "packagePrice": "$3.00 per 1L"
      }
    }
  },
  {
    "id": "devondale-full-fat-milk",
    "brand": "Devondale",
    "name": "Full Cream Milk",
    "imageUrl": "https://shop.coles.com.au/wcsstore/Coles-CAS/images/1/9/1/1913790-th.jpg",
    "categories": ["dairy-eggs-meals"],
    "tags": ["milk", "specialty-milk"],
    "locations": {
      "vic": {
        "price": 3.3,
        "promoText": " ",
        "packageSize": "2L",
        "packagePrice": "$1.65 per 1L"
      }
    }
  },
  {
    "id": "farmhouse-gold-organic-milk",
    "brand": "Pauls",
    "name": "Farmhouse Gold Organic Milk",
    "imageUrl": "https://shop.coles.com.au/wcsstore/Coles-CAS/images/3/1/8/3187633-th.jpg",
    "categories": ["dairy-eggs-meals"],
    "tags": ["milk", "specialty-milk"],
    "locations": {
      "vic": {
        "price": 5.1,
        "promoText": " ",
        "packageSize": "1.5L",
        "packagePrice": "$3.40 per 1L"
      }
    }
  },
  {
    "id": "dairy-farmers-milk-buttermilk",
    "brand": "Dairy Farmers",
    "name": "Buttermilk",
    "imageUrl": "https://shop.coles.com.au/wcsstore/Coles-CAS/images/2/5/2/252739-th.jpg",
    "categories": ["dairy-eggs-meals"],
    "tags": ["milk", "specialty-milk"],
    "locations": {
      "vic": {
        "price": 3.05,
        "promoText": " ",
        "packageSize": "600mL",
        "packagePrice": "$5.08 per 1L"
      }
    }
  },
  {
    "id": "parmalat-milk-full-cream-organic",
    "brand": "Pauls",
    "name": "Pure Organic Full Cream Milk",
    "imageUrl": "https://shop.coles.com.au/wcsstore/Coles-CAS/images/6/7/5/6753464-th.jpg",
    "categories": ["dairy-eggs-meals"],
    "tags": ["milk", "specialty-milk"],
    "locations": {
      "vic": {
        "price": 6.1,
        "promoText": " ",
        "packageSize": "2L",
        "packagePrice": "$3.05 per 1L"
      }
    }
  },
  {
    "id": "a2-milk-reduced-fat",
    "brand": "A2",
    "name": "Light Fat Milk",
    "imageUrl": "https://shop.coles.com.au/wcsstore/Coles-CAS/images/9/7/6/9760047-th.jpg",
    "categories": ["dairy-eggs-meals"],
    "tags": ["milk", "specialty-milk"],
    "locations": {
      "vic": {
        "price": 3,
        "promoText": " ",
        "packageSize": "1L",
        "packagePrice": "$3.00 per 1L"
      }
    }
  },
  {
    "id": "coles-lactose-free-full-cream-milk",
    "brand": "Coles",
    "name": "Lactose Free Full Cream Milk",
    "imageUrl": "https://shop.coles.com.au/wcsstore/Coles-CAS/images/2/6/3/2635444-th.jpg",
    "categories": ["dairy-eggs-meals"],
    "tags": ["milk", "specialty-milk"],
    "locations": {
      "vic": {
        "price": 2.15,
        "promoText": " ",
        "packageSize": "1L",
        "packagePrice": "$2.15 per 1L"
      }
    }
  },
  {
    "id": "zymil-low-fat-milk",
    "brand": "Pauls",
    "name": "Zymil Low Fat Milk",
    "imageUrl": "https://shop.coles.com.au/wcsstore/Coles-CAS/images/1/9/0/1902465-th.jpg",
    "categories": ["dairy-eggs-meals"],
    "tags": ["milk", "specialty-milk"],
    "locations": {
      "vic": {
        "price": 5.4,
        "promoText": " ",
        "packageSize": "2L",
        "packagePrice": "$2.70 per 1L"
      }
    }
  },
  {
    "id": "zymil-full-cream-milk",
    "brand": "Pauls",
    "name": "Zymil Gluten free & lactose Free Full Cream Milk",
    "imageUrl": "https://shop.coles.com.au/wcsstore/Coles-CAS/images/1/9/0/1902454-th.jpg",
    "categories": ["dairy-eggs-meals"],
    "tags": ["milk", "specialty-milk"],
    "locations": {
      "vic": {
        "price": 5.4,
        "promoText": " ",
        "packageSize": "2L",
        "packagePrice": "$2.70 per 1L"
      }
    }
  },
  {
    "id": "pauls-zymil--milk-lactose-free-no-fat",
    "brand": "Pauls",
    "name": "Zymil Skim Milk",
    "imageUrl": "https://shop.coles.com.au/wcsstore/Coles-CAS/images/8/9/7/8972436-th.jpg",
    "categories": ["dairy-eggs-meals"],
    "tags": ["milk", "specialty-milk"],
    "locations": {
      "vic": {
        "price": 3,
        "promoText": " ",
        "packageSize": "1L",
        "packagePrice": "$3.00 per 1L"
      }
    }
  },
  {
    "id": "green-pastures-milk-full-cream",
    "brand": "Green Pastures",
    "name": "Full Cream Milk",
    "imageUrl": "https://shop.coles.com.au/wcsstore/Coles-CAS/images/1/5/9/1595800-th.jpg",
    "categories": ["dairy-eggs-meals"],
    "tags": ["milk", "specialty-milk"],
    "locations": {
      "vic": {
        "price": 4.8,
        "promoText": " ",
        "packageSize": "2L",
        "packagePrice": "$2.40 per 1L"
      }
    }
  },
  {
    "id": "a2-no-fat-milk",
    "brand": "A2",
    "name": "No Fat Milk",
    "imageUrl": "https://shop.coles.com.au/wcsstore/Coles-CAS/images/3/0/7/3070829-th.jpg",
    "categories": ["dairy-eggs-meals"],
    "tags": ["milk", "specialty-milk"],
    "locations": {
      "vic": {
        "price": 3,
        "promoText": " ",
        "packageSize": "1L",
        "packagePrice": "$3.00 per 1L"
      }
    }
  },
  {
    "id": "coles-lactose-free-lite-milk",
    "brand": "Coles",
    "name": "Lactose Free Lite Milk",
    "imageUrl": "https://shop.coles.com.au/wcsstore/Coles-CAS/images/3/1/8/3187597-th.jpg",
    "categories": ["dairy-eggs-meals"],
    "tags": ["milk", "specialty-milk"],
    "locations": {
      "vic": {
        "price": 2.15,
        "promoText": " ",
        "packageSize": "1L",
        "packagePrice": "$2.15 per 1L"
      }
    }
  },
  {
    "id": "parmalat-milk-full-cream-organic-carton",
    "brand": "Pauls",
    "name": "Pure Organic Full Cream Milk Carton",
    "imageUrl": "https://shop.coles.com.au/wcsstore/Coles-CAS/images/5/2/2/5220627-th.jpg",
    "categories": ["dairy-eggs-meals"],
    "tags": ["milk", "specialty-milk"],
    "locations": {
      "vic": {
        "price": 3.2,
        "promoText": " ",
        "packageSize": "1L",
        "packagePrice": "$3.20 per 1L"
      }
    }
  },
  {
    "id": "vitasoy-milk-rice-carton",
    "brand": "Vitasoy",
    "name": "Unsweetened Rice Milk Carton",
    "imageUrl": "https://shop.coles.com.au/wcsstore/Coles-CAS/images/6/3/8/6380811-th.jpg",
    "categories": ["dairy-eggs-meals"],
    "tags": ["milk", "specialty-milk"],
    "locations": {
      "vic": {
        "price": 3,
        "promoText": " ",
        "packageSize": "1L",
        "packagePrice": "$3.00 per 1L"
      }
    }
  },
  {
    "id": "caprilac-milk-goats",
    "brand": "Caprilac",
    "name": "Goats Milk",
    "imageUrl": "https://shop.coles.com.au/wcsstore/Coles-CAS/images/7/4/4/7448364-th.jpg",
    "categories": ["dairy-eggs-meals"],
    "tags": ["milk", "specialty-milk"],
    "locations": {
      "vic": {
        "price": 4.5,
        "promoText": " ",
        "packageSize": "1L",
        "packagePrice": "$4.50 per 1L"
      }
    }
  },
  {
    "id": "vitasoy-milk-soy-regular-carton",
    "brand": "Vitasoy",
    "name": "Regular Soy Milk",
    "imageUrl": "https://shop.coles.com.au/wcsstore/Coles-CAS/images/5/1/1/5111880-th.jpg",
    "categories": ["dairy-eggs-meals"],
    "tags": ["milk", "soy-almond-milk"],
    "locations": {
      "vic": {
        "price": 2.6,
        "promoText": " ",
        "packageSize": "1L",
        "packagePrice": "$2.60 per 1L"
      }
    }
  },
  {
    "id": "vitasoy-milk-soy-calci-plus-carton",
    "brand": "Vitasoy",
    "name": "Calcium Plus Soy Milk",
    "imageUrl": "https://shop.coles.com.au/wcsstore/Coles-CAS/images/9/0/6/9067496-th.jpg",
    "categories": ["dairy-eggs-meals"],
    "tags": ["milk", "soy-almond-milk"],
    "locations": {
      "vic": {
        "price": 3.2,
        "promoText": " ",
        "packageSize": "1L",
        "packagePrice": "$3.20 per 1L"
      }
    }
  },
  {
    "id": "sanitarium-so-good-unsweetened-almond-milk",
    "brand": "Sanitarium",
    "name": "So Good Unsweetened Almond Milk",
    "imageUrl": "https://shop.coles.com.au/wcsstore/Coles-CAS/images/2/9/1/2917990-th.jpg",
    "categories": ["dairy-eggs-meals"],
    "tags": ["milk", "soy-almond-milk"],
    "locations": {
      "vic": {
        "price": 3.85,
        "promoText": " ",
        "packageSize": "1L",
        "packagePrice": "$3.85 per 1L"
      }
    }
  },
  {
    "id": "sanitarium-so-good-almond-milk-chilled",
    "brand": "Sanitarium",
    "name": "So Good Chilled Original Almond Milk",
    "imageUrl": "https://shop.coles.com.au/wcsstore/Coles-CAS/images/1/9/0/1908519-th.jpg",
    "categories": ["dairy-eggs-meals"],
    "tags": ["milk", "soy-almond-milk"],
    "locations": {
      "vic": {
        "price": 3.85,
        "promoText": " ",
        "packageSize": "1L",
        "packagePrice": "$3.85 per 1L"
      }
    }
  },
  {
    "id": "sanitarium-so-good-milk-soy-regular",
    "brand": "Sanitarium",
    "name": "So Good Chilled Regular Soy Milk",
    "imageUrl": "https://shop.coles.com.au/wcsstore/Coles-CAS/images/6/9/2/6923327-th.jpg",
    "categories": ["dairy-eggs-meals"],
    "tags": ["milk", "soy-almond-milk"],
    "locations": {
      "vic": {
        "price": 2.45,
        "promoText": " ",
        "packageSize": "1L",
        "packagePrice": "$2.45 per 1L"
      }
    }
  },
  {
    "id": "vitasoy-milk-soy-lite-carton",
    "brand": "Vitasoy",
    "name": "Soy Lite Milk",
    "imageUrl": "https://shop.coles.com.au/wcsstore/Coles-CAS/images/4/5/1/4514510-th.jpg",
    "categories": ["dairy-eggs-meals"],
    "tags": ["milk", "soy-almond-milk"],
    "locations": {
      "vic": {
        "price": 2.6,
        "promoText": " ",
        "packageSize": "1L",
        "packagePrice": "$2.60 per 1L"
      }
    }
  },
  {
    "id": "califia-unsweetened-almond-milk",
    "brand": "Califia Farms",
    "name": "Gluten Free Unsweetened Almond Milk",
    "imageUrl": "https://shop.coles.com.au/wcsstore/Coles-CAS/images/2/9/1/2917741-th.jpg",
    "categories": ["dairy-eggs-meals"],
    "tags": ["milk", "soy-almond-milk"],
    "locations": {
      "vic": {
        "price": 3.65,
        "promoText": " ",
        "packageSize": "750mL",
        "packagePrice": "$4.87 per 1L"
      }
    }
  },
  {
    "id": "vitasoy-unsweetened-almond-soy-milk",
    "brand": "Vitasoy",
    "name": "Unsweetened Almond Milk",
    "imageUrl": "https://shop.coles.com.au/wcsstore/Coles-CAS/images/2/6/8/2684381-th.jpg",
    "categories": ["dairy-eggs-meals"],
    "tags": ["milk", "soy-almond-milk"],
    "locations": {
      "vic": {
        "price": 3.8,
        "promoText": " ",
        "packageSize": "1L",
        "packagePrice": "$3.80 per 1L"
      }
    }
  },
  {
    "id": "nutty-bruce-organic-activated-almond-milk",
    "brand": "Nutty Bruce",
    "name": "Organic Activated Almond Milk",
    "imageUrl": "https://shop.coles.com.au/wcsstore/Coles-CAS/images/3/1/8/3187462-th.jpg",
    "categories": ["dairy-eggs-meals"],
    "tags": ["milk", "soy-almond-milk"],
    "locations": {
      "vic": {
        "price": 5.5,
        "promoText": " ",
        "packageSize": "1L",
        "packagePrice": "$5.50 per 1L"
      }
    }
  },
  {
    "id": "alpro-barista-almond-milk",
    "brand": "Alpro",
    "name": "Barista Almond Milk",
    "imageUrl": "https://shop.coles.com.au/wcsstore/Coles-CAS/images/3/7/6/3761568-th.jpg",
    "categories": ["dairy-eggs-meals"],
    "tags": ["milk", "soy-almond-milk"],
    "locations": {
      "vic": {
        "price": 4,
        "promoText": "$1.00 ",
        "packageSize": "1L",
        "packagePrice": "$4.00 per 1L"
      }
    }
  },
  {
    "id": "alpro-barista-soy-milk",
    "brand": "Alpro",
    "name": "Barista Soy Milk",
    "imageUrl": "https://shop.coles.com.au/wcsstore/Coles-CAS/images/3/7/6/3761604-th.jpg",
    "categories": ["dairy-eggs-meals"],
    "tags": ["milk", "soy-almond-milk"],
    "locations": {
      "vic": {
        "price": 4,
        "promoText": "$1.00 ",
        "packageSize": "1L",
        "packagePrice": "$4.00 per 1L"
      }
    }
  },
  {
    "id": "yakult-milk-drink-fermented-10-pack",
    "brand": "Yakult",
    "name": "Gluten Free Fermented Milk Drink 10 pack",
    "imageUrl": "https://shop.coles.com.au/wcsstore/Coles-CAS/images/8/1/3/8133824-th.jpg",
    "categories": ["dairy-eggs-meals"],
    "tags": ["milk", "probiotic-milk"],
    "locations": {
      "vic": {
        "price": 7.7,
        "promoText": " ",
        "packageSize": "65mL",
        "packagePrice": "$11.85 per 1L"
      }
    }
  },
  {
    "id": "yakult-milk-drink-fermented-drink-light-5-pack",
    "brand": "Yakult",
    "name": "Fermented Light Probiotic Milk 5 Pack",
    "imageUrl": "https://shop.coles.com.au/wcsstore/Coles-CAS/images/5/5/4/5543105-th.jpg",
    "categories": ["dairy-eggs-meals"],
    "tags": ["milk", "probiotic-milk"],
    "locations": {
      "vic": {
        "price": 4,
        "promoText": " ",
        "packageSize": "65mL",
        "packagePrice": "$12.31 per 1L"
      }
    }
  },
  {
    "id": "table-of-plenty-kefir-natural",
    "brand": "Table Of Plenty",
    "name": "Kefir Natural Yoghurt",
    "imageUrl": "https://shop.coles.com.au/wcsstore/Coles-CAS/images/2/9/1/2917923-th.jpg",
    "categories": ["dairy-eggs-meals"],
    "tags": ["milk", "probiotic-milk"],
    "locations": {
      "vic": {
        "price": 7.7,
        "promoText": " ",
        "packageSize": "1Kg",
        "packagePrice": "$7.70 per 1KG"
      }
    }
  },
  {
    "id": "coyo-organic-coconut-milk-kefir-vanilla-bean",
    "brand": "Coyo",
    "name": "Organic Coconut Milk Kefir Vanilla Bean",
    "imageUrl": "https://shop.coles.com.au/wcsstore/Coles-CAS/images/3/7/6/3761411-th.jpg",
    "categories": ["dairy-eggs-meals"],
    "tags": ["milk", "probiotic-milk"],
    "locations": {
      "vic": {
        "price": 4.9,
        "promoText": "$0.60 ",
        "packageSize": "250mL",
        "packagePrice": "$19.60 per 1L"
      }
    }
  },
  {
    "id": "coyo-coconut-milk-kefir-natural",
    "brand": "Coyo",
    "name": "Coconut Milk Kefir Natural",
    "imageUrl": "https://shop.coles.com.au/wcsstore/Coles-CAS/images/3/7/6/3761466-th.jpg",
    "categories": ["dairy-eggs-meals"],
    "tags": ["milk", "probiotic-milk"],
    "locations": {
      "vic": {
        "price": 9.9,
        "promoText": "$1.10 ",
        "packageSize": "700mL",
        "packagePrice": "$14.14 per 1L"
      }
    }
  },
  {
    "id": "coyo-organic-coconut-milk-kefir-mango",
    "brand": "Coyo",
    "name": "Organic Coconut Milk Kefir Mango",
    "imageUrl": "https://shop.coles.com.au/wcsstore/Coles-CAS/images/3/7/6/3761397-th.jpg",
    "categories": ["dairy-eggs-meals"],
    "tags": ["milk", "probiotic-milk"],
    "locations": {
      "vic": {
        "price": 4.9,
        "promoText": "$0.60 ",
        "packageSize": "250mL",
        "packagePrice": "$19.60 per 1L"
      }
    }
  },
  {
    "id": "myrtle-creek-cage-free-x-large-eggs-12pk",
    "brand": "Myrtle Creek",
    "name": "Cage Free Extra Large Eggs 12 Pack",
    "imageUrl": "https://shop.coles.com.au/wcsstore/Coles-CAS/images/3/2/0/3208879-th.jpg",
    "categories": ["dairy-eggs-meals"],
    "tags": ["eggs", "barn-eggs"],
    "locations": {
      "vic": {
        "price": 3.95,
        "promoText": " ",
        "packageSize": "700g",
        "packagePrice": "$0.56 per 100G"
      }
    }
  },
  {
    "id": "liberty-eggs-barn-laid-cage-free-12-pack",
    "brand": "Pace Farm",
    "name": "Liberty Cage Free Eggs 12 pack",
    "imageUrl": "https://shop.coles.com.au/wcsstore/Coles-CAS/images/7/0/0/7007096-th.jpg",
    "categories": ["dairy-eggs-meals"],
    "tags": ["eggs", "barn-eggs"],
    "locations": {
      "vic": {
        "price": 5,
        "promoText": " ",
        "packageSize": "600g",
        "packagePrice": "$0.83 per 100G"
      }
    }
  },
  {
    "id": "liberty-eggs-barn-laid-cage-free-15-pack",
    "brand": "Pace Farm",
    "name": "Liberty Cage Free Eggs 15 Pack",
    "imageUrl": "https://shop.coles.com.au/wcsstore/Coles-CAS/images/7/4/0/7405383-th.jpg",
    "categories": ["dairy-eggs-meals"],
    "tags": ["eggs", "barn-eggs"],
    "locations": {
      "vic": {
        "price": 6.4,
        "promoText": " ",
        "packageSize": "885g",
        "packagePrice": "$0.72 per 100G"
      }
    }
  },
  {
    "id": "farm-pride-eggs-barn-laid-12-pack",
    "brand": "Farm Pride",
    "name": "Cage Free Barn Laid Eggs 12 pack",
    "imageUrl": "https://shop.coles.com.au/wcsstore/Coles-CAS/images/8/6/7/8677436-th.jpg",
    "categories": ["dairy-eggs-meals"],
    "tags": ["eggs", "barn-eggs"],
    "locations": {
      "vic": {
        "price": 4.7,
        "promoText": " ",
        "packageSize": "700g",
        "packagePrice": "$0.67 per 100G"
      }
    }
  },
  {
    "id": "sunny-queen-farms-eggs-cage-free-extra-large-12-pack",
    "brand": "Sunny Queen",
    "name": "Cage Free Extra Large Eggs 12 pack",
    "imageUrl": "https://shop.coles.com.au/wcsstore/Coles-CAS/images/6/7/9/6793775-th.jpg",
    "categories": ["dairy-eggs-meals"],
    "tags": ["eggs", "barn-eggs"],
    "locations": {
      "vic": {
        "price": 5.5,
        "promoText": " ",
        "packageSize": "700g",
        "packagePrice": "$0.79 per 100G"
      }
    }
  },
  {
    "id": "sunny-queen-farms-eggs-cage-free-large-18-pack",
    "brand": "Sunny Queen",
    "name": "Cage Free Large Eggs 18 pack",
    "imageUrl": "https://shop.coles.com.au/wcsstore/Coles-CAS/images/8/9/4/8946775-th.jpg",
    "categories": ["dairy-eggs-meals"],
    "tags": ["eggs", "barn-eggs"],
    "locations": {
      "vic": {
        "price": 7.6,
        "promoText": " ",
        "packageSize": "900g",
        "packagePrice": "$0.84 per 100G"
      }
    }
  },
  {
    "id": "farm-fresh-cage-eggs-12pk-700g",
    "brand": "Farm Fresh",
    "name": "Cage Eggs 12 pack",
    "imageUrl": "https://shop.coles.com.au/wcsstore/Coles-CAS/images/2/9/1/2915961-th.jpg",
    "categories": ["dairy-eggs-meals"],
    "tags": ["eggs", "cage-eggs"],
    "locations": {
      "vic": {
        "price": 3.5,
        "promoText": " ",
        "packageSize": "700g",
        "packagePrice": "$0.50 per 100G"
      }
    }
  },
  {
    "id": "sunny-queen-farms-eggs-cage-extra-large-12-pack",
    "brand": "Sunny Queen",
    "name": "Farm Fresh X Large Cage Eggs 12 Pack",
    "imageUrl": "https://shop.coles.com.au/wcsstore/Coles-CAS/images/5/2/1/5214340-th.jpg",
    "categories": ["dairy-eggs-meals"],
    "tags": ["eggs", "cage-eggs"],
    "locations": {
      "vic": {
        "price": 5.15,
        "promoText": " ",
        "packageSize": "700g",
        "packagePrice": "$0.74 per 100G"
      }
    }
  },
  {
    "id": "fresher-caged-eggs-600g-12-pack",
    "brand": "Fresher Caged",
    "name": "Eggs 600g 12 Pack",
    "imageUrl": "https://shop.coles.com.au/wcsstore/ColesResponsiveStorefrontAssetStore/dist/ccfc54aed6e361b650bcf0582f7b576b/img/img_product-placeholder.png",
    "categories": ["dairy-eggs-meals"],
    "tags": ["eggs", "cage-eggs"],
    "locations": {
      "vic": {
        "price": 4.2,
        "promoText": " ",
        "packageSize": "600g",
        "packagePrice": "$0.70 per 100G"
      }
    }
  },
  {
    "id": "coles-eggs-free-range-12-pack",
    "brand": "Coles",
    "name": "Free Range Extra Large Eggs 12 Pack",
    "imageUrl": "https://shop.coles.com.au/wcsstore/Coles-CAS/images/9/4/5/9453478-th.jpg",
    "categories": ["dairy-eggs-meals"],
    "tags": ["eggs", "fre-range-eggs"],
    "locations": {
      "vic": {
        "price": 4.5,
        "promoText": " ",
        "packageSize": "700g",
        "packagePrice": "$0.64 per 100G"
      }
    }
  },
  {
    "id": "coles-eggs-free-range-12-pack-9453456p",
    "brand": "Coles",
    "name": "Free Range Large Eggs 12 Pack",
    "imageUrl": "https://shop.coles.com.au/wcsstore/Coles-CAS/images/9/4/5/9453456-th.jpg",
    "categories": ["dairy-eggs-meals"],
    "tags": ["eggs", "fre-range-eggs"],
    "locations": {
      "vic": {
        "price": 4.1,
        "promoText": " ",
        "packageSize": "600g",
        "packagePrice": "$0.68 per 100G"
      }
    }
  },
  {
    "id": "pace-farm-eggs-free-range-natural-living-12-pack",
    "brand": "Pace Farm",
    "name": "Free Range Natural Living Extra Large Eggs 12 pack",
    "imageUrl": "https://shop.coles.com.au/wcsstore/Coles-CAS/images/8/7/3/8736750-th.jpg",
    "categories": ["dairy-eggs-meals"],
    "tags": ["eggs", "fre-range-eggs"],
    "locations": {
      "vic": {
        "price": 5.95,
        "promoText": "Was $6.70 on Aug 2019 ",
        "packageSize": "700g",
        "packagePrice": "$0.85 per 100G"
      }
    }
  },
  {
    "id": "sunny-queen-farms-eggs-free-range-extra-large-12-pack",
    "brand": "Sunny Queen",
    "name": "Free Range Extra Large Eggs 12 pack",
    "imageUrl": "https://shop.coles.com.au/wcsstore/Coles-CAS/images/5/4/1/5417789-th.jpg",
    "categories": ["dairy-eggs-meals"],
    "tags": ["eggs", "fre-range-eggs"],
    "locations": {
      "vic": {
        "price": 6,
        "promoText": "Was $6.70 on Aug 2018 ",
        "packageSize": "700g",
        "packagePrice": "$0.86 per 100G"
      }
    }
  },
  {
    "id": "sunny-queen-farms-eggs-free-range-18-pack",
    "brand": "Sunny Queen",
    "name": "Free Range Large Eggs 18 pack",
    "imageUrl": "https://shop.coles.com.au/wcsstore/Coles-CAS/images/8/9/5/8953577-th.jpg",
    "categories": ["dairy-eggs-meals"],
    "tags": ["eggs", "fre-range-eggs"],
    "locations": {
      "vic": {
        "price": 8.75,
        "promoText": " ",
        "packageSize": "900g",
        "packagePrice": "$0.97 per 100G"
      }
    }
  },
  {
    "id": "coles-eggs-free-range-jumbo-12-pack",
    "brand": "Coles",
    "name": "Free Range Jumbo Eggs 12 pack",
    "imageUrl": "https://shop.coles.com.au/wcsstore/Coles-CAS/images/1/0/3/1034234-th.jpg",
    "categories": ["dairy-eggs-meals"],
    "tags": ["eggs", "fre-range-eggs"],
    "locations": {
      "vic": {
        "price": 5,
        "promoText": " ",
        "packageSize": "800g",
        "packagePrice": "$0.63 per 100G"
      }
    }
  },
  {
    "id": "sunny-queen-farms-eggs-free-range-extra-large-6-pack",
    "brand": "Sunny Queen",
    "name": "Free Range X Large Eggs 6 pack",
    "imageUrl": "https://shop.coles.com.au/wcsstore/Coles-CAS/images/5/4/8/5484210-th.jpg",
    "categories": ["dairy-eggs-meals"],
    "tags": ["eggs", "fre-range-eggs"],
    "locations": {
      "vic": {
        "price": 3.9,
        "promoText": " ",
        "packageSize": "350g",
        "packagePrice": "$1.11 per 100G"
      }
    }
  },
  {
    "id": "coles-free-range-eggs-6-pack",
    "brand": "Coles",
    "name": "Free Range Eggs 6 Pack",
    "imageUrl": "https://shop.coles.com.au/wcsstore/Coles-CAS/images/2/6/8/2680008-th.jpg",
    "categories": ["dairy-eggs-meals"],
    "tags": ["eggs", "fre-range-eggs"],
    "locations": {
      "vic": {
        "price": 3.08,
        "promoText": " ",
        "packageSize": "300g",
        "packagePrice": "$1.03 per 100G"
      }
    }
  },
  {
    "id": "coles-organic-free-range-eggs-12pk-600g",
    "brand": "Coles",
    "name": "Organic Free Range Eggs 12 Pack",
    "imageUrl": "https://shop.coles.com.au/wcsstore/Coles-CAS/images/3/1/6/3169697-th.jpg",
    "categories": ["dairy-eggs-meals"],
    "tags": ["eggs", "fre-range-eggs"],
    "locations": {
      "vic": {
        "price": 8.95,
        "promoText": " ",
        "packageSize": "600g",
        "packagePrice": "$1.49 per 100G"
      }
    }
  },
  {
    "id": "happy-chicken-free-range-eggs-12pk-700g",
    "brand": "Lucky Chicken Eggs",
    "name": "Free Range Extra Large Eggs 12 pack",
    "imageUrl": "https://shop.coles.com.au/wcsstore/Coles-CAS/images/2/8/3/2837132-th.jpg",
    "categories": ["dairy-eggs-meals"],
    "tags": ["eggs", "fre-range-eggs"],
    "locations": {
      "vic": {
        "price": 6.9,
        "promoText": " ",
        "packageSize": "700g",
        "packagePrice": "$0.99 per 100G"
      }
    }
  },
  {
    "id": "sunny-queen-farms-eggs-free-range-large-12-pack",
    "brand": "Sunny Queen",
    "name": "Free Range Large Eggs 12 pack",
    "imageUrl": "https://shop.coles.com.au/wcsstore/Coles-CAS/images/5/4/1/5417778-th.jpg",
    "categories": ["dairy-eggs-meals"],
    "tags": ["eggs", "fre-range-eggs"],
    "locations": {
      "vic": {
        "price": 5.9,
        "promoText": " ",
        "packageSize": "600g",
        "packagePrice": "$0.98 per 100G"
      }
    }
  },
  {
    "id": "sunny-queen-big-brekkie-free-range-eggs-12pk-820g",
    "brand": "Sunny Queen",
    "name": "Free Range Big Brekkie Browns Eggs 12 pack",
    "imageUrl": "https://shop.coles.com.au/wcsstore/Coles-CAS/images/3/4/2/3428401-th.jpg",
    "categories": ["dairy-eggs-meals"],
    "tags": ["eggs", "fre-range-eggs"],
    "locations": {
      "vic": {
        "price": 7.2,
        "promoText": " ",
        "packageSize": "820g",
        "packagePrice": "$0.88 per 100G"
      }
    }
  },
  {
    "id": "pace-farm-eggs-free-range-natural-living-12-pack-4932940p",
    "brand": "Pace Farm",
    "name": "Natural Living Free Range Large Eggs 12 pack",
    "imageUrl": "https://shop.coles.com.au/wcsstore/Coles-CAS/images/4/9/3/4932940-th.jpg",
    "categories": ["dairy-eggs-meals"],
    "tags": ["eggs", "fre-range-eggs"],
    "locations": {
      "vic": {
        "price": 5.7,
        "promoText": "Was $5.90 on Aug 2019 ",
        "packageSize": "600g",
        "packagePrice": "$0.95 per 100G"
      }
    }
  },
  {
    "id": "sunny-queen-farms-eggs-organic-large",
    "brand": "Sunny Queen",
    "name": "Organic Free Range Large Eggs 10 pack",
    "imageUrl": "https://shop.coles.com.au/wcsstore/Coles-CAS/images/3/0/5/3052747-th.jpg",
    "categories": ["dairy-eggs-meals"],
    "tags": ["eggs", "specialty-eggs"],
    "locations": {
      "vic": {
        "price": 9.4,
        "promoText": " ",
        "packageSize": "590g",
        "packagePrice": "$1.59 per 100G"
      }
    }
  },
  {
    "id": "coles-cheese-block-tasty-287609p",
    "brand": "Coles",
    "name": "Tasty Cheddar Cheese",
    "imageUrl": "https://shop.coles.com.au/wcsstore/Coles-CAS/images/2/8/7/287609-th.jpg",
    "categories": ["dairy-eggs-meals"],
    "tags": ["chese", "block-chese"],
    "locations": {
      "vic": {
        "price": 8.8,
        "promoText": " ",
        "packageSize": "1kg",
        "packagePrice": "$8.80 per 1Kg"
      }
    }
  },
  {
    "id": "coles-smart-buy-tasty-cheddar-cheese-block",
    "brand": "Coles",
    "name": "Cheddar Block",
    "imageUrl": "https://shop.coles.com.au/wcsstore/Coles-CAS/images/2/0/7/2071305-th.jpg",
    "categories": ["dairy-eggs-meals"],
    "tags": ["chese", "block-chese"],
    "locations": {
      "vic": {
        "price": 8,
        "promoText": " ",
        "packageSize": "1kg",
        "packagePrice": "$8.00 per 1Kg"
      }
    }
  },
  {
    "id": "bega-cheese-block-tasty-204430p",
    "brand": "Bega",
    "name": "Tasty Cheese Block",
    "imageUrl": "https://shop.coles.com.au/wcsstore/Coles-CAS/images/2/0/4/204430-th.jpg",
    "categories": ["dairy-eggs-meals"],
    "tags": ["chese", "block-chese"],
    "locations": {
      "vic": {
        "price": 13.4,
        "promoText": " ",
        "packageSize": "1kg",
        "packagePrice": "$13.40 per 1Kg"
      }
    }
  },
  {
    "id": "coles-grana-padano",
    "brand": "Coles",
    "name": "Italian Grana Padano",
    "imageUrl": "https://shop.coles.com.au/wcsstore/Coles-CAS/images/2/1/2/2123577-th.jpg",
    "categories": ["dairy-eggs-meals"],
    "tags": ["chese", "block-chese"],
    "locations": {
      "vic": {
        "price": 6.9,
        "promoText": " ",
        "packageSize": "250g",
        "packagePrice": "$27.60 per 1Kg"
      }
    }
  },
  {
    "id": "great-ocean-road-cheese-block-tasty",
    "brand": "Great Ocean Road",
    "name": "Tasty Cheese Block",
    "imageUrl": "https://shop.coles.com.au/wcsstore/Coles-CAS/images/9/1/8/9182177-th.jpg",
    "categories": ["dairy-eggs-meals"],
    "tags": ["chese", "block-chese"],
    "locations": {
      "vic": {
        "price": 7.7,
        "promoText": " ",
        "packageSize": "500g",
        "packagePrice": "$15.40 per 1Kg"
      }
    }
  },
  {
    "id": "perfect-italiano-cheese-block-parmesan-extra-sharp",
    "brand": "Perfect Italiano",
    "name": "Extra Sharp Parmesan Cheese",
    "imageUrl": "https://shop.coles.com.au/wcsstore/Coles-CAS/images/4/3/9/4394123-th.jpg",
    "categories": ["dairy-eggs-meals"],
    "tags": ["chese", "block-chese"],
    "locations": {
      "vic": {
        "price": 6.75,
        "promoText": " ",
        "packageSize": "200g",
        "packagePrice": "$33.75 per 1Kg"
      }
    }
  },
  {
    "id": "bega-cheese-block-tasty",
    "brand": "Bega",
    "name": "Tasty Cheese Block",
    "imageUrl": "https://shop.coles.com.au/wcsstore/Coles-CAS/images/1/8/9/189712-th.jpg",
    "categories": ["dairy-eggs-meals"],
    "tags": ["chese", "block-chese"],
    "locations": {
      "vic": {
        "price": 7,
        "promoText": "$1.00 ",
        "packageSize": "500g",
        "packagePrice": "$14.00 per 1Kg"
      }
    }
  },
  {
    "id": "great-ocean-road-cheese-block-cheddar-vintage",
    "brand": "Great Ocean Road",
    "name": "Eastly Ridge Vintage Cheddar Cheese Block",
    "imageUrl": "https://shop.coles.com.au/wcsstore/Coles-CAS/images/9/1/8/9182213-th.jpg",
    "categories": ["dairy-eggs-meals"],
    "tags": ["chese", "block-chese"],
    "locations": {
      "vic": {
        "price": 7.7,
        "promoText": " ",
        "packageSize": "500g",
        "packagePrice": "$15.40 per 1Kg"
      }
    }
  },
  {
    "id": "mainland-cheese-block-tasty-47300p",
    "brand": "Mainland",
    "name": "Tasty Cheddar Cheese Block",
    "imageUrl": "https://shop.coles.com.au/wcsstore/Coles-CAS/images/4/7/3/47300-th.jpg",
    "categories": ["dairy-eggs-meals"],
    "tags": ["chese", "block-chese"],
    "locations": {
      "vic": {
        "price": 4,
        "promoText": "$1.50 ",
        "packageSize": "250g",
        "packagePrice": "$1.60 per 100G"
      }
    }
  },
  {
    "id": "perfect-italiano-parmesan-cheese-block",
    "brand": "Perfect Italiano",
    "name": "Parmesan Cheese Block",
    "imageUrl": "https://shop.coles.com.au/wcsstore/Coles-CAS/images/3/2/7/3274068-th.jpg",
    "categories": ["dairy-eggs-meals"],
    "tags": ["chese", "block-chese"],
    "locations": {
      "vic": {
        "price": 6,
        "promoText": " ",
        "packageSize": "200g",
        "packagePrice": "$30.00 per 1Kg"
      }
    }
  },
  {
    "id": "coon-cheese-block-tasty-192411p",
    "brand": "Coon",
    "name": "Tasty Cheese Block",
    "imageUrl": "https://shop.coles.com.au/wcsstore/Coles-CAS/images/1/9/2/192411-th.jpg",
    "categories": ["dairy-eggs-meals"],
    "tags": ["chese", "block-chese"],
    "locations": {
      "vic": {
        "price": 10.85,
        "promoText": " ",
        "packageSize": "1kg",
        "packagePrice": "$10.85 per 1Kg"
      }
    }
  },
  {
    "id": "great-ocean-road-cheese-block-extra-tasty",
    "brand": "Great Ocean Road",
    "name": "Buckley Creek Extra Tasty Cheese Block",
    "imageUrl": "https://shop.coles.com.au/wcsstore/Coles-CAS/images/9/1/8/9182202-th.jpg",
    "categories": ["dairy-eggs-meals"],
    "tags": ["chese", "block-chese"],
    "locations": {
      "vic": {
        "price": 7.7,
        "promoText": " ",
        "packageSize": "500g",
        "packagePrice": "$15.40 per 1Kg"
      }
    }
  },
  {
    "id": "la-casa-del-formaggio-mozzarella-ball",
    "brand": "La Casa Del Formaggio",
    "name": "Mozzarella Ball",
    "imageUrl": "https://shop.coles.com.au/wcsstore/Coles-CAS/images/2/4/8/2485512-th.jpg",
    "categories": ["dairy-eggs-meals"],
    "tags": ["chese", "block-chese"],
    "locations": {
      "vic": {
        "price": 5,
        "promoText": " ",
        "packageSize": "250g",
        "packagePrice": "$20.00 per 1Kg"
      }
    }
  },
  {
    "id": "bega-cheese-block-strong-bitey-vintage",
    "brand": "Bega",
    "name": "Strong & Bitey Vintage Cheese Block",
    "imageUrl": "https://shop.coles.com.au/wcsstore/Coles-CAS/images/5/3/6/5369052-th.jpg",
    "categories": ["dairy-eggs-meals"],
    "tags": ["chese", "block-chese"],
    "locations": {
      "vic": {
        "price": 7,
        "promoText": "$1.00 ",
        "packageSize": "500g",
        "packagePrice": "$1.40 per 100G"
      }
    }
  },
  {
    "id": "coles-cheese-reggiano",
    "brand": "Coles",
    "name": "Italian Parmigiano Reggiano Cheese",
    "imageUrl": "https://shop.coles.com.au/wcsstore/Coles-CAS/images/8/2/2/8225864-th.jpg",
    "categories": ["dairy-eggs-meals"],
    "tags": ["chese", "block-chese"],
    "locations": {
      "vic": {
        "price": 10,
        "promoText": " ",
        "packageSize": "250g",
        "packagePrice": "$40.00 per 1Kg"
      }
    }
  },
  {
    "id": "mainland-cheese-block-extra-tasty",
    "brand": "Mainland",
    "name": "Extra Tasty Cheese Block",
    "imageUrl": "https://shop.coles.com.au/wcsstore/Coles-CAS/images/3/2/7/3274148-th.jpg",
    "categories": ["dairy-eggs-meals"],
    "tags": ["chese", "block-chese"],
    "locations": {
      "vic": {
        "price": 4,
        "promoText": "$1.50 ",
        "packageSize": "250g",
        "packagePrice": "$16.00 per 1Kg"
      }
    }
  },
  {
    "id": "coon-cheese-block-tasty-189960p",
    "brand": "Coon",
    "name": "Tasty Cheese Block",
    "imageUrl": "https://shop.coles.com.au/wcsstore/Coles-CAS/images/1/8/9/189960-th.jpg",
    "categories": ["dairy-eggs-meals"],
    "tags": ["chese", "block-chese"],
    "locations": {
      "vic": {
        "price": 8,
        "promoText": " ",
        "packageSize": "500g",
        "packagePrice": "$16.00 per 1Kg"
      }
    }
  },
  {
    "id": "bega-cheese-block-tasty-296712p",
    "brand": "Bega",
    "name": "Tasty Cheese Block",
    "imageUrl": "https://shop.coles.com.au/wcsstore/Coles-CAS/images/2/9/6/296712-th.jpg",
    "categories": ["dairy-eggs-meals"],
    "tags": ["chese", "block-chese"],
    "locations": {
      "vic": {
        "price": 6,
        "promoText": " ",
        "packageSize": "250g",
        "packagePrice": "$2.40 per 100G"
      }
    }
  },
  {
    "id": "coles-cheese-block-tasty-294003p",
    "brand": "Coles",
    "name": "Tasty Cheddar Cheese",
    "imageUrl": "https://shop.coles.com.au/wcsstore/Coles-CAS/images/2/9/4/294003-th.jpg",
    "categories": ["dairy-eggs-meals"],
    "tags": ["chese", "block-chese"],
    "locations": {
      "vic": {
        "price": 4.2,
        "promoText": " ",
        "packageSize": "250g",
        "packagePrice": "$1.68 per 100G"
      }
    }
  },
  {
    "id": "mil-lel-parmesan-cheese-block",
    "brand": "Mil Lel",
    "name": "Parmesan Cheese Block",
    "imageUrl": "https://shop.coles.com.au/wcsstore/Coles-CAS/images/3/2/7/3274603-th.jpg",
    "categories": ["dairy-eggs-meals"],
    "tags": ["chese", "block-chese"],
    "locations": {
      "vic": {
        "price": 7.75,
        "promoText": " ",
        "packageSize": "250g",
        "packagePrice": "$31.00 per 1Kg"
      }
    }
  },
  {
    "id": "coles-australian-colby-cheese-block",
    "brand": "Coles",
    "name": "Colby Cheese Block",
    "imageUrl": "https://shop.coles.com.au/wcsstore/Coles-CAS/images/2/0/7/2071269-th.jpg",
    "categories": ["dairy-eggs-meals"],
    "tags": ["chese", "block-chese"],
    "locations": {
      "vic": {
        "price": 8.9,
        "promoText": " ",
        "packageSize": "1kg",
        "packagePrice": "$8.90 per 1Kg"
      }
    }
  },
  {
    "id": "great-ocean-road-cheese-block-colby",
    "brand": "Great Ocean Road",
    "name": "Colby Cheese Block",
    "imageUrl": "https://shop.coles.com.au/wcsstore/Coles-CAS/images/1/0/1/1010087-th.jpg",
    "categories": ["dairy-eggs-meals"],
    "tags": ["chese", "block-chese"],
    "locations": {
      "vic": {
        "price": 7.7,
        "promoText": " ",
        "packageSize": "500g",
        "packagePrice": "$15.40 per 1Kg"
      }
    }
  },
  {
    "id": "coles-cheese-block-tasty-lite-6900933p",
    "brand": "Coles",
    "name": "Tasty Light Cheddar Cheese Block",
    "imageUrl": "https://shop.coles.com.au/wcsstore/Coles-CAS/images/6/9/0/6900933-th.jpg",
    "categories": ["dairy-eggs-meals"],
    "tags": ["chese", "block-chese"],
    "locations": {
      "vic": {
        "price": 8.8,
        "promoText": " ",
        "packageSize": "1kg",
        "packagePrice": "$8.80 per 1Kg"
      }
    }
  },
  {
    "id": "coles-cheese-block-vintage-6995102p",
    "brand": "Coles",
    "name": "Vintage Cheddar Cheese Block",
    "imageUrl": "https://shop.coles.com.au/wcsstore/Coles-CAS/images/6/9/9/6995102-th.jpg",
    "categories": ["dairy-eggs-meals"],
    "tags": ["chese", "block-chese"],
    "locations": {
      "vic": {
        "price": 4.2,
        "promoText": " ",
        "packageSize": "250g",
        "packagePrice": "$1.68 per 100G"
      }
    }
  },
  {
    "id": "cracker-barrel-extra-sharp-cheese-block",
    "brand": "Cracker Barrel",
    "name": "Extra Sharp Vintage Cheddar Cheese Block",
    "imageUrl": "https://shop.coles.com.au/wcsstore/Coles-CAS/images/3/0/2/3024457-th.jpg",
    "categories": ["dairy-eggs-meals"],
    "tags": ["chese", "block-chese"],
    "locations": {
      "vic": {
        "price": 10.3,
        "promoText": " ",
        "packageSize": "500g",
        "packagePrice": "$2.06 per 100G"
      }
    }
  },
  {
    "id": "coles-cheese-block-tasty",
    "brand": "Coles",
    "name": "Tasty Cheddar Cheese",
    "imageUrl": "https://shop.coles.com.au/wcsstore/Coles-CAS/images/2/9/3/293995-th.jpg",
    "categories": ["dairy-eggs-meals"],
    "tags": ["chese", "block-chese"],
    "locations": {
      "vic": {
        "price": 5.8,
        "promoText": " ",
        "packageSize": "500g",
        "packagePrice": "$1.16 per 100G"
      }
    }
  },
  {
    "id": "cracker-barrel-cheese-block-cheddar-vintage-special-reserve",
    "brand": "Cracker Barrel",
    "name": "Special Reserve Vintage Cheddar Cheese Block",
    "imageUrl": "https://shop.coles.com.au/wcsstore/Coles-CAS/images/8/8/3/8838218-th.jpg",
    "categories": ["dairy-eggs-meals"],
    "tags": ["chese", "block-chese"],
    "locations": {
      "vic": {
        "price": 6.79,
        "promoText": " ",
        "packageSize": "250g",
        "packagePrice": "$27.16 per 1Kg"
      }
    }
  },
  {
    "id": "liddells-cheese-block-lactose-free",
    "brand": "Liddells",
    "name": "Lactose Free Cheese Block",
    "imageUrl": "https://shop.coles.com.au/wcsstore/Coles-CAS/images/1/4/1/1418291-th.jpg",
    "categories": ["dairy-eggs-meals"],
    "tags": ["chese", "block-chese"],
    "locations": {
      "vic": {
        "price": 6,
        "promoText": " ",
        "packageSize": "250g",
        "packagePrice": "$24.00 per 1Kg"
      }
    }
  },
  {
    "id": "bega-cheese-block-strong-bitey-vintage-166557p",
    "brand": "Bega",
    "name": "Strong & Bitey Vintage Cheese Block",
    "imageUrl": "https://shop.coles.com.au/wcsstore/Coles-CAS/images/1/6/6/166557-th.jpg",
    "categories": ["dairy-eggs-meals"],
    "tags": ["chese", "block-chese"],
    "locations": {
      "vic": {
        "price": 6,
        "promoText": " ",
        "packageSize": "250g",
        "packagePrice": "$24.00 per 1Kg"
      }
    }
  },
  {
    "id": "cracker-barrel-cheese-block-cheddar-vintage-extra-sharp",
    "brand": "Cracker Barrel",
    "name": "Extra Sharp Vintage Cheddar Cheese Block",
    "imageUrl": "https://shop.coles.com.au/wcsstore/Coles-CAS/images/1/9/2/192433-th.jpg",
    "categories": ["dairy-eggs-meals"],
    "tags": ["chese", "block-chese"],
    "locations": {
      "vic": {
        "price": 6.6,
        "promoText": " ",
        "packageSize": "250g",
        "packagePrice": "$26.40 per 1Kg"
      }
    }
  },
  {
    "id": "devondale-cheese-block-colby-3137078p",
    "brand": "Devondale",
    "name": "Colby Cheese Block",
    "imageUrl": "https://shop.coles.com.au/wcsstore/Coles-CAS/images/3/1/3/3137078-th.jpg",
    "categories": ["dairy-eggs-meals"],
    "tags": ["chese", "block-chese"],
    "locations": {
      "vic": {
        "price": 7.5,
        "promoText": " ",
        "packageSize": "500g",
        "packagePrice": "$15.00 per 1Kg"
      }
    }
  },
  {
    "id": "norco-natural-cheese-block",
    "brand": "Norco",
    "name": "Elbo Style Cheese Block",
    "imageUrl": "https://shop.coles.com.au/wcsstore/Coles-CAS/images/4/4/7/447556-th.jpg",
    "categories": ["dairy-eggs-meals"],
    "tags": ["chese", "block-chese"],
    "locations": {
      "vic": {
        "price": 10,
        "promoText": " ",
        "packageSize": "500g",
        "packagePrice": "$20.00 per 1Kg"
      }
    }
  },
  {
    "id": "coles-cheese-block-extra-tasty",
    "brand": "Coles",
    "name": "Extra Tasty Cheddar Cheese",
    "imageUrl": "https://shop.coles.com.au/wcsstore/Coles-CAS/images/5/4/3/5432669-th.jpg",
    "categories": ["dairy-eggs-meals"],
    "tags": ["chese", "block-chese"],
    "locations": {
      "vic": {
        "price": 4.2,
        "promoText": " ",
        "packageSize": "250g",
        "packagePrice": "$16.80 per 1Kg"
      }
    }
  },
  {
    "id": "coon-cheese-block-tasty",
    "brand": "Coon",
    "name": "Tasty Cheese Block",
    "imageUrl": "https://shop.coles.com.au/wcsstore/Coles-CAS/images/1/8/9/189938-th.jpg",
    "categories": ["dairy-eggs-meals"],
    "tags": ["chese", "block-chese"],
    "locations": {
      "vic": {
        "price": 4.6,
        "promoText": "$1.40 ",
        "packageSize": "250g",
        "packagePrice": "$18.40 per 1Kg"
      }
    }
  },
  {
    "id": "mainland-cheese-block-epicure",
    "brand": "Mainland",
    "name": "Epicure Cheese Block",
    "imageUrl": "https://shop.coles.com.au/wcsstore/Coles-CAS/images/6/5/7/6577430-th.jpg",
    "categories": ["dairy-eggs-meals"],
    "tags": ["chese", "block-chese"],
    "locations": {
      "vic": {
        "price": 4,
        "promoText": "$2.00 ",
        "packageSize": "200g",
        "packagePrice": "$20.00 per 1Kg"
      }
    }
  },
  {
    "id": "bega-cheese-block-tasty-bar-b-cubes",
    "brand": "Bega",
    "name": "Bar-B-Cubes Tasty Cheese",
    "imageUrl": "https://shop.coles.com.au/wcsstore/Coles-CAS/images/4/6/7/467189-th.jpg",
    "categories": ["dairy-eggs-meals"],
    "tags": ["chese", "block-chese"],
    "locations": {
      "vic": {
        "price": 8,
        "promoText": " ",
        "packageSize": "500g",
        "packagePrice": "$16.00 per 1Kg"
      }
    }
  },
  {
    "id": "coles-mozzarella-pear",
    "brand": "Coles",
    "name": "Mozzarella Pear",
    "imageUrl": "https://shop.coles.com.au/wcsstore/Coles-CAS/images/2/4/8/2482161-th.jpg",
    "categories": ["dairy-eggs-meals"],
    "tags": ["chese", "block-chese"],
    "locations": {
      "vic": {
        "price": 6.5,
        "promoText": " ",
        "packageSize": "500g",
        "packagePrice": "$13.00 per 1Kg"
      }
    }
  },
  {
    "id": "devondale-cheese-block-tasty-3136993p",
    "brand": "Devondale",
    "name": "Tasty Cheese Block",
    "imageUrl": "https://shop.coles.com.au/wcsstore/Coles-CAS/images/3/1/3/3136993-th.jpg",
    "categories": ["dairy-eggs-meals"],
    "tags": ["chese", "block-chese"],
    "locations": {
      "vic": {
        "price": 7.5,
        "promoText": " ",
        "packageSize": "500g",
        "packagePrice": "$15.00 per 1Kg"
      }
    }
  },
  {
    "id": "mainland-cheese-block-extra-tasty-3308421p",
    "brand": "Mainland",
    "name": "Extra Tasty Cheddar Cheese Block",
    "imageUrl": "https://shop.coles.com.au/wcsstore/Coles-CAS/images/3/3/0/3308421-th.jpg",
    "categories": ["dairy-eggs-meals"],
    "tags": ["chese", "block-chese"],
    "locations": {
      "vic": {
        "price": 9,
        "promoText": " ",
        "packageSize": "500g",
        "packagePrice": "$1.80 per 100G"
      }
    }
  },
  {
    "id": "mainland-cheese-block-vintage-3274308p",
    "brand": "Mainland",
    "name": "Vintage Cheese Block",
    "imageUrl": "https://shop.coles.com.au/wcsstore/Coles-CAS/images/3/2/7/3274308-th.jpg",
    "categories": ["dairy-eggs-meals"],
    "tags": ["chese", "block-chese"],
    "locations": {
      "vic": {
        "price": 4,
        "promoText": "$1.50 ",
        "packageSize": "200g",
        "packagePrice": "$20.00 per 1Kg"
      }
    }
  },
  {
    "id": "philadelphia-block-lactose-free",
    "brand": "Philadelphia",
    "name": "Lactose Free Cheese Block",
    "imageUrl": "https://shop.coles.com.au/wcsstore/Coles-CAS/images/3/5/7/3575891-th.jpg",
    "categories": ["dairy-eggs-meals"],
    "tags": ["chese", "block-chese"],
    "locations": {
      "vic": {
        "price": 4.3,
        "promoText": " ",
        "packageSize": "250g",
        "packagePrice": "$17.20 per 1Kg"
      }
    }
  },
  {
    "id": "devondale-cheese-block-mozzarella",
    "brand": "Devondale",
    "name": "Mozzarella Cheese Block",
    "imageUrl": "https://shop.coles.com.au/wcsstore/Coles-CAS/images/3/1/3/3137125-th.jpg",
    "categories": ["dairy-eggs-meals"],
    "tags": ["chese", "block-chese"],
    "locations": {
      "vic": {
        "price": 7.5,
        "promoText": " ",
        "packageSize": "500g",
        "packagePrice": "$15.00 per 1Kg"
      }
    }
  },
  {
    "id": "bega-cheese-block-tasty-extra-light",
    "brand": "Bega",
    "name": "Light & Tasty Cheese Block",
    "imageUrl": "https://shop.coles.com.au/wcsstore/Coles-CAS/images/9/4/0/9400981-th.jpg",
    "categories": ["dairy-eggs-meals"],
    "tags": ["chese", "block-chese"],
    "locations": {
      "vic": {
        "price": 7,
        "promoText": "$1.00 ",
        "packageSize": "500g",
        "packagePrice": "$14.00 per 1Kg"
      }
    }
  },
  {
    "id": "coles-cheese-australian-colby",
    "brand": "Coles",
    "name": "Colby Cheese Block",
    "imageUrl": "https://shop.coles.com.au/wcsstore/Coles-CAS/images/1/4/1/1413298-th.jpg",
    "categories": ["dairy-eggs-meals"],
    "tags": ["chese", "block-chese"],
    "locations": {
      "vic": {
        "price": 4.2,
        "promoText": " ",
        "packageSize": "250g",
        "packagePrice": "$1.68 per 100G"
      }
    }
  },
  {
    "id": "great-ocean-road-block-light-cheese",
    "brand": "Great Ocean Road",
    "name": "Light Tasty Natural Cheese Block",
    "imageUrl": "https://shop.coles.com.au/wcsstore/Coles-CAS/images/2/9/8/2985388-th.jpg",
    "categories": ["dairy-eggs-meals"],
    "tags": ["chese", "block-chese"],
    "locations": {
      "vic": {
        "price": 7.7,
        "promoText": " ",
        "packageSize": "500g",
        "packagePrice": "$1.54 per 100G"
      }
    }
  },
  {
    "id": "mainland-dairy-cheese-tasty-bonus-pack",
    "brand": "Mainland",
    "name": "Tasty Cheese Block",
    "imageUrl": "https://shop.coles.com.au/wcsstore/Coles-CAS/images/4/7/2/472994-th.jpg",
    "categories": ["dairy-eggs-meals"],
    "tags": ["chese", "block-chese"],
    "locations": {
      "vic": {
        "price": 9,
        "promoText": " ",
        "packageSize": "500g",
        "packagePrice": "$18.00 per 1Kg"
      }
    }
  },
  {
    "id": "mainland-cheese-block-vintage-3274283p",
    "brand": "Mainland",
    "name": "Vintage Cheese Block",
    "imageUrl": "https://shop.coles.com.au/wcsstore/Coles-CAS/images/3/2/7/3274283-th.jpg",
    "categories": ["dairy-eggs-meals"],
    "tags": ["chese", "block-chese"],
    "locations": {
      "vic": {
        "price": 9,
        "promoText": " ",
        "packageSize": "400g",
        "packagePrice": "$22.50 per 1Kg"
      }
    }
  },
  {
    "id": "coles-cheese-block-tasty-lite-5236004p",
    "brand": "Coles",
    "name": "Tasty Light Cheddar Cheese",
    "imageUrl": "https://shop.coles.com.au/wcsstore/Coles-CAS/images/5/2/3/5236004-th.jpg",
    "categories": ["dairy-eggs-meals"],
    "tags": ["chese", "block-chese"],
    "locations": {
      "vic": {
        "price": 4.2,
        "promoText": " ",
        "packageSize": "250g",
        "packagePrice": "$16.80 per 1Kg"
      }
    }
  },
  {
    "id": "coon-cheese-block-tasty-light",
    "brand": "Coon",
    "name": "Light 'N Tasty Cheese Block",
    "imageUrl": "https://shop.coles.com.au/wcsstore/Coles-CAS/images/5/0/8/5080812-th.jpg",
    "categories": ["dairy-eggs-meals"],
    "tags": ["chese", "block-chese"],
    "locations": {
      "vic": {
        "price": 8,
        "promoText": " ",
        "packageSize": "500g",
        "packagePrice": "$16.00 per 1Kg"
      }
    }
  },
  {
    "id": "coon--colby-cheese-block",
    "brand": "Coon",
    "name": "Colby Cheese Block",
    "imageUrl": "https://shop.coles.com.au/wcsstore/Coles-CAS/images/2/7/8/2784728-th.jpg",
    "categories": ["dairy-eggs-meals"],
    "tags": ["chese", "block-chese"],
    "locations": {
      "vic": {
        "price": 10.85,
        "promoText": " ",
        "packageSize": "1kg",
        "packagePrice": "$10.85 per 1Kg"
      }
    }
  },
  {
    "id": "my-life-bio-cheese-haloumi",
    "brand": "My Life",
    "name": "Bio Cheese Haloumi",
    "imageUrl": "https://shop.coles.com.au/wcsstore/ColesResponsiveStorefrontAssetStore/dist/ccfc54aed6e361b650bcf0582f7b576b/img/img_product-placeholder.png",
    "categories": ["dairy-eggs-meals"],
    "tags": ["chese", "block-chese"],
    "locations": {
      "vic": {
        "price": 8,
        "promoText": " ",
        "packageSize": "200g",
        "packagePrice": "$40.00 per 1Kg"
      }
    }
  },
  {
    "id": "zanetti-grand-padano-16mth",
    "brand": "Zanetti",
    "name": "Grand Padano",
    "imageUrl": "https://shop.coles.com.au/wcsstore/Coles-CAS/images/3/5/6/3561820-th.jpg",
    "categories": ["dairy-eggs-meals"],
    "tags": ["chese", "block-chese"],
    "locations": {
      "vic": {
        "price": 9,
        "promoText": " ",
        "packageSize": "200g",
        "packagePrice": "$45.00 per 1Kg"
      }
    }
  },
  {
    "id": "bega-cheese-easy-melt-block-colby",
    "brand": "Bega",
    "name": "Easy Melt Colby Cheese Block",
    "imageUrl": "https://shop.coles.com.au/wcsstore/Coles-CAS/images/1/4/4/1446242-th.jpg",
    "categories": ["dairy-eggs-meals"],
    "tags": ["chese", "block-chese"],
    "locations": {
      "vic": {
        "price": 7,
        "promoText": "$1.00 ",
        "packageSize": "500g",
        "packagePrice": "$14.00 per 1Kg"
      }
    }
  },
  {
    "id": "perfect-italiano-romano-cheese-block",
    "brand": "Perfect Italiano",
    "name": "Extra Strong Romano Cheese Block",
    "imageUrl": "https://shop.coles.com.au/wcsstore/Coles-CAS/images/2/4/8/2486785-th.jpg",
    "categories": ["dairy-eggs-meals"],
    "tags": ["chese", "block-chese"],
    "locations": {
      "vic": {
        "price": 6.3,
        "promoText": " ",
        "packageSize": "200g",
        "packagePrice": "$31.50 per 1Kg"
      }
    }
  },
  {
    "id": "zanetti-pecorino-roman0",
    "brand": "Zanetti",
    "name": "Pecorino Romano",
    "imageUrl": "https://shop.coles.com.au/wcsstore/Coles-CAS/images/3/5/7/3575938-th.jpg",
    "categories": ["dairy-eggs-meals"],
    "tags": ["chese", "block-chese"],
    "locations": {
      "vic": {
        "price": 8,
        "promoText": " ",
        "packageSize": "200g",
        "packagePrice": "$40.00 per 1Kg"
      }
    }
  },
  {
    "id": "coles-british-blue-stilton",
    "brand": "Coles",
    "name": "British Blue Stilton Cheese",
    "imageUrl": "https://shop.coles.com.au/wcsstore/Coles-CAS/images/3/2/7/3275990-th.jpg",
    "categories": ["dairy-eggs-meals"],
    "tags": ["chese", "blue-chese"],
    "locations": {
      "vic": {
        "price": 5,
        "promoText": " ",
        "packageSize": "150g",
        "packagePrice": "$33.34 per 1Kg"
      }
    }
  },
  {
    "id": "castello-mellow-black-cheese",
    "brand": "Castello",
    "name": "Mellow Black Rich, Sweet & Bold Cheese",
    "imageUrl": "https://shop.coles.com.au/wcsstore/Coles-CAS/images/3/2/2/3226655-th.jpg",
    "categories": ["dairy-eggs-meals"],
    "tags": ["chese", "blue-chese"],
    "locations": {
      "vic": {
        "price": 6,
        "promoText": "Was $7.20 on May 2018 ",
        "packageSize": "150g",
        "packagePrice": "$40.00 per 1Kg"
      }
    }
  },
  {
    "id": "coles-danish-blue-cheese",
    "brand": "Coles",
    "name": "Danish Blue Cheese",
    "imageUrl": "https://shop.coles.com.au/wcsstore/Coles-CAS/images/3/0/2/3020580-th.jpg",
    "categories": ["dairy-eggs-meals"],
    "tags": ["chese", "blue-chese"],
    "locations": {
      "vic": {
        "price": 3.8,
        "promoText": " ",
        "packageSize": "100g",
        "packagePrice": "$3.80 per 100G"
      }
    }
  },
  {
    "id": "igor-cheese-gorgonzola-dolce",
    "brand": "Igor",
    "name": "Gorgonzola Dolce",
    "imageUrl": "https://shop.coles.com.au/wcsstore/Coles-CAS/images/7/5/5/7557031-th.jpg",
    "categories": ["dairy-eggs-meals"],
    "tags": ["chese", "blue-chese"],
    "locations": {
      "vic": {
        "price": 7.3,
        "promoText": " ",
        "packageSize": "195g",
        "packagePrice": "$37.44 per 1Kg"
      }
    }
  },
  {
    "id": "jindi-cheese-blue-deluxe-wedge",
    "brand": "President",
    "name": "Le Blue Creamy",
    "imageUrl": "https://shop.coles.com.au/wcsstore/Coles-CAS/images/7/1/6/7165188-th.jpg",
    "categories": ["dairy-eggs-meals"],
    "tags": ["chese", "blue-chese"],
    "locations": {
      "vic": {
        "price": 5,
        "promoText": "Was $5.99 on Jul 2019 ",
        "packageSize": "120g",
        "packagePrice": "$41.67 per 1Kg"
      }
    }
  },
  {
    "id": "castello-cheese-blue-danish",
    "brand": "Castello",
    "name": "Danish Blue Cheese",
    "imageUrl": "https://shop.coles.com.au/wcsstore/Coles-CAS/images/7/1/2/7127600-th.jpg",
    "categories": ["dairy-eggs-meals"],
    "tags": ["chese", "blue-chese"],
    "locations": {
      "vic": {
        "price": 4.2,
        "promoText": "Was $5.50 on Aug 2019 ",
        "packageSize": "100g",
        "packagePrice": "$42.00 per 1Kg"
      }
    }
  },
  {
    "id": "coles-cheese-cottage-creamed-lite-9488552p",
    "brand": "Coles",
    "name": "Low Fat Creamed Cottage Cheese",
    "imageUrl": "https://shop.coles.com.au/wcsstore/Coles-CAS/images/9/4/8/9488552-th.jpg",
    "categories": ["dairy-eggs-meals"],
    "tags": ["chese", "brie-soft-chese"],
    "locations": {
      "vic": {
        "price": 4,
        "promoText": " ",
        "packageSize": "500g",
        "packagePrice": "$8.00 per 1Kg"
      }
    }
  },
  {
    "id": "bulla-cheese-cottage-low-fat-original",
    "brand": "Bulla",
    "name": "Low Fat High Protein Cottage Cheese",
    "imageUrl": "https://shop.coles.com.au/wcsstore/Coles-CAS/images/3/9/3/393989-th.jpg",
    "categories": ["dairy-eggs-meals"],
    "tags": ["chese", "brie-soft-chese"],
    "locations": {
      "vic": {
        "price": 3,
        "promoText": " ",
        "packageSize": "200g",
        "packagePrice": "$15.00 per 1Kg"
      }
    }
  },
  {
    "id": "king-island-cheese-brie-double-8167484p",
    "brand": "King Island Dairy",
    "name": "Cape Wickham Double Brie",
    "imageUrl": "https://shop.coles.com.au/wcsstore/Coles-CAS/images/8/1/6/8167484-th.jpg",
    "categories": ["dairy-eggs-meals"],
    "tags": ["chese", "brie-soft-chese"],
    "locations": {
      "vic": {
        "price": 12.6,
        "promoText": " ",
        "packageSize": "200g",
        "packagePrice": "$63.00 per 1Kg"
      }
    }
  },
  {
    "id": "bulla-dairy-low-fat-chese-cottage-plain",
    "brand": "Bulla",
    "name": "Dairy Low Fat Cheese Cottage Plain",
    "imageUrl": "https://shop.coles.com.au/wcsstore/Coles-CAS/images/3/9/4/394008-th.jpg",
    "categories": ["dairy-eggs-meals"],
    "tags": ["chese", "brie-soft-chese"],
    "locations": {
      "vic": {
        "price": 5.6,
        "promoText": " ",
        "packageSize": "500g",
        "packagePrice": "$11.20 per 1Kg"
      }
    }
  },
  {
    "id": "udder-delights-double-cream-brie",
    "brand": "Udder Delights",
    "name": "Adelaide Hills Double Cream Brie Cheese",
    "imageUrl": "https://shop.coles.com.au/wcsstore/Coles-CAS/images/3/0/5/3054560-th.jpg",
    "categories": ["dairy-eggs-meals"],
    "tags": ["chese", "brie-soft-chese"],
    "locations": {
      "vic": {
        "price": 9,
        "promoText": " ",
        "packageSize": "200g",
        "packagePrice": "$4.50 per 100G"
      }
    }
  },
  {
    "id": "tasmanian-heritage-cheese-brie-triple-cream-ovals",
    "brand": "Tasmanian Heritage",
    "name": "Triple Cream Brie Oval",
    "imageUrl": "https://shop.coles.com.au/wcsstore/Coles-CAS/images/7/7/6/7766155-th.jpg",
    "categories": ["dairy-eggs-meals"],
    "tags": ["chese", "brie-soft-chese"],
    "locations": {
      "vic": {
        "price": 5.25,
        "promoText": " ",
        "packageSize": "125g",
        "packagePrice": "$42.00 per 1Kg"
      }
    }
  },
  {
    "id": "bulla-cheese-cottage-low-fat-onions-chives",
    "brand": "Bulla",
    "name": "Low Fat Onion & Chives Cottage Cheese",
    "imageUrl": "https://shop.coles.com.au/wcsstore/Coles-CAS/images/3/9/3/393967-th.jpg",
    "categories": ["dairy-eggs-meals"],
    "tags": ["chese", "brie-soft-chese"],
    "locations": {
      "vic": {
        "price": 3,
        "promoText": " ",
        "packageSize": "200g",
        "packagePrice": "$15.00 per 1Kg"
      }
    }
  },
  {
    "id": "coles-spanish-manchego",
    "brand": "Coles",
    "name": "Spanish Manchego Cheese",
    "imageUrl": "https://shop.coles.com.au/wcsstore/Coles-CAS/images/3/2/7/3276019-th.jpg",
    "categories": ["dairy-eggs-meals"],
    "tags": ["chese", "brie-soft-chese"],
    "locations": {
      "vic": {
        "price": 5,
        "promoText": " ",
        "packageSize": "150g",
        "packagePrice": "$33.34 per 1Kg"
      }
    }
  },
  {
    "id": "coles-triple-cream-brie",
    "brand": "Coles",
    "name": "Triple Cream Brie Cheese",
    "imageUrl": "https://shop.coles.com.au/wcsstore/Coles-CAS/images/2/8/0/2801758-th.jpg",
    "categories": ["dairy-eggs-meals"],
    "tags": ["chese", "brie-soft-chese"],
    "locations": {
      "vic": {
        "price": 5,
        "promoText": " ",
        "packageSize": "200g",
        "packagePrice": "$2.50 per 100G"
      }
    }
  },
  {
    "id": "fromager-d-affiniois-petite-d-affinois",
    "brand": "Fromager D'affiniois",
    "name": "Petite D'affinois",
    "imageUrl": "https://shop.coles.com.au/wcsstore/ColesResponsiveStorefrontAssetStore/dist/ccfc54aed6e361b650bcf0582f7b576b/img/img_product-placeholder.png",
    "categories": ["dairy-eggs-meals"],
    "tags": ["chese", "brie-soft-chese"],
    "locations": {
      "vic": {
        "price": 10,
        "promoText": " ",
        "packageSize": "150g",
        "packagePrice": "$66.67 per 1Kg"
      }
    }
  },
  {
    "id": "coles-deli-blue-cow-french-style-triple-cream",
    "brand": "Blue Cow",
    "name": "French Style Triple Cream Cheese",
    "imageUrl": "https://shop.coles.com.au/wcsstore/Coles-CAS/images/2/2/6/2262926-th.jpg",
    "categories": ["dairy-eggs-meals"],
    "tags": ["chese", "brie-soft-chese"],
    "locations": {
      "vic": {
        "price": 7.5,
        "promoText": " ",
        "packageSize": "180g",
        "packagePrice": "$41.67 per 1Kg"
      }
    }
  },
  {
    "id": "coles-double-camembert",
    "brand": "Coles",
    "name": "Double Cream Camembert",
    "imageUrl": "https://shop.coles.com.au/wcsstore/Coles-CAS/images/2/8/0/2801736-th.jpg",
    "categories": ["dairy-eggs-meals"],
    "tags": ["chese", "brie-soft-chese"],
    "locations": {
      "vic": {
        "price": 5,
        "promoText": " ",
        "packageSize": "200g",
        "packagePrice": "$25.00 per 1Kg"
      }
    }
  },
  {
    "id": "udder-delights-udder-delights-camembert",
    "brand": "Udder Delights",
    "name": "Adelaide Hills Camembert Cheese",
    "imageUrl": "https://shop.coles.com.au/wcsstore/Coles-CAS/images/3/0/5/3054549-th.jpg",
    "categories": ["dairy-eggs-meals"],
    "tags": ["chese", "brie-soft-chese"],
    "locations": {
      "vic": {
        "price": 9,
        "promoText": " ",
        "packageSize": "200g",
        "packagePrice": "$4.50 per 100G"
      }
    }
  },
  {
    "id": "castello-double-cream-brie-chilli",
    "brand": "Castello",
    "name": "Chilli Double Cream Cheese",
    "imageUrl": "https://shop.coles.com.au/wcsstore/Coles-CAS/images/3/2/7/3272845-th.jpg",
    "categories": ["dairy-eggs-meals"],
    "tags": ["chese", "brie-soft-chese"],
    "locations": {
      "vic": {
        "price": 6,
        "promoText": "Was $7.20 on Sep 2018 ",
        "packageSize": "150g",
        "packagePrice": "$4.00 per 100G"
      }
    }
  },
  {
    "id": "coles-french-le-carre",
    "brand": "Coles",
    "name": "French Le Carre Cheese",
    "imageUrl": "https://shop.coles.com.au/wcsstore/Coles-CAS/images/3/4/1/3418521-th.jpg",
    "categories": ["dairy-eggs-meals"],
    "tags": ["chese", "brie-soft-chese"],
    "locations": {
      "vic": {
        "price": 6,
        "promoText": " ",
        "packageSize": "200g",
        "packagePrice": "$3.00 per 100G"
      }
    }
  },
  {
    "id": "le-rustique-camembert-3035883p",
    "brand": "Le Rustique",
    "name": "Camembert Cheese",
    "imageUrl": "https://shop.coles.com.au/wcsstore/ColesResponsiveStorefrontAssetStore/dist/ccfc54aed6e361b650bcf0582f7b576b/img/img_product-placeholder.png",
    "categories": ["dairy-eggs-meals"],
    "tags": ["chese", "brie-soft-chese"],
    "locations": {
      "vic": {
        "price": 16,
        "promoText": " ",
        "packageSize": "250g",
        "packagePrice": "$64.00 per 1Kg"
      }
    }
  },
  {
    "id": "milawa-goat-camembert",
    "brand": "Milawa",
    "name": "Goat Camembert Cheese",
    "imageUrl": "https://shop.coles.com.au/wcsstore/ColesResponsiveStorefrontAssetStore/dist/ccfc54aed6e361b650bcf0582f7b576b/img/img_product-placeholder.png",
    "categories": ["dairy-eggs-meals"],
    "tags": ["chese", "brie-soft-chese"],
    "locations": {
      "vic": {
        "price": 13.5,
        "promoText": " ",
        "packageSize": "150g",
        "packagePrice": "$90.01 per 1Kg"
      }
    }
  },
  {
    "id": "montefiore-cheese-mascarpone",
    "brand": "Montefiore",
    "name": "Mascarpone Cheese",
    "imageUrl": "https://shop.coles.com.au/wcsstore/Coles-CAS/images/1/8/6/1865325-th.jpg",
    "categories": ["dairy-eggs-meals"],
    "tags": ["chese", "brie-soft-chese"],
    "locations": {
      "vic": {
        "price": 5.5,
        "promoText": " ",
        "packageSize": "250g",
        "packagePrice": "$22.00 per 1Kg"
      }
    }
  },
  {
    "id": "udder-delights-ash-brie-3631370p",
    "brand": "Udder Delights",
    "name": "Adelaide Hills Ash Brie Cheese",
    "imageUrl": "https://shop.coles.com.au/wcsstore/Coles-CAS/images/3/6/3/3631370-th.jpg",
    "categories": ["dairy-eggs-meals"],
    "tags": ["chese", "brie-soft-chese"],
    "locations": {
      "vic": {
        "price": 9,
        "promoText": " ",
        "packageSize": "200g",
        "packagePrice": "$45.00 per 1Kg"
      }
    }
  },
  {
    "id": "coles-cheese-australian-tasty-slices",
    "brand": "Coles",
    "name": "Tasty Cheddar Cheese Slices 12 pack",
    "imageUrl": "https://shop.coles.com.au/wcsstore/Coles-CAS/images/1/4/7/1472231-th.jpg",
    "categories": ["dairy-eggs-meals"],
    "tags": ["chese", "cheddar-tasty-chese"],
    "locations": {
      "vic": {
        "price": 4.4,
        "promoText": " ",
        "packageSize": "250g",
        "packagePrice": "$1.76 per 100G"
      }
    }
  },
  {
    "id": "jarlsberg-cheese-block-swiss",
    "brand": "Jarlsberg",
    "name": "Original Cheese Block",
    "imageUrl": "https://shop.coles.com.au/wcsstore/Coles-CAS/images/9/7/2/9728532-th.jpg",
    "categories": ["dairy-eggs-meals"],
    "tags": ["chese", "cheddar-tasty-chese"],
    "locations": {
      "vic": {
        "price": 14,
        "promoText": " ",
        "packageSize": "500g",
        "packagePrice": "$28.00 per 1Kg"
      }
    }
  },
  {
    "id": "king-island-cheese-cheddar-stokes-point-smoked",
    "brand": "King Island Dairy",
    "name": "Stokes Point Smoked Cheddar Cheese",
    "imageUrl": "https://shop.coles.com.au/wcsstore/Coles-CAS/images/7/1/6/7160016-th.jpg",
    "categories": ["dairy-eggs-meals"],
    "tags": ["chese", "cheddar-tasty-chese"],
    "locations": {
      "vic": {
        "price": 9.35,
        "promoText": " ",
        "packageSize": "170g",
        "packagePrice": "$55.00 per 1Kg"
      }
    }
  },
  {
    "id": "south-cape-cheese-cheddar-vintage",
    "brand": "South Cape",
    "name": "Vintage Cheddar",
    "imageUrl": "https://shop.coles.com.au/wcsstore/Coles-CAS/images/7/1/6/7161020-th.jpg",
    "categories": ["dairy-eggs-meals"],
    "tags": ["chese", "cheddar-tasty-chese"],
    "locations": {
      "vic": {
        "price": 5,
        "promoText": " ",
        "packageSize": "140g",
        "packagePrice": "$35.71 per 1Kg"
      }
    }
  },
  {
    "id": "ashgrove--cheese-block-cheddar-premium-vintage",
    "brand": "Ashgrove",
    "name": "Premium Vintage Cheddar Cheese",
    "imageUrl": "https://shop.coles.com.au/wcsstore/Coles-CAS/images/7/1/6/7162769-th.jpg",
    "categories": ["dairy-eggs-meals"],
    "tags": ["chese", "cheddar-tasty-chese"],
    "locations": {
      "vic": {
        "price": 5,
        "promoText": " ",
        "packageSize": "140g",
        "packagePrice": "$35.71 per 1Kg"
      }
    }
  },
  {
    "id": "coles-aged-red-leicester",
    "brand": "Coles",
    "name": "Red Leicester",
    "imageUrl": "https://shop.coles.com.au/wcsstore/Coles-CAS/images/3/2/7/3273316-th.jpg",
    "categories": ["dairy-eggs-meals"],
    "tags": ["chese", "cheddar-tasty-chese"],
    "locations": {
      "vic": {
        "price": 4.5,
        "promoText": " ",
        "packageSize": "200g",
        "packagePrice": "$22.50 per 1Kg"
      }
    }
  },
  {
    "id": "mersey-valley-vintage-club-cheese-cheddar-ploughmans",
    "brand": "Mersey Valley",
    "name": "Ploughmans Cheddar Cheese",
    "imageUrl": "https://shop.coles.com.au/wcsstore/Coles-CAS/images/4/5/1/4513211-th.jpg",
    "categories": ["dairy-eggs-meals"],
    "tags": ["chese", "cheddar-tasty-chese"],
    "locations": {
      "vic": {
        "price": 7.9,
        "promoText": " ",
        "packageSize": "235g",
        "packagePrice": "$33.62 per 1Kg"
      }
    }
  },
  {
    "id": "mersey-valley-little-entertainers-classic",
    "brand": "Mersey Valley",
    "name": "Classic Cheddar Cheese",
    "imageUrl": "https://shop.coles.com.au/wcsstore/Coles-CAS/images/3/2/7/3276879-th.jpg",
    "categories": ["dairy-eggs-meals"],
    "tags": ["chese", "cheddar-tasty-chese"],
    "locations": {
      "vic": {
        "price": 3,
        "promoText": "$0.50 ",
        "packageSize": "80g",
        "packagePrice": "$37.50 per 1Kg"
      }
    }
  },
  {
    "id": "ashgrove-cheese-block-cheddar-tassie-trio",
    "brand": "Ashgrove",
    "name": "Tassie Trio Cheddar Cheese Block",
    "imageUrl": "https://shop.coles.com.au/wcsstore/Coles-CAS/images/7/1/6/7163820-th.jpg",
    "categories": ["dairy-eggs-meals"],
    "tags": ["chese", "cheddar-tasty-chese"],
    "locations": {
      "vic": {
        "price": 5,
        "promoText": " ",
        "packageSize": "140g",
        "packagePrice": "$35.71 per 1Kg"
      }
    }
  },
  {
    "id": "coles-vintage-british-cheddar-3273270p",
    "brand": "Coles",
    "name": "Vintage British Cheddar",
    "imageUrl": "https://shop.coles.com.au/wcsstore/Coles-CAS/images/3/2/7/3273270-th.jpg",
    "categories": ["dairy-eggs-meals"],
    "tags": ["chese", "cheddar-tasty-chese"],
    "locations": {
      "vic": {
        "price": 4.5,
        "promoText": " ",
        "packageSize": "200g",
        "packagePrice": "$22.50 per 1Kg"
      }
    }
  },
  {
    "id": "mersey-valley-club-cheese-smoky-bacon",
    "brand": "Mersey Valley",
    "name": "Smoky Bacon Flavour Cheddar Cheese",
    "imageUrl": "https://shop.coles.com.au/wcsstore/Coles-CAS/images/3/5/0/3507257-th.jpg",
    "categories": ["dairy-eggs-meals"],
    "tags": ["chese", "cheddar-tasty-chese"],
    "locations": {
      "vic": {
        "price": 7.9,
        "promoText": " ",
        "packageSize": "235g",
        "packagePrice": "$3.36 per 100G"
      }
    }
  },
  {
    "id": "coles-24-month-vintage-cheddar",
    "brand": "Coles",
    "name": "Vintage Cheddar",
    "imageUrl": "https://shop.coles.com.au/wcsstore/Coles-CAS/images/3/5/9/3596982-th.jpg",
    "categories": ["dairy-eggs-meals"],
    "tags": ["chese", "cheddar-tasty-chese"],
    "locations": {
      "vic": {
        "price": 0,
        "promoText": " ",
        "packageSize": "200g",
        "packagePrice": ""
      }
    }
  },
  {
    "id": "cracker-barrel-cheese-chilli",
    "brand": "Cracker Barrel",
    "name": "Infused Chopped Chilli Cheddar Cheese",
    "imageUrl": "https://shop.coles.com.au/wcsstore/Coles-CAS/images/3/2/7/3276868-th.jpg",
    "categories": ["dairy-eggs-meals"],
    "tags": ["chese", "cheddar-tasty-chese"],
    "locations": {
      "vic": {
        "price": 5.15,
        "promoText": " ",
        "packageSize": "130g",
        "packagePrice": "$39.62 per 1Kg"
      }
    }
  },
  {
    "id": "cracker-barrel-cheese-lightly-smoked",
    "brand": "Cracker Barrel",
    "name": "Lightly Smoked Cheddar Cheese",
    "imageUrl": "https://shop.coles.com.au/wcsstore/Coles-CAS/images/3/2/7/3276857-th.jpg",
    "categories": ["dairy-eggs-meals"],
    "tags": ["chese", "cheddar-tasty-chese"],
    "locations": {
      "vic": {
        "price": 5.15,
        "promoText": " ",
        "packageSize": "130g",
        "packagePrice": "$39.62 per 1Kg"
      }
    }
  },
  {
    "id": "cracker-barrel-cheese-cracked-pepper",
    "brand": "Cracker Barrel",
    "name": "Cracked Black Pepper Cheddar Cheese",
    "imageUrl": "https://shop.coles.com.au/wcsstore/Coles-CAS/images/3/2/7/3276835-th.jpg",
    "categories": ["dairy-eggs-meals"],
    "tags": ["chese", "cheddar-tasty-chese"],
    "locations": {
      "vic": {
        "price": 5.15,
        "promoText": " ",
        "packageSize": "130g",
        "packagePrice": "$39.62 per 1Kg"
      }
    }
  },
  {
    "id": "cracker-barrel-cheddar-jalapeno-with-honey",
    "brand": "Cracker Barrel",
    "name": "Cheddar Jalapeno With Honey",
    "imageUrl": "https://shop.coles.com.au/wcsstore/ColesResponsiveStorefrontAssetStore/dist/ccfc54aed6e361b650bcf0582f7b576b/img/img_product-placeholder.png",
    "categories": ["dairy-eggs-meals"],
    "tags": ["chese", "cheddar-tasty-chese"],
    "locations": {
      "vic": {
        "price": 5.15,
        "promoText": " ",
        "packageSize": "130g",
        "packagePrice": "$39.62 per 1Kg"
      }
    }
  },
  {
    "id": "mersey-valley-vintage-club-cheese-cheddar-peppercorn-medley",
    "brand": "Mersey Valley",
    "name": "Green Peppercorn Vintage Cheddar Cheese",
    "imageUrl": "https://shop.coles.com.au/wcsstore/Coles-CAS/images/4/5/1/4512605-th.jpg",
    "categories": ["dairy-eggs-meals"],
    "tags": ["chese", "cheddar-tasty-chese"],
    "locations": {
      "vic": {
        "price": 7.9,
        "promoText": " ",
        "packageSize": "235g",
        "packagePrice": "$33.62 per 1Kg"
      }
    }
  },
  {
    "id": "sheese-grated-mature-cheddar-style",
    "brand": "Sheese",
    "name": "Grated Mature Cheddar Style",
    "imageUrl": "https://shop.coles.com.au/wcsstore/Coles-CAS/images/3/5/6/3561412-th.jpg",
    "categories": ["dairy-eggs-meals"],
    "tags": ["chese", "cheddar-tasty-chese"],
    "locations": {
      "vic": {
        "price": 8,
        "promoText": " ",
        "packageSize": "200g",
        "packagePrice": "$40.00 per 1Kg"
      }
    }
  },
  {
    "id": "south-cape-cheese-trilogy-roast-onion-chive-vintage",
    "brand": "South Cape",
    "name": "Roast Onion & Chive Vintage Smoked Cheddar Trilogy",
    "imageUrl": "https://shop.coles.com.au/wcsstore/Coles-CAS/images/6/5/7/6578080-th.jpg",
    "categories": ["dairy-eggs-meals"],
    "tags": ["chese", "cheddar-tasty-chese"],
    "locations": {
      "vic": {
        "price": 5,
        "promoText": " ",
        "packageSize": "140g",
        "packagePrice": "$35.71 per 1Kg"
      }
    }
  },
  {
    "id": "philadelphia-light-cream-cheese-snacktub",
    "brand": "Philadelphia",
    "name": "Spreadable Light Cream Cheese Snack Tubs 4 pack",
    "imageUrl": "https://shop.coles.com.au/wcsstore/Coles-CAS/images/2/7/8/2782165-th.jpg",
    "categories": ["dairy-eggs-meals"],
    "tags": ["chese", "chese-snacks"],
    "locations": {
      "vic": {
        "price": 2.8,
        "promoText": "$0.70 ",
        "packageSize": "136g",
        "packagePrice": "$2.06 per 100G"
      }
    }
  },
  {
    "id": "the-laughing-cow-cheese-snack-wedges",
    "brand": "The Laughing Cow",
    "name": "Cheese Spread",
    "imageUrl": "https://shop.coles.com.au/wcsstore/Coles-CAS/images/7/6/4/7646109-th.jpg",
    "categories": ["dairy-eggs-meals"],
    "tags": ["chese", "chese-snacks"],
    "locations": {
      "vic": {
        "price": 3.75,
        "promoText": " ",
        "packageSize": "128g",
        "packagePrice": "$29.30 per 1Kg"
      }
    }
  },
  {
    "id": "babybel-cheese-snack-mini",
    "brand": "Babybel",
    "name": "Mini Original Cheese 5 pack",
    "imageUrl": "https://shop.coles.com.au/wcsstore/Coles-CAS/images/6/1/6/6165014-th.jpg",
    "categories": ["dairy-eggs-meals"],
    "tags": ["chese", "chese-snacks"],
    "locations": {
      "vic": {
        "price": 3.8,
        "promoText": "$1.00 ",
        "packageSize": "100g",
        "packagePrice": "$3.80 per 100G"
      }
    }
  },
  {
    "id": "bel-mini-cheese-babybel",
    "brand": "Babybel",
    "name": "Mini Original Cheese 10 Pack",
    "imageUrl": "https://shop.coles.com.au/wcsstore/Coles-CAS/images/6/1/6/6165047-th.jpg",
    "categories": ["dairy-eggs-meals"],
    "tags": ["chese", "chese-snacks"],
    "locations": {
      "vic": {
        "price": 8.5,
        "promoText": " ",
        "packageSize": "200g",
        "packagePrice": "$4.25 per 100G"
      }
    }
  },
  {
    "id": "babybel-cheese-snack-mini-light",
    "brand": "Babybel",
    "name": "Mini Light Cheese 5 pack",
    "imageUrl": "https://shop.coles.com.au/wcsstore/Coles-CAS/images/5/8/2/5829120-th.jpg",
    "categories": ["dairy-eggs-meals"],
    "tags": ["chese", "chese-snacks"],
    "locations": {
      "vic": {
        "price": 3.8,
        "promoText": "$1.00 ",
        "packageSize": "100g",
        "packagePrice": "$3.80 per 100G"
      }
    }
  },
  {
    "id": "coles-tasty-cheese-crackers-4-pack",
    "brand": "Coles",
    "name": "Tasty Cheese & Crackers 4 Pack",
    "imageUrl": "https://shop.coles.com.au/wcsstore/Coles-CAS/images/2/9/8/2989028-th.jpg",
    "categories": ["dairy-eggs-meals"],
    "tags": ["chese", "chese-snacks"],
    "locations": {
      "vic": {
        "price": 4,
        "promoText": " ",
        "packageSize": "120g",
        "packagePrice": ""
      }
    }
  },
  {
    "id": "bel-dairy-cheese-snack-dippers-4-pack",
    "brand": "The Laughing Cow",
    "name": "Creamy Cheese Dip And Crunchy Breadsticks 4 pack",
    "imageUrl": "https://shop.coles.com.au/wcsstore/Coles-CAS/images/8/1/3/8139809-th.jpg",
    "categories": ["dairy-eggs-meals"],
    "tags": ["chese", "chese-snacks"],
    "locations": {
      "vic": {
        "price": 4.5,
        "promoText": " ",
        "packageSize": "140g",
        "packagePrice": ""
      }
    }
  },
  {
    "id": "mainland-otg-tasty-cheese-cranberry-crackers",
    "brand": "Mainland",
    "name": "On The Go Tasty Cheese & Artisan Crackers With Cranberry & Sunflower Seed",
    "imageUrl": "https://shop.coles.com.au/wcsstore/Coles-CAS/images/3/5/7/3576103-th.jpg",
    "categories": ["dairy-eggs-meals"],
    "tags": ["chese", "chese-snacks"],
    "locations": {
      "vic": {
        "price": 2.5,
        "promoText": "Was $3.00 on Oct 2019 ",
        "packageSize": "38g",
        "packagePrice": ""
      }
    }
  },
  {
    "id": "mainland-otg-extra-tasty-cheese-apricot-crackers",
    "brand": "Mainland",
    "name": "On The Go Extra Tasty Cheese & Artisan Crackers With Date & Apricot",
    "imageUrl": "https://shop.coles.com.au/wcsstore/Coles-CAS/images/3/5/7/3576090-th.jpg",
    "categories": ["dairy-eggs-meals"],
    "tags": ["chese", "chese-snacks"],
    "locations": {
      "vic": {
        "price": 2.5,
        "promoText": "Was $3.00 on Oct 2019 ",
        "packageSize": "38g",
        "packagePrice": ""
      }
    }
  },
  {
    "id": "the-laughing-cow-cheese-snack-wedges-light",
    "brand": "The Laughing Cow",
    "name": "Light Less Fat Cheese Spread",
    "imageUrl": "https://shop.coles.com.au/wcsstore/Coles-CAS/images/7/6/4/7646266-th.jpg",
    "categories": ["dairy-eggs-meals"],
    "tags": ["chese", "chese-snacks"],
    "locations": {
      "vic": {
        "price": 3.75,
        "promoText": " ",
        "packageSize": "128g",
        "packagePrice": "$2.93 per 100G"
      }
    }
  },
  {
    "id": "coles-kids-cheese-triangles",
    "brand": "Coles",
    "name": "Kids Triangles Cheese 8 pack",
    "imageUrl": "https://shop.coles.com.au/wcsstore/Coles-CAS/images/3/4/1/3418361-th.jpg",
    "categories": ["dairy-eggs-meals"],
    "tags": ["chese", "chese-snacks"],
    "locations": {
      "vic": {
        "price": 2,
        "promoText": " ",
        "packageSize": "140g",
        "packagePrice": "$1.43 per 100G"
      }
    }
  },
  {
    "id": "mainland-on-the-go-lunch-pack-chese-betrot",
    "brand": "Mainland",
    "name": "On The Go Lunch Pack Cheese & Balsamic Beetroot",
    "imageUrl": "https://shop.coles.com.au/wcsstore/Coles-CAS/images/3/7/5/3757549-th.jpg",
    "categories": ["dairy-eggs-meals"],
    "tags": ["chese", "chese-snacks"],
    "locations": {
      "vic": {
        "price": 5,
        "promoText": " ",
        "packageSize": "110g",
        "packagePrice": ""
      }
    }
  },
  {
    "id": "primo-stacker-mild-salami-chese-crackers",
    "brand": "Primo",
    "name": "Stacker Mild Salami Cheese & Crackers",
    "imageUrl": "https://shop.coles.com.au/wcsstore/Coles-CAS/images/3/7/5/3755430-th.jpg",
    "categories": ["dairy-eggs-meals"],
    "tags": ["chese", "chese-snacks"],
    "locations": {
      "vic": {
        "price": 4,
        "promoText": " ",
        "packageSize": "50g",
        "packagePrice": ""
      }
    }
  },
  {
    "id": "coles-tasty-cheese-crackers",
    "brand": "Coles",
    "name": "Tasty Cheese & Crackers",
    "imageUrl": "https://shop.coles.com.au/wcsstore/Coles-CAS/images/2/0/7/2073060-th.jpg",
    "categories": ["dairy-eggs-meals"],
    "tags": ["chese", "chese-snacks"],
    "locations": {
      "vic": {
        "price": 1.6,
        "promoText": " ",
        "packageSize": "50g",
        "packagePrice": ""
      }
    }
  },
  {
    "id": "coles-vintage-cheese-crackers-4-pack",
    "brand": "Coles",
    "name": "Vintage Cheese & Crackers 4 Pack",
    "imageUrl": "https://shop.coles.com.au/wcsstore/Coles-CAS/images/2/9/8/2989039-th.jpg",
    "categories": ["dairy-eggs-meals"],
    "tags": ["chese", "chese-snacks"],
    "locations": {
      "vic": {
        "price": 4,
        "promoText": " ",
        "packageSize": "120g",
        "packagePrice": ""
      }
    }
  },
  {
    "id": "mainland-otg-colby-cheese-olive-crackers",
    "brand": "Mainland",
    "name": "On The Go Colby Cheese & Artisan Crackers",
    "imageUrl": "https://shop.coles.com.au/wcsstore/Coles-CAS/images/3/5/7/3576114-th.jpg",
    "categories": ["dairy-eggs-meals"],
    "tags": ["chese", "chese-snacks"],
    "locations": {
      "vic": {
        "price": 2.5,
        "promoText": "Was $3.00 on Oct 2019 ",
        "packageSize": "38g",
        "packagePrice": ""
      }
    }
  },
  {
    "id": "my-life-biocheese-cheddar-cracker",
    "brand": "My Life",
    "name": "Bio Cheese Dairy Free Cheddar Flavour & Crackers",
    "imageUrl": "https://shop.coles.com.au/wcsstore/Coles-CAS/images/3/2/7/3274818-th.jpg",
    "categories": ["dairy-eggs-meals"],
    "tags": ["chese", "chese-snacks"],
    "locations": {
      "vic": {
        "price": 3.5,
        "promoText": "Was $4.00 on Sep 2019 ",
        "packageSize": "50g",
        "packagePrice": "$7.00 per 100G"
      }
    }
  },
  {
    "id": "coles-light-cheese-crackers",
    "brand": "Coles",
    "name": "Tasty Light Cheese & Crackers",
    "imageUrl": "https://shop.coles.com.au/wcsstore/Coles-CAS/images/2/0/7/2073093-th.jpg",
    "categories": ["dairy-eggs-meals"],
    "tags": ["chese", "chese-snacks"],
    "locations": {
      "vic": {
        "price": 1.6,
        "promoText": " ",
        "packageSize": "50g",
        "packagePrice": "$3.20 per 100G"
      }
    }
  },
  {
    "id": "kraft-pods--cheese-snacks-bots",
    "brand": "Dairylea",
    "name": "Cheese Pods 5 Pack",
    "imageUrl": "https://shop.coles.com.au/wcsstore/Coles-CAS/images/8/6/5/8655230-th.jpg",
    "categories": ["dairy-eggs-meals"],
    "tags": ["chese", "chese-snacks"],
    "locations": {
      "vic": {
        "price": 4,
        "promoText": " ",
        "packageSize": "100g",
        "packagePrice": "$40.00 per 1Kg"
      }
    }
  },
  {
    "id": "primo-stacker-chicken-chese-gf-crackers",
    "brand": "Primo",
    "name": "Stacker Chicken Cheese & Gluten Free Crackers",
    "imageUrl": "https://shop.coles.com.au/wcsstore/Coles-CAS/images/3/7/5/3756987-th.jpg",
    "categories": ["dairy-eggs-meals"],
    "tags": ["chese", "chese-snacks"],
    "locations": {
      "vic": {
        "price": 4,
        "promoText": " ",
        "packageSize": "45g",
        "packagePrice": ""
      }
    }
  },
  {
    "id": "primo-stacker-leg-ham-chese-crackers",
    "brand": "Primo",
    "name": "Stacker Leg Ham Cheese & Crackers",
    "imageUrl": "https://shop.coles.com.au/wcsstore/Coles-CAS/images/3/7/5/3752705-th.jpg",
    "categories": ["dairy-eggs-meals"],
    "tags": ["chese", "chese-snacks"],
    "locations": {
      "vic": {
        "price": 4,
        "promoText": " ",
        "packageSize": "50g",
        "packagePrice": ""
      }
    }
  },
  {
    "id": "primo-stackers-spicy-chorizo-chese-crackers",
    "brand": "Primo",
    "name": "Stackers Spicy Chorizo Cheese & Crackers",
    "imageUrl": "https://shop.coles.com.au/wcsstore/Coles-CAS/images/3/7/5/3755441-th.jpg",
    "categories": ["dairy-eggs-meals"],
    "tags": ["chese", "chese-snacks"],
    "locations": {
      "vic": {
        "price": 4,
        "promoText": " ",
        "packageSize": "50g",
        "packagePrice": ""
      }
    }
  },
  {
    "id": "the-laughing-cow-cheddar",
    "brand": "The Laughing Cow",
    "name": "Cheese Spread with Cheddar",
    "imageUrl": "https://shop.coles.com.au/wcsstore/Coles-CAS/images/3/2/7/3275559-th.jpg",
    "categories": ["dairy-eggs-meals"],
    "tags": ["chese", "chese-snacks"],
    "locations": {
      "vic": {
        "price": 3.75,
        "promoText": " ",
        "packageSize": "128g",
        "packagePrice": "$29.30 per 1Kg"
      }
    }
  },
  {
    "id": "bel-laughing-cow-chese-crackers",
    "brand": "Bel",
    "name": "Laughing Cow Cheese & Crackers",
    "imageUrl": "https://shop.coles.com.au/wcsstore/ColesResponsiveStorefrontAssetStore/dist/ccfc54aed6e361b650bcf0582f7b576b/img/img_product-placeholder.png",
    "categories": ["dairy-eggs-meals"],
    "tags": ["chese", "chese-snacks"],
    "locations": {
      "vic": {
        "price": 2.5,
        "promoText": " ",
        "packageSize": "40g",
        "packagePrice": ""
      }
    }
  },
  {
    "id": "coles-vintage-cheese-crackers",
    "brand": "Coles",
    "name": "Vintage Cheese & Crackers",
    "imageUrl": "https://shop.coles.com.au/wcsstore/Coles-CAS/images/2/0/7/2073071-th.jpg",
    "categories": ["dairy-eggs-meals"],
    "tags": ["chese", "chese-snacks"],
    "locations": {
      "vic": {
        "price": 1.6,
        "promoText": " ",
        "packageSize": "50g",
        "packagePrice": ""
      }
    }
  },
  {
    "id": "coles-tasty-cheese-bites-soy-crisps",
    "brand": "Coles",
    "name": "Tasty Cheese Bites & Soy Crisps",
    "imageUrl": "https://shop.coles.com.au/wcsstore/Coles-CAS/images/3/5/6/3561988-th.jpg",
    "categories": ["dairy-eggs-meals"],
    "tags": ["chese", "chese-snacks"],
    "locations": {
      "vic": {
        "price": 2,
        "promoText": " ",
        "packageSize": "45g",
        "packagePrice": ""
      }
    }
  },
  {
    "id": "coles-tasty-cheese-bites-garlic-chilli-olives",
    "brand": "Coles",
    "name": "Tasty Cheese Bites & Garlic Chilli Olives",
    "imageUrl": "https://shop.coles.com.au/wcsstore/Coles-CAS/images/3/5/6/3561977-th.jpg",
    "categories": ["dairy-eggs-meals"],
    "tags": ["chese", "chese-snacks"],
    "locations": {
      "vic": {
        "price": 2,
        "promoText": " ",
        "packageSize": "45g",
        "packagePrice": ""
      }
    }
  },
  {
    "id": "coles-savoury-chese-selection-box",
    "brand": "Coles",
    "name": "Savoury Cheese Selection Box",
    "imageUrl": "https://shop.coles.com.au/wcsstore/Coles-CAS/images/3/5/9/3597023-th.jpg",
    "categories": ["dairy-eggs-meals"],
    "tags": ["chese", "chese-snacks"],
    "locations": {
      "vic": {
        "price": 0,
        "promoText": " ",
        "packageSize": "360g",
        "packagePrice": ""
      }
    }
  },
  {
    "id": "mainland-on-the-go-lunch-pack-chese-chilli-jam",
    "brand": "Mainland",
    "name": "On The Go Lunch Pack Cheese & Chilli Jam",
    "imageUrl": "https://shop.coles.com.au/wcsstore/Coles-CAS/images/3/5/6/3562131-th.jpg",
    "categories": ["dairy-eggs-meals"],
    "tags": ["chese", "chese-snacks"],
    "locations": {
      "vic": {
        "price": 5,
        "promoText": " ",
        "packageSize": "110g",
        "packagePrice": ""
      }
    }
  },
  {
    "id": "kiri-cheese-cream-portions-6-pack",
    "brand": "Kiri",
    "name": "Soft Cream Cheese Portions 6 pack",
    "imageUrl": "https://shop.coles.com.au/wcsstore/Coles-CAS/images/7/6/4/7646073-th.jpg",
    "categories": ["dairy-eggs-meals"],
    "tags": ["chese", "cream-chese-spreads"],
    "locations": {
      "vic": {
        "price": 3.5,
        "promoText": " ",
        "packageSize": "108g",
        "packagePrice": "$32.41 per 1Kg"
      }
    }
  },
  {
    "id": "philadelphia-caramilk-cream-chese",
    "brand": "Philadelphia",
    "name": "Caramilk Cream Cheese",
    "imageUrl": "https://shop.coles.com.au/wcsstore/Coles-CAS/images/3/7/6/3766583-th.jpg",
    "categories": ["dairy-eggs-meals"],
    "tags": ["chese", "cream-chese-spreads"],
    "locations": {
      "vic": {
        "price": 2.35,
        "promoText": "$2.35 ",
        "packageSize": "250g",
        "packagePrice": "$9.40 per 1Kg"
      }
    }
  },
  {
    "id": "philadelphia-sweet-chilli-pourover-lactose-free",
    "brand": "Philadelphia",
    "name": "Lactose Free Sweet Chilli Pour Over",
    "imageUrl": "https://shop.coles.com.au/wcsstore/Coles-CAS/images/3/5/7/3575916-th.jpg",
    "categories": ["dairy-eggs-meals"],
    "tags": ["chese", "cream-chese-spreads"],
    "locations": {
      "vic": {
        "price": 3.5,
        "promoText": "$0.80 ",
        "packageSize": "250g",
        "packagePrice": "$14.00 per 1Kg"
      }
    }
  },
  {
    "id": "mersey-valley-spreadable-cheese-vintage",
    "brand": "Mersey Valley",
    "name": "Original Spreadable Cheddar Cheese",
    "imageUrl": "https://shop.coles.com.au/wcsstore/Coles-CAS/images/9/7/2/9725443-th.jpg",
    "categories": ["dairy-eggs-meals"],
    "tags": ["chese", "cream-chese-spreads"],
    "locations": {
      "vic": {
        "price": 3.5,
        "promoText": "$0.70 ",
        "packageSize": "150g",
        "packagePrice": "$23.33 per 1Kg"
      }
    }
  },
  {
    "id": "philadelphia-flavoured-cream-cheese-garden-herbs",
    "brand": "Philadelphia",
    "name": "Lactose Free Garden Herb & Onion Twist Spreadable Cream Cheese",
    "imageUrl": "https://shop.coles.com.au/wcsstore/Coles-CAS/images/3/2/7/3274523-th.jpg",
    "categories": ["dairy-eggs-meals"],
    "tags": ["chese", "cream-chese-spreads"],
    "locations": {
      "vic": {
        "price": 4,
        "promoText": " ",
        "packageSize": "130g",
        "packagePrice": "$30.77 per 1Kg"
      }
    }
  },
  {
    "id": "philadelphia-flavoured-salmon-lemon-dill",
    "brand": "Philadelphia",
    "name": "Smoked Salmon With Lemon & Dill Spreadable Cream Cheese",
    "imageUrl": "https://shop.coles.com.au/wcsstore/Coles-CAS/images/3/2/7/3274567-th.jpg",
    "categories": ["dairy-eggs-meals"],
    "tags": ["chese", "cream-chese-spreads"],
    "locations": {
      "vic": {
        "price": 4,
        "promoText": " ",
        "packageSize": "130g",
        "packagePrice": "$30.77 per 1Kg"
      }
    }
  },
  {
    "id": "philadelphia-icing-lemon",
    "brand": "Philadelphia",
    "name": "Juicy Lemon Icing",
    "imageUrl": "https://shop.coles.com.au/wcsstore/Coles-CAS/images/3/5/6/3562266-th.jpg",
    "categories": ["dairy-eggs-meals"],
    "tags": ["chese", "cream-chese-spreads"],
    "locations": {
      "vic": {
        "price": 4.3,
        "promoText": " ",
        "packageSize": "230g",
        "packagePrice": "$18.70 per 1Kg"
      }
    }
  },
  {
    "id": "philadelphia-icing-classic",
    "brand": "Philadelphia",
    "name": "Classic Icing",
    "imageUrl": "https://shop.coles.com.au/wcsstore/Coles-CAS/images/3/5/6/3562233-th.jpg",
    "categories": ["dairy-eggs-meals"],
    "tags": ["chese", "cream-chese-spreads"],
    "locations": {
      "vic": {
        "price": 4.3,
        "promoText": " ",
        "packageSize": "230g",
        "packagePrice": "$18.70 per 1Kg"
      }
    }
  },
  {
    "id": "dodoni-cheese-feta-greek",
    "brand": "Dodoni",
    "name": "Feta Cheese",
    "imageUrl": "https://shop.coles.com.au/wcsstore/Coles-CAS/images/5/5/5/5555647-th.jpg",
    "categories": ["dairy-eggs-meals"],
    "tags": ["chese", "feta-chese"],
    "locations": {
      "vic": {
        "price": 6,
        "promoText": "Was $7.00 on Nov 2017 ",
        "packageSize": "200g",
        "packagePrice": "$30.00 per 1Kg"
      }
    }
  },
  {
    "id": "lemnos-cheese-feta-full-cream",
    "brand": "Lemnos",
    "name": "Full Cream Fetta Cheese",
    "imageUrl": "https://shop.coles.com.au/wcsstore/Coles-CAS/images/8/8/5/8857482-th.jpg",
    "categories": ["dairy-eggs-meals"],
    "tags": ["chese", "feta-chese"],
    "locations": {
      "vic": {
        "price": 5,
        "promoText": " ",
        "packageSize": "180g",
        "packagePrice": "$2.78 per 100G"
      }
    }
  },
  {
    "id": "sheese-greek-style-fetta-block",
    "brand": "Sheese",
    "name": "Greek Style Fetta Block",
    "imageUrl": "https://shop.coles.com.au/wcsstore/Coles-CAS/images/3/5/6/3561423-th.jpg",
    "categories": ["dairy-eggs-meals"],
    "tags": ["chese", "feta-chese"],
    "locations": {
      "vic": {
        "price": 4.8,
        "promoText": "$1.20 ",
        "packageSize": "200g",
        "packagePrice": "$24.00 per 1Kg"
      }
    }
  },
  {
    "id": "dodoni-goats-cheese-fetta",
    "brand": "Dodoni",
    "name": "Goat's Fetta Cheese",
    "imageUrl": "https://shop.coles.com.au/wcsstore/Coles-CAS/images/6/5/7/6577780-th.jpg",
    "categories": ["dairy-eggs-meals"],
    "tags": ["chese", "feta-chese"],
    "locations": {
      "vic": {
        "price": 6,
        "promoText": "Was $7.00 on Nov 2017 ",
        "packageSize": "200g",
        "packagePrice": "$30.00 per 1Kg"
      }
    }
  },
  {
    "id": "kebia-chese-bulgarian-shep-feta",
    "brand": "Kebia",
    "name": "Cheese Bulgarian Sheep Feta",
    "imageUrl": "https://shop.coles.com.au/wcsstore/Coles-CAS/images/3/7/2/3724696-th.jpg",
    "categories": ["dairy-eggs-meals"],
    "tags": ["chese", "feta-chese"],
    "locations": {
      "vic": {
        "price": 8,
        "promoText": " ",
        "packageSize": "400g",
        "packagePrice": "$20.00 per 1Kg"
      }
    }
  },
  {
    "id": "lemnos-organic-fetta",
    "brand": "Lemnos",
    "name": "Organic Fetta Cheese",
    "imageUrl": "https://shop.coles.com.au/wcsstore/Coles-CAS/images/3/5/1/3510025-th.jpg",
    "categories": ["dairy-eggs-meals"],
    "tags": ["chese", "feta-chese"],
    "locations": {
      "vic": {
        "price": 6.75,
        "promoText": " ",
        "packageSize": "180g",
        "packagePrice": "$37.50 per 1Kg"
      }
    }
  },
  {
    "id": "castello-citrus-herb-fetta",
    "brand": "Castello",
    "name": "Citrus & Herb Fetta Cheese Cubes",
    "imageUrl": "https://shop.coles.com.au/wcsstore/Coles-CAS/images/3/5/6/3560500-th.jpg",
    "categories": ["dairy-eggs-meals"],
    "tags": ["chese", "feta-chese"],
    "locations": {
      "vic": {
        "price": 4.5,
        "promoText": "$0.50 ",
        "packageSize": "430g",
        "packagePrice": "$1.05 per 100G"
      }
    }
  },
  {
    "id": "montefiore-fresh-mozzarella-pear",
    "brand": "Montefiore",
    "name": "Fresh Mozzarella Pear",
    "imageUrl": "https://shop.coles.com.au/wcsstore/Coles-CAS/images/2/4/6/2466529-th.jpg",
    "categories": ["dairy-eggs-meals"],
    "tags": ["chese", "feta-chese"],
    "locations": {
      "vic": {
        "price": 8,
        "promoText": " ",
        "packageSize": "400g",
        "packagePrice": "$20.00 per 1Kg"
      }
    }
  },
  {
    "id": "castello-havarti-creamy",
    "brand": "Castello",
    "name": "Havarti Creamy Cheese",
    "imageUrl": "https://shop.coles.com.au/wcsstore/Coles-CAS/images/3/0/2/3029086-th.jpg",
    "categories": ["dairy-eggs-meals"],
    "tags": ["chese", "firm-chese"],
    "locations": {
      "vic": {
        "price": 6,
        "promoText": " ",
        "packageSize": "200g",
        "packagePrice": "$3.00 per 100G"
      }
    }
  },
  {
    "id": "ashgrove-cheese-smoked-havarti",
    "brand": "Ashgrove",
    "name": "Natural Wood Cold Smoked Havarti Cheese Block",
    "imageUrl": "https://shop.coles.com.au/wcsstore/Coles-CAS/images/3/2/7/3272925-th.jpg",
    "categories": ["dairy-eggs-meals"],
    "tags": ["chese", "firm-chese"],
    "locations": {
      "vic": {
        "price": 5,
        "promoText": " ",
        "packageSize": "140g",
        "packagePrice": "$35.71 per 1Kg"
      }
    }
  },
  {
    "id": "south-cape-cheese-wedge-edam",
    "brand": "South Cape",
    "name": "Sweet & Fruity Edam Cheese Wedge",
    "imageUrl": "https://shop.coles.com.au/wcsstore/Coles-CAS/images/7/7/6/7768412-th.jpg",
    "categories": ["dairy-eggs-meals"],
    "tags": ["chese", "firm-chese"],
    "locations": {
      "vic": {
        "price": 4.7,
        "promoText": "$1.70 ",
        "packageSize": "200g",
        "packagePrice": "$23.50 per 1Kg"
      }
    }
  },
  {
    "id": "kroon-dutch-maasdam-block",
    "brand": "Kroon",
    "name": "Maasdam Dutch Cheese Block",
    "imageUrl": "https://shop.coles.com.au/wcsstore/Coles-CAS/images/3/0/3/3033913-th.jpg",
    "categories": ["dairy-eggs-meals"],
    "tags": ["chese", "firm-chese"],
    "locations": {
      "vic": {
        "price": 5.5,
        "promoText": " ",
        "packageSize": "200g",
        "packagePrice": "$2.75 per 100G"
      }
    }
  },
  {
    "id": "president-comte",
    "brand": "President",
    "name": "Comte",
    "imageUrl": "https://shop.coles.com.au/wcsstore/Coles-CAS/images/3/7/5/3757017-th.jpg",
    "categories": ["dairy-eggs-meals"],
    "tags": ["chese", "firm-chese"],
    "locations": {
      "vic": {
        "price": 11.6,
        "promoText": " ",
        "packageSize": "220g",
        "packagePrice": "$52.73 per 1Kg"
      }
    }
  },
  {
    "id": "coles-cheese-sweet-chilli",
    "brand": "Coles",
    "name": "Sweet Chilli Cheese",
    "imageUrl": "https://shop.coles.com.au/wcsstore/Coles-CAS/images/7/7/8/7781320-th.jpg",
    "categories": ["dairy-eggs-meals"],
    "tags": ["chese", "specialty-chese"],
    "locations": {
      "vic": {
        "price": 3,
        "promoText": " ",
        "packageSize": "190g",
        "packagePrice": "$15.79 per 1Kg"
      }
    }
  },
  {
    "id": "merediths-goats-cheese-3275901p",
    "brand": "Meredith Dairy",
    "name": "Goats Cheese",
    "imageUrl": "https://shop.coles.com.au/wcsstore/Coles-CAS/images/3/2/7/3275901-th.jpg",
    "categories": ["dairy-eggs-meals"],
    "tags": ["chese", "specialty-chese"],
    "locations": {
      "vic": {
        "price": 5,
        "promoText": " ",
        "packageSize": "100g",
        "packagePrice": "$50.00 per 1Kg"
      }
    }
  },
  {
    "id": "boursin-cheese-herb-garlic",
    "brand": "Boursin",
    "name": "Herb & Garlic Cheese",
    "imageUrl": "https://shop.coles.com.au/wcsstore/Coles-CAS/images/6/0/3/6032994-th.jpg",
    "categories": ["dairy-eggs-meals"],
    "tags": ["chese", "specialty-chese"],
    "locations": {
      "vic": {
        "price": 7,
        "promoText": " ",
        "packageSize": "80g",
        "packagePrice": "$87.50 per 1Kg"
      }
    }
  },
  {
    "id": "castello-cream-cheese-chive-spring-onion",
    "brand": "Castello",
    "name": "Chive & Spring Onion Cream Cheese",
    "imageUrl": "https://shop.coles.com.au/wcsstore/Coles-CAS/images/3/5/6/3560566-th.jpg",
    "categories": ["dairy-eggs-meals"],
    "tags": ["chese", "specialty-chese"],
    "locations": {
      "vic": {
        "price": 5,
        "promoText": " ",
        "packageSize": "125g",
        "packagePrice": "$4.00 per 100G"
      }
    }
  },
  {
    "id": "moondarra-cheese-honey-pistachio",
    "brand": "Moondarra",
    "name": "Honey & Pistachio Cream Cheese",
    "imageUrl": "https://shop.coles.com.au/wcsstore/Coles-CAS/images/3/0/2/3029767-th.jpg",
    "categories": ["dairy-eggs-meals"],
    "tags": ["chese", "specialty-chese"],
    "locations": {
      "vic": {
        "price": 3.3,
        "promoText": " ",
        "packageSize": "120g",
        "packagePrice": "$2.75 per 100G"
      }
    }
  },
  {
    "id": "castello-cream-cheese-tropical-fruit-almonds",
    "brand": "Castello",
    "name": "Tropical Fruit & Almonds Cream Cheese",
    "imageUrl": "https://shop.coles.com.au/wcsstore/Coles-CAS/images/3/5/6/3560577-th.jpg",
    "categories": ["dairy-eggs-meals"],
    "tags": ["chese", "specialty-chese"],
    "locations": {
      "vic": {
        "price": 5,
        "promoText": " ",
        "packageSize": "125g",
        "packagePrice": "$4.00 per 100G"
      }
    }
  },
  {
    "id": "coles-cheese-cream-spring-onion-chive",
    "brand": "Coles",
    "name": "Spring Onion & Chive Cheese",
    "imageUrl": "https://shop.coles.com.au/wcsstore/Coles-CAS/images/7/7/8/7781283-th.jpg",
    "categories": ["dairy-eggs-meals"],
    "tags": ["chese", "specialty-chese"],
    "locations": {
      "vic": {
        "price": 3,
        "promoText": " ",
        "packageSize": "190g",
        "packagePrice": "$15.79 per 1Kg"
      }
    }
  },
  {
    "id": "moondarra-cheese-cranberry-macadamia",
    "brand": "Moondarra",
    "name": "Cranberry & Macadamia Cheese",
    "imageUrl": "https://shop.coles.com.au/wcsstore/Coles-CAS/images/3/2/7/3272528-th.jpg",
    "categories": ["dairy-eggs-meals"],
    "tags": ["chese", "specialty-chese"],
    "locations": {
      "vic": {
        "price": 3.3,
        "promoText": " ",
        "packageSize": "120g",
        "packagePrice": "$27.50 per 1Kg"
      }
    }
  },
  {
    "id": "moondarra-cream-cheese-cherry-cocnut",
    "brand": "Moondarra",
    "name": "Cherry & Coconut Cream Cheese",
    "imageUrl": "https://shop.coles.com.au/wcsstore/Coles-CAS/images/3/6/4/3645589-th.jpg",
    "categories": ["dairy-eggs-meals"],
    "tags": ["chese", "specialty-chese"],
    "locations": {
      "vic": {
        "price": 3,
        "promoText": " ",
        "packageSize": "120g",
        "packagePrice": "$25.00 per 1Kg"
      }
    }
  },
  {
    "id": "moondarra-cheese-peach-almond",
    "brand": "Moondarra",
    "name": "Peach & Almond Cream Cheese",
    "imageUrl": "https://shop.coles.com.au/wcsstore/Coles-CAS/images/3/5/6/3561252-th.jpg",
    "categories": ["dairy-eggs-meals"],
    "tags": ["chese", "specialty-chese"],
    "locations": {
      "vic": {
        "price": 3.3,
        "promoText": " ",
        "packageSize": "120g",
        "packagePrice": "$27.50 per 1Kg"
      }
    }
  },
  {
    "id": "coles-cheese-shredded-tasty",
    "brand": "Coles",
    "name": "Tasty Shredded Cheddar Cheese",
    "imageUrl": "https://shop.coles.com.au/wcsstore/Coles-CAS/images/8/1/4/8145335-th.jpg",
    "categories": ["dairy-eggs-meals"],
    "tags": ["chese", "grated-chese"],
    "locations": {
      "vic": {
        "price": 6.6,
        "promoText": " ",
        "packageSize": "700g",
        "packagePrice": "$9.43 per 1Kg"
      }
    }
  },
  {
    "id": "coles-cheese-shredded-tasty-5432830p",
    "brand": "Coles",
    "name": "Tasty Shredded Cheddar Cheese",
    "imageUrl": "https://shop.coles.com.au/wcsstore/Coles-CAS/images/5/4/3/5432830-th.jpg",
    "categories": ["dairy-eggs-meals"],
    "tags": ["chese", "grated-chese"],
    "locations": {
      "vic": {
        "price": 4.2,
        "promoText": " ",
        "packageSize": "250g",
        "packagePrice": "$16.80 per 1Kg"
      }
    }
  },
  {
    "id": "perfect-italiano-cheese-shredded-parmesan",
    "brand": "Perfect Italiano",
    "name": "Grated Parmesan Cheese",
    "imageUrl": "https://shop.coles.com.au/wcsstore/Coles-CAS/images/5/3/3/5339878-th.jpg",
    "categories": ["dairy-eggs-meals"],
    "tags": ["chese", "grated-chese"],
    "locations": {
      "vic": {
        "price": 3.25,
        "promoText": " ",
        "packageSize": "125g",
        "packagePrice": "$26.00 per 1Kg"
      }
    }
  },
  {
    "id": "coles-cheese-australian-mozzarella-shredded",
    "brand": "Coles",
    "name": "Mozzarella Shredded Cheese",
    "imageUrl": "https://shop.coles.com.au/wcsstore/Coles-CAS/images/1/4/1/1413334-th.jpg",
    "categories": ["dairy-eggs-meals"],
    "tags": ["chese", "grated-chese"],
    "locations": {
      "vic": {
        "price": 7.7,
        "promoText": " ",
        "packageSize": "700g",
        "packagePrice": "$1.10 per 100G"
      }
    }
  },
  {
    "id": "coles-pizza-blend-shredded-cheese",
    "brand": "Coles",
    "name": "Shredded Pizza Blend",
    "imageUrl": "https://shop.coles.com.au/wcsstore/Coles-CAS/images/1/6/9/1691064-th.jpg",
    "categories": ["dairy-eggs-meals"],
    "tags": ["chese", "grated-chese"],
    "locations": {
      "vic": {
        "price": 7.7,
        "promoText": " ",
        "packageSize": "700g",
        "packagePrice": "$1.10 per 100G"
      }
    }
  },
  {
    "id": "coles-smart-buy-cheese-parmesan-grated-bag",
    "brand": "Coles",
    "name": "Grated Parmesan Cheese",
    "imageUrl": "https://shop.coles.com.au/wcsstore/Coles-CAS/images/5/2/3/5235453-th.jpg",
    "categories": ["dairy-eggs-meals"],
    "tags": ["chese", "grated-chese"],
    "locations": {
      "vic": {
        "price": 1.6,
        "promoText": " ",
        "packageSize": "100g",
        "packagePrice": "$16.00 per 1Kg"
      }
    }
  },
  {
    "id": "coles-cheese-shredded-parmesan",
    "brand": "Coles",
    "name": "Shredded Parmesan Cheese",
    "imageUrl": "https://shop.coles.com.au/wcsstore/Coles-CAS/images/5/7/2/5726014-th.jpg",
    "categories": ["dairy-eggs-meals"],
    "tags": ["chese", "grated-chese"],
    "locations": {
      "vic": {
        "price": 4.4,
        "promoText": " ",
        "packageSize": "250g",
        "packagePrice": "$17.60 per 1Kg"
      }
    }
  },
  {
    "id": "perfect-italiano-cheese-shredded-pizza-plus",
    "brand": "Perfect Italiano",
    "name": "Grated Cheese Perfect Pizza",
    "imageUrl": "https://shop.coles.com.au/wcsstore/Coles-CAS/images/5/7/2/5723490-th.jpg",
    "categories": ["dairy-eggs-meals"],
    "tags": ["chese", "grated-chese"],
    "locations": {
      "vic": {
        "price": 7.65,
        "promoText": " ",
        "packageSize": "450g",
        "packagePrice": "$1.70 per 100G"
      }
    }
  },
  {
    "id": "perfect-italiano-cheese-shaved-parmesan",
    "brand": "Perfect Italiano",
    "name": "Shaved Parmesan Cheese",
    "imageUrl": "https://shop.coles.com.au/wcsstore/Coles-CAS/images/4/4/0/4405740-th.jpg",
    "categories": ["dairy-eggs-meals"],
    "tags": ["chese", "grated-chese"],
    "locations": {
      "vic": {
        "price": 3.25,
        "promoText": " ",
        "packageSize": "125g",
        "packagePrice": "$26.00 per 1Kg"
      }
    }
  },
  {
    "id": "coles-cheese-shredded-mozzarella",
    "brand": "Coles",
    "name": "Shredded Mozzarella Cheese",
    "imageUrl": "https://shop.coles.com.au/wcsstore/Coles-CAS/images/9/5/0/9508026-th.jpg",
    "categories": ["dairy-eggs-meals"],
    "tags": ["chese", "grated-chese"],
    "locations": {
      "vic": {
        "price": 4.2,
        "promoText": " ",
        "packageSize": "250g",
        "packagePrice": "$16.80 per 1Kg"
      }
    }
  },
  {
    "id": "mil-lel-cheese-shaved-parmesan",
    "brand": "Mil Lel",
    "name": "Shaved Parmesan Cheese",
    "imageUrl": "https://shop.coles.com.au/wcsstore/Coles-CAS/images/6/5/7/6576030-th.jpg",
    "categories": ["dairy-eggs-meals"],
    "tags": ["chese", "grated-chese"],
    "locations": {
      "vic": {
        "price": 6.85,
        "promoText": " ",
        "packageSize": "250g",
        "packagePrice": "$27.40 per 1Kg"
      }
    }
  },
  {
    "id": "coles-cheese-shredded-tasty-light",
    "brand": "Coles",
    "name": "Tasty Light Shredded Cheddar Cheese",
    "imageUrl": "https://shop.coles.com.au/wcsstore/Coles-CAS/images/8/1/4/8145346-th.jpg",
    "categories": ["dairy-eggs-meals"],
    "tags": ["chese", "grated-chese"],
    "locations": {
      "vic": {
        "price": 6.6,
        "promoText": " ",
        "packageSize": "700g",
        "packagePrice": "$9.43 per 1Kg"
      }
    }
  },
  {
    "id": "bega-cheese-shredded-tasty",
    "brand": "Bega",
    "name": "Tasty Grated Cheese",
    "imageUrl": "https://shop.coles.com.au/wcsstore/Coles-CAS/images/6/5/7/6576347-th.jpg",
    "categories": ["dairy-eggs-meals"],
    "tags": ["chese", "grated-chese"],
    "locations": {
      "vic": {
        "price": 7,
        "promoText": "$1.00 ",
        "packageSize": "500g",
        "packagePrice": "$1.40 per 100G"
      }
    }
  },
  {
    "id": "perfect-italiano-cheese-shredded-parmesan-extra-sharp",
    "brand": "Perfect Italiano",
    "name": "Extra Sharp Parmesan Cheese",
    "imageUrl": "https://shop.coles.com.au/wcsstore/Coles-CAS/images/6/5/7/6577000-th.jpg",
    "categories": ["dairy-eggs-meals"],
    "tags": ["chese", "grated-chese"],
    "locations": {
      "vic": {
        "price": 3.25,
        "promoText": " ",
        "packageSize": "125g",
        "packagePrice": "$26.00 per 1Kg"
      }
    }
  },
  {
    "id": "coles-cheese-australian-mozzarella-light-shredded",
    "brand": "Coles",
    "name": "Mozzarella Light Cheese Shredded",
    "imageUrl": "https://shop.coles.com.au/wcsstore/Coles-CAS/images/1/4/1/1413323-th.jpg",
    "categories": ["dairy-eggs-meals"],
    "tags": ["chese", "grated-chese"],
    "locations": {
      "vic": {
        "price": 4.2,
        "promoText": " ",
        "packageSize": "250g",
        "packagePrice": "$1.68 per 100G"
      }
    }
  },
  {
    "id": "kraft-cheese-parmesan-grated-cannister",
    "brand": "Kraft",
    "name": "Grated Parmesan Cheese",
    "imageUrl": "https://shop.coles.com.au/wcsstore/Coles-CAS/images/1/4/4/144827-th.jpg",
    "categories": ["dairy-eggs-meals"],
    "tags": ["chese", "grated-chese"],
    "locations": {
      "vic": {
        "price": 7.8,
        "promoText": " ",
        "packageSize": "250g",
        "packagePrice": "$31.20 per 1Kg"
      }
    }
  },
  {
    "id": "perfect-italiano-grated-cheese-perfect-pizza",
    "brand": "Perfect Italiano",
    "name": "Grated Cheese Perfect Pizza",
    "imageUrl": "https://shop.coles.com.au/wcsstore/Coles-CAS/images/3/2/7/3273994-th.jpg",
    "categories": ["dairy-eggs-meals"],
    "tags": ["chese", "grated-chese"],
    "locations": {
      "vic": {
        "price": 4.25,
        "promoText": "Was $4.80 on Oct 2019 ",
        "packageSize": "250g",
        "packagePrice": "$17.00 per 1Kg"
      }
    }
  },
  {
    "id": "perfect-italiano-cheese-shredded-4-cheese-blend",
    "brand": "Perfect Italiano",
    "name": "4 Cheese Melt Blend",
    "imageUrl": "https://shop.coles.com.au/wcsstore/Coles-CAS/images/7/6/0/7602067-th.jpg",
    "categories": ["dairy-eggs-meals"],
    "tags": ["chese", "grated-chese"],
    "locations": {
      "vic": {
        "price": 7.65,
        "promoText": " ",
        "packageSize": "450g",
        "packagePrice": "$17.00 per 1Kg"
      }
    }
  },
  {
    "id": "devondale-shredded-cheese-blend",
    "brand": "Devondale",
    "name": "Shredded Cheese Blend",
    "imageUrl": "https://shop.coles.com.au/wcsstore/Coles-CAS/images/2/7/8/2782959-th.jpg",
    "categories": ["dairy-eggs-meals"],
    "tags": ["chese", "grated-chese"],
    "locations": {
      "vic": {
        "price": 10,
        "promoText": " ",
        "packageSize": "750g",
        "packagePrice": "$1.33 per 100G"
      }
    }
  },
  {
    "id": "perfect-italiano-mozzaralla-shredded",
    "brand": "Perfect Italiano",
    "name": "Shredded Mozzarella",
    "imageUrl": "https://shop.coles.com.au/wcsstore/Coles-CAS/images/3/5/6/3562164-th.jpg",
    "categories": ["dairy-eggs-meals"],
    "tags": ["chese", "grated-chese"],
    "locations": {
      "vic": {
        "price": 4.25,
        "promoText": "Was $4.80 on Oct 2019 ",
        "packageSize": "250g",
        "packagePrice": "$17.00 per 1Kg"
      }
    }
  },
  {
    "id": "mil-lel-parmesan-chese-shredded",
    "brand": "Mil Lel",
    "name": "Parmesan Cheese Shredded",
    "imageUrl": "https://shop.coles.com.au/wcsstore/Coles-CAS/images/3/7/5/3757855-th.jpg",
    "categories": ["dairy-eggs-meals"],
    "tags": ["chese", "grated-chese"],
    "locations": {
      "vic": {
        "price": 6.85,
        "promoText": " ",
        "packageSize": "250g",
        "packagePrice": "$27.40 per 1Kg"
      }
    }
  },
  {
    "id": "coon-tasty-shredded-cheese",
    "brand": "Coon",
    "name": "Tasty Shredded Cheese",
    "imageUrl": "https://shop.coles.com.au/wcsstore/Coles-CAS/images/2/7/8/2781956-th.jpg",
    "categories": ["dairy-eggs-meals"],
    "tags": ["chese", "grated-chese"],
    "locations": {
      "vic": {
        "price": 5.7,
        "promoText": "$1.70 ",
        "packageSize": "400g",
        "packagePrice": "$14.25 per 1Kg"
      }
    }
  },
  {
    "id": "perfect-italiano-cheese-shredded-mozzarella",
    "brand": "Perfect Italiano",
    "name": "Mozzarella Cheese",
    "imageUrl": "https://shop.coles.com.au/wcsstore/Coles-CAS/images/6/3/8/63816-th.jpg",
    "categories": ["dairy-eggs-meals"],
    "tags": ["chese", "grated-chese"],
    "locations": {
      "vic": {
        "price": 7.65,
        "promoText": " ",
        "packageSize": "450g",
        "packagePrice": "$17.00 per 1Kg"
      }
    }
  },
  {
    "id": "perfect-italiano-grated-cheese-perfect-bakes",
    "brand": "Perfect Italiano",
    "name": "Grated Cheese Perfect Bakes",
    "imageUrl": "https://shop.coles.com.au/wcsstore/Coles-CAS/images/3/2/7/3274024-th.jpg",
    "categories": ["dairy-eggs-meals"],
    "tags": ["chese", "grated-chese"],
    "locations": {
      "vic": {
        "price": 4.25,
        "promoText": "Was $4.80 on Oct 2019 ",
        "packageSize": "250g",
        "packagePrice": "$17.00 per 1Kg"
      }
    }
  },
  {
    "id": "liddells-cheese-shredded-lactose-free",
    "brand": "Liddells",
    "name": "Lactose Free Shredded Cheese",
    "imageUrl": "https://shop.coles.com.au/wcsstore/Coles-CAS/images/1/4/1/1418305-th.jpg",
    "categories": ["dairy-eggs-meals"],
    "tags": ["chese", "grated-chese"],
    "locations": {
      "vic": {
        "price": 6,
        "promoText": " ",
        "packageSize": "250g",
        "packagePrice": "$24.00 per 1Kg"
      }
    }
  },
  {
    "id": "coles-cheese-australian-pizza-shredded",
    "brand": "Coles",
    "name": "Pizza Blend Shredded Cheese",
    "imageUrl": "https://shop.coles.com.au/wcsstore/Coles-CAS/images/1/4/1/1413312-th.jpg",
    "categories": ["dairy-eggs-meals"],
    "tags": ["chese", "grated-chese"],
    "locations": {
      "vic": {
        "price": 4.2,
        "promoText": " ",
        "packageSize": "250g",
        "packagePrice": "$1.68 per 100G"
      }
    }
  },
  {
    "id": "devondale-tasty-shredded-cheese",
    "brand": "Devondale",
    "name": "Tasty Shredded Cheese",
    "imageUrl": "https://shop.coles.com.au/wcsstore/Coles-CAS/images/2/7/8/2782926-th.jpg",
    "categories": ["dairy-eggs-meals"],
    "tags": ["chese", "grated-chese"],
    "locations": {
      "vic": {
        "price": 10,
        "promoText": " ",
        "packageSize": "750g",
        "packagePrice": "$1.33 per 100G"
      }
    }
  },
  {
    "id": "kraft-cheese-parmesan-grated-cannister-133591p",
    "brand": "Kraft",
    "name": "Grated Parmesan Cheese",
    "imageUrl": "https://shop.coles.com.au/wcsstore/Coles-CAS/images/1/3/3/133591-th.jpg",
    "categories": ["dairy-eggs-meals"],
    "tags": ["chese", "grated-chese"],
    "locations": {
      "vic": {
        "price": 4.3,
        "promoText": " ",
        "packageSize": "125g",
        "packagePrice": "$3.44 per 100G"
      }
    }
  },
  {
    "id": "bega--cheese-shredded-so-light",
    "brand": "Bega",
    "name": "Light Tasty Grated Cheese",
    "imageUrl": "https://shop.coles.com.au/wcsstore/Coles-CAS/images/1/0/1/1012151-th.jpg",
    "categories": ["dairy-eggs-meals"],
    "tags": ["chese", "grated-chese"],
    "locations": {
      "vic": {
        "price": 7,
        "promoText": "$1.00 ",
        "packageSize": "500g",
        "packagePrice": "$14.00 per 1Kg"
      }
    }
  },
  {
    "id": "mil-lel-cheese-shredded-parmesan-extra-sharp",
    "brand": "Mil Lel",
    "name": "Shredded Extra Sharp Parmesan Cheese",
    "imageUrl": "https://shop.coles.com.au/wcsstore/Coles-CAS/images/6/5/7/6576020-th.jpg",
    "categories": ["dairy-eggs-meals"],
    "tags": ["chese", "grated-chese"],
    "locations": {
      "vic": {
        "price": 6.85,
        "promoText": " ",
        "packageSize": "250g",
        "packagePrice": "$27.40 per 1Kg"
      }
    }
  },
  {
    "id": "pantalica-parmesan-chese",
    "brand": "Pantalica",
    "name": "Parmesan Cheese",
    "imageUrl": "https://shop.coles.com.au/wcsstore/Coles-CAS/images/3/8/1/3816524-th.jpg",
    "categories": ["dairy-eggs-meals"],
    "tags": ["chese", "grated-chese"],
    "locations": {
      "vic": {
        "price": 4,
        "promoText": " ",
        "packageSize": "100g",
        "packagePrice": "$4.00 per 100G"
      }
    }
  },
  {
    "id": "perfect-italiano-cheese-perfect-bakes",
    "brand": "Perfect Italiano",
    "name": "Perfect Bakes Cheddar, Mozzarella & Parmesan Grated Cheese",
    "imageUrl": "https://shop.coles.com.au/wcsstore/Coles-CAS/images/1/4/3/1436737-th.jpg",
    "categories": ["dairy-eggs-meals"],
    "tags": ["chese", "grated-chese"],
    "locations": {
      "vic": {
        "price": 7.65,
        "promoText": " ",
        "packageSize": "450g",
        "packagePrice": "$1.70 per 100G"
      }
    }
  },
  {
    "id": "liddells-lactose-free-shredded-pizza-blend",
    "brand": "Liddells",
    "name": "Lactose Free Shredded Pizza Blend",
    "imageUrl": "https://shop.coles.com.au/wcsstore/Coles-CAS/images/3/5/6/3560828-th.jpg",
    "categories": ["dairy-eggs-meals"],
    "tags": ["chese", "grated-chese"],
    "locations": {
      "vic": {
        "price": 5.7,
        "promoText": " ",
        "packageSize": "225g",
        "packagePrice": "$25.33 per 1Kg"
      }
    }
  },
  {
    "id": "sheese-grated-hard-italian-style",
    "brand": "Sheese",
    "name": "Grated Hard Italian Style",
    "imageUrl": "https://shop.coles.com.au/wcsstore/Coles-CAS/images/3/5/6/3561365-th.jpg",
    "categories": ["dairy-eggs-meals"],
    "tags": ["chese", "grated-chese"],
    "locations": {
      "vic": {
        "price": 5.2,
        "promoText": "$1.10 ",
        "packageSize": "60g",
        "packagePrice": "$86.68 per 1Kg"
      }
    }
  },
  {
    "id": "la-casa-del-formaggio-cheese-bocconcini-cherry-8981415p",
    "brand": "La Casa Del Formaggio",
    "name": "Cherry Bocconcini",
    "imageUrl": "https://shop.coles.com.au/wcsstore/Coles-CAS/images/8/9/8/8981415-th.jpg",
    "categories": ["dairy-eggs-meals"],
    "tags": ["chese", "haloumi-bocconcini"],
    "locations": {
      "vic": {
        "price": 5,
        "promoText": " ",
        "packageSize": "220g",
        "packagePrice": "$22.73 per 1Kg"
      }
    }
  },
  {
    "id": "lemnos-cheese-paneer",
    "brand": "Lemnos",
    "name": "Paneer",
    "imageUrl": "https://shop.coles.com.au/wcsstore/Coles-CAS/images/9/3/3/9334672-th.jpg",
    "categories": ["dairy-eggs-meals"],
    "tags": ["chese", "haloumi-bocconcini"],
    "locations": {
      "vic": {
        "price": 6.9,
        "promoText": " ",
        "packageSize": "200g",
        "packagePrice": "$34.50 per 1Kg"
      }
    }
  },
  {
    "id": "la-casa-del-formaggio-cheese-bocconcini-8981404p",
    "brand": "La Casa Del Formaggio",
    "name": "Traditional Bocconcini",
    "imageUrl": "https://shop.coles.com.au/wcsstore/Coles-CAS/images/8/9/8/8981404-th.jpg",
    "categories": ["dairy-eggs-meals"],
    "tags": ["chese", "haloumi-bocconcini"],
    "locations": {
      "vic": {
        "price": 5,
        "promoText": " ",
        "packageSize": "220g",
        "packagePrice": "$22.73 per 1Kg"
      }
    }
  },
  {
    "id": "riverina-dairy-haloumi-basil",
    "brand": "Riverina Dairy",
    "name": "Haloumi Basil",
    "imageUrl": "https://shop.coles.com.au/wcsstore/Coles-CAS/images/3/7/5/3757425-th.jpg",
    "categories": ["dairy-eggs-meals"],
    "tags": ["chese", "haloumi-bocconcini"],
    "locations": {
      "vic": {
        "price": 6,
        "promoText": " ",
        "packageSize": "180g",
        "packagePrice": "$33.34 per 1Kg"
      }
    }
  },
  {
    "id": "riverina-dairy-haloumi",
    "brand": "Riverina Dairy",
    "name": "Haloumi",
    "imageUrl": "https://shop.coles.com.au/wcsstore/Coles-CAS/images/3/7/5/3757163-th.jpg",
    "categories": ["dairy-eggs-meals"],
    "tags": ["chese", "haloumi-bocconcini"],
    "locations": {
      "vic": {
        "price": 18,
        "promoText": " ",
        "packageSize": "900g",
        "packagePrice": "$20.00 per 1Kg"
      }
    }
  },
  {
    "id": "coles-cheese-slices-tasty-natural-24-pack",
    "brand": "Coles",
    "name": "Tasty Cheddar Cheese Slices 24 Pack",
    "imageUrl": "https://shop.coles.com.au/wcsstore/Coles-CAS/images/5/4/3/5433050-th.jpg",
    "categories": ["dairy-eggs-meals"],
    "tags": ["chese", "sliced-chese"],
    "locations": {
      "vic": {
        "price": 7,
        "promoText": " ",
        "packageSize": "500g",
        "packagePrice": "$1.40 per 100G"
      }
    }
  },
  {
    "id": "bega-cheese-slices-tasty-natural-36-pack",
    "brand": "Bega",
    "name": "Tasty Natural Cheese Slices 30 pack",
    "imageUrl": "https://shop.coles.com.au/wcsstore/Coles-CAS/images/6/7/0/6704811-th.jpg",
    "categories": ["dairy-eggs-meals"],
    "tags": ["chese", "sliced-chese"],
    "locations": {
      "vic": {
        "price": 9,
        "promoText": "Was $10.20 on Jan 2020 ",
        "packageSize": "500g",
        "packagePrice": "$18.00 per 1Kg"
      }
    }
  },
  {
    "id": "coon-cheese-slices-tasty-24-pack",
    "brand": "Coon",
    "name": "Tasty Cheese Slices 24 pack",
    "imageUrl": "https://shop.coles.com.au/wcsstore/Coles-CAS/images/8/5/7/8578-th.jpg",
    "categories": ["dairy-eggs-meals"],
    "tags": ["chese", "sliced-chese"],
    "locations": {
      "vic": {
        "price": 8.6,
        "promoText": " ",
        "packageSize": "500g",
        "packagePrice": "$17.20 per 1Kg"
      }
    }
  },
  {
    "id": "coon-cheese-slices-tasty-light-24-pack",
    "brand": "Coon",
    "name": "Light Tasty Cheese Slices 24 pack",
    "imageUrl": "https://shop.coles.com.au/wcsstore/Coles-CAS/images/5/2/9/5292118-th.jpg",
    "categories": ["dairy-eggs-meals"],
    "tags": ["chese", "sliced-chese"],
    "locations": {
      "vic": {
        "price": 8.6,
        "promoText": " ",
        "packageSize": "500g",
        "packagePrice": "$17.20 per 1Kg"
      }
    }
  },
  {
    "id": "coles-smart-buy-cheese-slices-individually-wrapped-24-pack",
    "brand": "Coles",
    "name": "Cheese Slices 24 Pack",
    "imageUrl": "https://shop.coles.com.au/wcsstore/Coles-CAS/images/2/4/4/244242-th.jpg",
    "categories": ["dairy-eggs-meals"],
    "tags": ["chese", "sliced-chese"],
    "locations": {
      "vic": {
        "price": 3.9,
        "promoText": " ",
        "packageSize": "500g",
        "packagePrice": "$7.80 per 1Kg"
      }
    }
  },
  {
    "id": "bega-cheese-slices-strong-bitey-vintage-36-pack",
    "brand": "Bega",
    "name": "Strong & Bitey Vintage Cheese Slices 30 Pack",
    "imageUrl": "https://shop.coles.com.au/wcsstore/Coles-CAS/images/4/4/1/4413658-th.jpg",
    "categories": ["dairy-eggs-meals"],
    "tags": ["chese", "sliced-chese"],
    "locations": {
      "vic": {
        "price": 9,
        "promoText": "Was $10.20 on Jan 2020 ",
        "packageSize": "500g",
        "packagePrice": "$18.00 per 1Kg"
      }
    }
  },
  {
    "id": "bega-cheese-slices-tasty-natural-12-pack",
    "brand": "Bega",
    "name": "Tasty Natural Cheese Slices 15 pack",
    "imageUrl": "https://shop.coles.com.au/wcsstore/Coles-CAS/images/6/7/0/6704323-th.jpg",
    "categories": ["dairy-eggs-meals"],
    "tags": ["chese", "sliced-chese"],
    "locations": {
      "vic": {
        "price": 6,
        "promoText": " ",
        "packageSize": "250g",
        "packagePrice": "$24.00 per 1Kg"
      }
    }
  },
  {
    "id": "coles-gouda-cheese-slices",
    "brand": "Coles",
    "name": "Gouda Cheese Slices",
    "imageUrl": "https://shop.coles.com.au/wcsstore/Coles-CAS/images/1/4/6/1462533-th.jpg",
    "categories": ["dairy-eggs-meals"],
    "tags": ["chese", "sliced-chese"],
    "locations": {
      "vic": {
        "price": 4,
        "promoText": " ",
        "packageSize": "200g",
        "packagePrice": "$20.00 per 1Kg"
      }
    }
  },
  {
    "id": "jarlsberg-cheese-slices-swiss-10-pack",
    "brand": "Jarlsberg",
    "name": "Original Cheese Slices",
    "imageUrl": "https://shop.coles.com.au/wcsstore/Coles-CAS/images/5/4/9/5498703-th.jpg",
    "categories": ["dairy-eggs-meals"],
    "tags": ["chese", "sliced-chese"],
    "locations": {
      "vic": {
        "price": 5,
        "promoText": "$1.95 ",
        "packageSize": "150g",
        "packagePrice": "$33.34 per 1Kg"
      }
    }
  },
  {
    "id": "coon-cheese-slices-tasty",
    "brand": "Coon",
    "name": "Tasty Cheese Slices",
    "imageUrl": "https://shop.coles.com.au/wcsstore/Coles-CAS/images/3/2/7/3274750-th.jpg",
    "categories": ["dairy-eggs-meals"],
    "tags": ["chese", "sliced-chese"],
    "locations": {
      "vic": {
        "price": 10.85,
        "promoText": " ",
        "packageSize": "750g",
        "packagePrice": "$14.47 per 1Kg"
      }
    }
  },
  {
    "id": "coles-swiss-cheese-slices",
    "brand": "Coles",
    "name": "Swiss Style Cheese Slices",
    "imageUrl": "https://shop.coles.com.au/wcsstore/Coles-CAS/images/1/4/6/1462544-th.jpg",
    "categories": ["dairy-eggs-meals"],
    "tags": ["chese", "sliced-chese"],
    "locations": {
      "vic": {
        "price": 4,
        "promoText": " ",
        "packageSize": "200g",
        "packagePrice": "$2.00 per 100G"
      }
    }
  },
  {
    "id": "cracker-barrel-cheese-slices-vintage-extra-sharp-12-pack",
    "brand": "Cracker Barrel",
    "name": "Vintage Cheddar Cheese Slices 12 pack",
    "imageUrl": "https://shop.coles.com.au/wcsstore/Coles-CAS/images/4/3/8/4389178-th.jpg",
    "categories": ["dairy-eggs-meals"],
    "tags": ["chese", "sliced-chese"],
    "locations": {
      "vic": {
        "price": 6.5,
        "promoText": " ",
        "packageSize": "250g",
        "packagePrice": "$26.00 per 1Kg"
      }
    }
  },
  {
    "id": "kraft-singles-cheese-slices-individually-wrapped-24-pack",
    "brand": "Dairylea",
    "name": "Original Cheese Slices 24 Pack",
    "imageUrl": "https://shop.coles.com.au/wcsstore/Coles-CAS/images/2/1/5/215131-th.jpg",
    "categories": ["dairy-eggs-meals"],
    "tags": ["chese", "sliced-chese"],
    "locations": {
      "vic": {
        "price": 5,
        "promoText": "Was $6.45 on Aug 2018 ",
        "packageSize": "432g",
        "packagePrice": "$11.57 per 1Kg"
      }
    }
  },
  {
    "id": "coles-edam-cheese-slices",
    "brand": "Coles",
    "name": "Edam Cheese Slices",
    "imageUrl": "https://shop.coles.com.au/wcsstore/Coles-CAS/images/1/4/6/1462511-th.jpg",
    "categories": ["dairy-eggs-meals"],
    "tags": ["chese", "sliced-chese"],
    "locations": {
      "vic": {
        "price": 4,
        "promoText": " ",
        "packageSize": "200g",
        "packagePrice": "$20.00 per 1Kg"
      }
    }
  },
  {
    "id": "bega-cheese-slices-strong-bitey-aged-vintage-12-pack",
    "brand": "Bega",
    "name": "Strong & Bitey Vintage Cheese Slices 15 pack",
    "imageUrl": "https://shop.coles.com.au/wcsstore/Coles-CAS/images/9/7/5/9759365-th.jpg",
    "categories": ["dairy-eggs-meals"],
    "tags": ["chese", "sliced-chese"],
    "locations": {
      "vic": {
        "price": 6,
        "promoText": " ",
        "packageSize": "250g",
        "packagePrice": "$24.00 per 1Kg"
      }
    }
  },
  {
    "id": "coles-cheese-slices-colby-12-pack",
    "brand": "Coles",
    "name": "Colby Cheese Slices 12 Pack",
    "imageUrl": "https://shop.coles.com.au/wcsstore/Coles-CAS/images/7/2/4/7247191-th.jpg",
    "categories": ["dairy-eggs-meals"],
    "tags": ["chese", "sliced-chese"],
    "locations": {
      "vic": {
        "price": 4.4,
        "promoText": " ",
        "packageSize": "250g",
        "packagePrice": "$17.60 per 1Kg"
      }
    }
  },
  {
    "id": "coles-cheese-slices-tasty-light-24-pack",
    "brand": "Coles",
    "name": "Tasty Light Cheddar Cheese Slices 24 Pack",
    "imageUrl": "https://shop.coles.com.au/wcsstore/Coles-CAS/images/5/4/3/5433027-th.jpg",
    "categories": ["dairy-eggs-meals"],
    "tags": ["chese", "sliced-chese"],
    "locations": {
      "vic": {
        "price": 7,
        "promoText": " ",
        "packageSize": "500g",
        "packagePrice": "$14.00 per 1Kg"
      }
    }
  },
  {
    "id": "coles-australian-smokey-cheese-individually-wrapped-slices-24-pack",
    "brand": "Coles",
    "name": "Smoke Flavoured Cheese Slices 12 Pack",
    "imageUrl": "https://shop.coles.com.au/wcsstore/Coles-CAS/images/1/9/8/1980491-th.jpg",
    "categories": ["dairy-eggs-meals"],
    "tags": ["chese", "sliced-chese"],
    "locations": {
      "vic": {
        "price": 2.9,
        "promoText": " ",
        "packageSize": "250g",
        "packagePrice": "$1.16 per 100G"
      }
    }
  },
  {
    "id": "coles-havarti-cheese-slices",
    "brand": "Coles",
    "name": "Havarti Cheese Slices",
    "imageUrl": "https://shop.coles.com.au/wcsstore/Coles-CAS/images/1/4/6/1462555-th.jpg",
    "categories": ["dairy-eggs-meals"],
    "tags": ["chese", "sliced-chese"],
    "locations": {
      "vic": {
        "price": 4,
        "promoText": " ",
        "packageSize": "200g",
        "packagePrice": "$20.00 per 1Kg"
      }
    }
  },
  {
    "id": "coon-cheese-slices-tasty-light-12-pack",
    "brand": "Coon",
    "name": "Light 'N Tasty Cheese Slices 12 pack",
    "imageUrl": "https://shop.coles.com.au/wcsstore/Coles-CAS/images/5/1/7/5174053-th.jpg",
    "categories": ["dairy-eggs-meals"],
    "tags": ["chese", "sliced-chese"],
    "locations": {
      "vic": {
        "price": 4.6,
        "promoText": "$1.40 ",
        "packageSize": "250g",
        "packagePrice": "$18.40 per 1Kg"
      }
    }
  },
  {
    "id": "coon-cheese-slices-mozzarella-12pk",
    "brand": "Coon",
    "name": "Classics Mozzarella Cheese Slices 12 Pack",
    "imageUrl": "https://shop.coles.com.au/wcsstore/Coles-CAS/images/3/5/6/3560894-th.jpg",
    "categories": ["dairy-eggs-meals"],
    "tags": ["chese", "sliced-chese"],
    "locations": {
      "vic": {
        "price": 4.6,
        "promoText": "$1.40 ",
        "packageSize": "250g",
        "packagePrice": "$1.84 per 100G"
      }
    }
  },
  {
    "id": "kraft-singles-cheese-slices-original-individually-wrapped-36-pack",
    "brand": "Dairylea",
    "name": "Regular Cheese Slices 36 Pack",
    "imageUrl": "https://shop.coles.com.au/wcsstore/Coles-CAS/images/5/1/8/5185821-th.jpg",
    "categories": ["dairy-eggs-meals"],
    "tags": ["chese", "sliced-chese"],
    "locations": {
      "vic": {
        "price": 7,
        "promoText": " ",
        "packageSize": "648g",
        "packagePrice": "$10.80 per 1Kg"
      }
    }
  },
  {
    "id": "jarlsberg-cheese-slices-lite-10-pack",
    "brand": "Jarlsberg",
    "name": "Lite Cheese Slices",
    "imageUrl": "https://shop.coles.com.au/wcsstore/Coles-CAS/images/8/3/8/8389680-th.jpg",
    "categories": ["dairy-eggs-meals"],
    "tags": ["chese", "sliced-chese"],
    "locations": {
      "vic": {
        "price": 5,
        "promoText": "$1.95 ",
        "packageSize": "150g",
        "packagePrice": "$33.34 per 1Kg"
      }
    }
  },
  {
    "id": "norco-natural-cheese-slices",
    "brand": "Norco",
    "name": "Natural Cheese Slices",
    "imageUrl": "https://shop.coles.com.au/wcsstore/Coles-CAS/images/7/1/1/7119409-th.jpg",
    "categories": ["dairy-eggs-meals"],
    "tags": ["chese", "sliced-chese"],
    "locations": {
      "vic": {
        "price": 6.5,
        "promoText": " ",
        "packageSize": "250g",
        "packagePrice": "$26.00 per 1Kg"
      }
    }
  },
  {
    "id": "coon-cheese-slices-extra-tasty",
    "brand": "Coon",
    "name": "Extra Tasty Cheese Slices",
    "imageUrl": "https://shop.coles.com.au/wcsstore/Coles-CAS/images/3/2/7/3277190-th.jpg",
    "categories": ["dairy-eggs-meals"],
    "tags": ["chese", "sliced-chese"],
    "locations": {
      "vic": {
        "price": 4.6,
        "promoText": "$1.40 ",
        "packageSize": "250g",
        "packagePrice": "$1.84 per 100G"
      }
    }
  },
  {
    "id": "bega-cheese-easy-melt-colby-slices",
    "brand": "Bega",
    "name": "Easy Melt Colby Cheese Slices 15 pack",
    "imageUrl": "https://shop.coles.com.au/wcsstore/Coles-CAS/images/1/4/4/1446286-th.jpg",
    "categories": ["dairy-eggs-meals"],
    "tags": ["chese", "sliced-chese"],
    "locations": {
      "vic": {
        "price": 6,
        "promoText": " ",
        "packageSize": "250g",
        "packagePrice": "$2.40 per 100G"
      }
    }
  },
  {
    "id": "coles-smart-buy-cheese-slices-lite-individually-wrapped-24-pack",
    "brand": "Coles",
    "name": "Light Cheese Slices 24 Pack",
    "imageUrl": "https://shop.coles.com.au/wcsstore/Coles-CAS/images/5/1/6/5164639-th.jpg",
    "categories": ["dairy-eggs-meals"],
    "tags": ["chese", "sliced-chese"],
    "locations": {
      "vic": {
        "price": 3.9,
        "promoText": " ",
        "packageSize": "500g",
        "packagePrice": "$7.80 per 1Kg"
      }
    }
  },
  {
    "id": "coon-cheese-slices-tasty-12-pack",
    "brand": "Coon",
    "name": "Tasty Cheese Slices 12 pack",
    "imageUrl": "https://shop.coles.com.au/wcsstore/Coles-CAS/images/2/1/7/217104-th.jpg",
    "categories": ["dairy-eggs-meals"],
    "tags": ["chese", "sliced-chese"],
    "locations": {
      "vic": {
        "price": 4.6,
        "promoText": "$1.40 ",
        "packageSize": "250g",
        "packagePrice": "$18.40 per 1Kg"
      }
    }
  },
  {
    "id": "coon-colby-cheese-slices-24-pack",
    "brand": "Coon",
    "name": "Colby Cheddar Cheese Slices 24 Pack",
    "imageUrl": "https://shop.coles.com.au/wcsstore/Coles-CAS/images/2/7/8/2781978-th.jpg",
    "categories": ["dairy-eggs-meals"],
    "tags": ["chese", "sliced-chese"],
    "locations": {
      "vic": {
        "price": 8.6,
        "promoText": " ",
        "packageSize": "500g",
        "packagePrice": "$17.20 per 1Kg"
      }
    }
  },
  {
    "id": "kraft-singles-cheese-slices-light-individually-wrapped-24-pack",
    "brand": "Dairylea",
    "name": "Less Fat Light Cheese Slices 24 Pack",
    "imageUrl": "https://shop.coles.com.au/wcsstore/Coles-CAS/images/6/6/7/6679678-th.jpg",
    "categories": ["dairy-eggs-meals"],
    "tags": ["chese", "sliced-chese"],
    "locations": {
      "vic": {
        "price": 5,
        "promoText": "Was $6.45 on Aug 2018 ",
        "packageSize": "432g",
        "packagePrice": "$11.57 per 1Kg"
      }
    }
  },
  {
    "id": "kraft-singles-cheese-slices-light-individually-wrapped-12-pack",
    "brand": "Dairylea",
    "name": "Light Cheese Slices 12 Pack",
    "imageUrl": "https://shop.coles.com.au/wcsstore/Coles-CAS/images/3/1/5/315464-th.jpg",
    "categories": ["dairy-eggs-meals"],
    "tags": ["chese", "sliced-chese"],
    "locations": {
      "vic": {
        "price": 3.45,
        "promoText": " ",
        "packageSize": "216g",
        "packagePrice": "$15.97 per 1Kg"
      }
    }
  },
  {
    "id": "bega-so-light--cheese-slices-tasty-36-pack",
    "brand": "Bega",
    "name": "Light & Tasty Natural Cheese Slices 30 pack",
    "imageUrl": "https://shop.coles.com.au/wcsstore/Coles-CAS/images/9/1/8/9184139-th.jpg",
    "categories": ["dairy-eggs-meals"],
    "tags": ["chese", "sliced-chese"],
    "locations": {
      "vic": {
        "price": 9,
        "promoText": "Was $10.20 on Jan 2020 ",
        "packageSize": "500g",
        "packagePrice": "$18.00 per 1Kg"
      }
    }
  },
  {
    "id": "kraft-singles-cheese-slices-original-individually-wrapped-12-pack",
    "brand": "Dairylea",
    "name": "Original Cheese Slices 12 pack",
    "imageUrl": "https://shop.coles.com.au/wcsstore/Coles-CAS/images/1/9/2/192546-th.jpg",
    "categories": ["dairy-eggs-meals"],
    "tags": ["chese", "sliced-chese"],
    "locations": {
      "vic": {
        "price": 3.45,
        "promoText": " ",
        "packageSize": "216g",
        "packagePrice": "$15.97 per 1Kg"
      }
    }
  },
  {
    "id": "dairylea-burger-cheese-slices",
    "brand": "Dairylea",
    "name": "Burger Cheese Slices 12 Pack",
    "imageUrl": "https://shop.coles.com.au/wcsstore/Coles-CAS/images/2/9/8/2984261-th.jpg",
    "categories": ["dairy-eggs-meals"],
    "tags": ["chese", "sliced-chese"],
    "locations": {
      "vic": {
        "price": 3.5,
        "promoText": " ",
        "packageSize": "250g",
        "packagePrice": "$14.00 per 1Kg"
      }
    }
  },
  {
    "id": "coles-cheese-slices-vintage-12-pack",
    "brand": "Coles",
    "name": "Vintage Cheddar Cheese Slices 12 Pack",
    "imageUrl": "https://shop.coles.com.au/wcsstore/Coles-CAS/images/5/7/2/5726058-th.jpg",
    "categories": ["dairy-eggs-meals"],
    "tags": ["chese", "sliced-chese"],
    "locations": {
      "vic": {
        "price": 4.4,
        "promoText": " ",
        "packageSize": "250g",
        "packagePrice": "$17.60 per 1Kg"
      }
    }
  },
  {
    "id": "coles-monterey-jack-cheese-slices",
    "brand": "Coles",
    "name": "Monterey Jack Cheese Slices",
    "imageUrl": "https://shop.coles.com.au/wcsstore/Coles-CAS/images/3/2/7/3273510-th.jpg",
    "categories": ["dairy-eggs-meals"],
    "tags": ["chese", "sliced-chese"],
    "locations": {
      "vic": {
        "price": 4,
        "promoText": " ",
        "packageSize": "200g",
        "packagePrice": "$20.00 per 1Kg"
      }
    }
  },
  {
    "id": "kraft-cheddar-sandwich-cheese-slices",
    "brand": "Dairylea",
    "name": "Cheddar Cheese Slices 12 Pack",
    "imageUrl": "https://shop.coles.com.au/wcsstore/Coles-CAS/images/1/9/2/192535-th.jpg",
    "categories": ["dairy-eggs-meals"],
    "tags": ["chese", "sliced-chese"],
    "locations": {
      "vic": {
        "price": 3.5,
        "promoText": " ",
        "packageSize": "250g",
        "packagePrice": "$14.00 per 1Kg"
      }
    }
  },
  {
    "id": "liddells-cheese-slices-colby",
    "brand": "Liddells",
    "name": "Lactose Free Colby Cheese Slices",
    "imageUrl": "https://shop.coles.com.au/wcsstore/Coles-CAS/images/3/2/4/3241626-th.jpg",
    "categories": ["dairy-eggs-meals"],
    "tags": ["chese", "sliced-chese"],
    "locations": {
      "vic": {
        "price": 6.5,
        "promoText": " ",
        "packageSize": "250g",
        "packagePrice": "$26.00 per 1Kg"
      }
    }
  },
  {
    "id": "bega-so-light-cheese-slices-tasty-extra-light-12-pack",
    "brand": "Bega",
    "name": "Light & Tasty Natural Cheese Slices 12 pack",
    "imageUrl": "https://shop.coles.com.au/wcsstore/Coles-CAS/images/9/4/0/9400960-th.jpg",
    "categories": ["dairy-eggs-meals"],
    "tags": ["chese", "sliced-chese"],
    "locations": {
      "vic": {
        "price": 6,
        "promoText": " ",
        "packageSize": "250g",
        "packagePrice": "$2.40 per 100G"
      }
    }
  },
  {
    "id": "coles-cheese-australian-tasty-light-slices",
    "brand": "Coles",
    "name": "Tasty Light Cheddar Cheese Slices 12 Pack",
    "imageUrl": "https://shop.coles.com.au/wcsstore/Coles-CAS/images/1/4/7/1472184-th.jpg",
    "categories": ["dairy-eggs-meals"],
    "tags": ["chese", "sliced-chese"],
    "locations": {
      "vic": {
        "price": 4.4,
        "promoText": " ",
        "packageSize": "250g",
        "packagePrice": "$1.76 per 100G"
      }
    }
  },
  {
    "id": "coles-wensleydale-cranberry-3331784p",
    "brand": "Coles",
    "name": "Wensleydale With Cranberries",
    "imageUrl": "https://shop.coles.com.au/wcsstore/Coles-CAS/images/3/3/3/3331784-th.jpg",
    "categories": ["dairy-eggs-meals"],
    "tags": ["chese", "sliced-chese"],
    "locations": {
      "vic": {
        "price": 0,
        "promoText": " ",
        "packageSize": "200g",
        "packagePrice": ""
      }
    }
  },
  {
    "id": "devondale-regular-cheese-slices",
    "brand": "Devondale",
    "name": "Sandwich Cheese Slices 36 Pack",
    "imageUrl": "https://shop.coles.com.au/wcsstore/Coles-CAS/images/2/7/9/2791814-th.jpg",
    "categories": ["dairy-eggs-meals"],
    "tags": ["chese", "sliced-chese"],
    "locations": {
      "vic": {
        "price": 6.9,
        "promoText": " ",
        "packageSize": "750g",
        "packagePrice": "$0.92 per 100G"
      }
    }
  },
  {
    "id": "sheese-mature-cheddar-style-slices",
    "brand": "Sheese",
    "name": "Mature Cheddar Style Slices",
    "imageUrl": "https://shop.coles.com.au/wcsstore/Coles-CAS/images/3/5/6/3561503-th.jpg",
    "categories": ["dairy-eggs-meals"],
    "tags": ["chese", "sliced-chese"],
    "locations": {
      "vic": {
        "price": 6.5,
        "promoText": " ",
        "packageSize": "200g",
        "packagePrice": "$32.50 per 1Kg"
      }
    }
  },
  {
    "id": "chobani-flip--strawberry-cheesecake-yoghurt",
    "brand": "Chobani",
    "name": "Flip Strawberry Shortcake Yoghurt",
    "imageUrl": "https://shop.coles.com.au/wcsstore/Coles-CAS/images/2/9/7/2974982-th.jpg",
    "categories": ["dairy-eggs-meals"],
    "tags": ["dairy", "yoghurt"],
    "locations": {
      "vic": {
        "price": 3,
        "promoText": " ",
        "packageSize": "140g",
        "packagePrice": "$2.14 per 100G"
      }
    }
  },
  {
    "id": "chobani--flip-almond-coco-loco-yoghurt",
    "brand": "Chobani",
    "name": "Flip Almond Coco Loco Yoghurt",
    "imageUrl": "https://shop.coles.com.au/wcsstore/Coles-CAS/images/2/9/7/2974891-th.jpg",
    "categories": ["dairy-eggs-meals"],
    "tags": ["dairy", "yoghurt"],
    "locations": {
      "vic": {
        "price": 3,
        "promoText": " ",
        "packageSize": "140g",
        "packagePrice": "$2.14 per 100G"
      }
    }
  },
  {
    "id": "chobani--flip-salted-caramel-crunch-yoghurt",
    "brand": "Chobani",
    "name": "Flip Salted Caramel Crunch Yoghurt",
    "imageUrl": "https://shop.coles.com.au/wcsstore/Coles-CAS/images/2/9/7/2974950-th.jpg",
    "categories": ["dairy-eggs-meals"],
    "tags": ["dairy", "yoghurt"],
    "locations": {
      "vic": {
        "price": 3,
        "promoText": " ",
        "packageSize": "140g",
        "packagePrice": "$2.14 per 100G"
      }
    }
  },
  {
    "id": "farmers-union-yoghurt-greek-style-natural-5266865p",
    "brand": "Farmers Union",
    "name": "Greek Style Natural Yoghurt",
    "imageUrl": "https://shop.coles.com.au/wcsstore/Coles-CAS/images/5/2/6/5266865-th.jpg",
    "categories": ["dairy-eggs-meals"],
    "tags": ["dairy", "yoghurt"],
    "locations": {
      "vic": {
        "price": 5.5,
        "promoText": " ",
        "packageSize": "1kg",
        "packagePrice": "$0.55 per 100G"
      }
    }
  },
  {
    "id": "jalna-yoghurt-greek-style-natural",
    "brand": "Jalna",
    "name": "Pot Set Greek Style Natural Yoghurt",
    "imageUrl": "https://shop.coles.com.au/wcsstore/Coles-CAS/images/7/2/5/7250935-th.jpg",
    "categories": ["dairy-eggs-meals"],
    "tags": ["dairy", "yoghurt"],
    "locations": {
      "vic": {
        "price": 7.5,
        "promoText": " ",
        "packageSize": "1kg",
        "packagePrice": "$0.75 per 100G"
      }
    }
  },
  {
    "id": "tamar-valley-kids-valley-strawberry-yoghurt-pouch",
    "brand": "Tamar Valley",
    "name": "Kids Greek Strawberry Yoghurt Pouch",
    "imageUrl": "https://shop.coles.com.au/wcsstore/Coles-CAS/images/2/7/4/2744359-th.jpg",
    "categories": ["dairy-eggs-meals"],
    "tags": ["dairy", "yoghurt"],
    "locations": {
      "vic": {
        "price": 1.7,
        "promoText": " ",
        "packageSize": "110g",
        "packagePrice": "$1.55 per 100G"
      }
    }
  },
  {
    "id": "farmers-union-yoghurt-greek-style-natural-5588963p",
    "brand": "Farmers Union",
    "name": "Greek Style Natural Yoghurt",
    "imageUrl": "https://shop.coles.com.au/wcsstore/Coles-CAS/images/5/5/8/5588963-th.jpg",
    "categories": ["dairy-eggs-meals"],
    "tags": ["dairy", "yoghurt"],
    "locations": {
      "vic": {
        "price": 4.3,
        "promoText": " ",
        "packageSize": "500g",
        "packagePrice": "$0.86 per 100G"
      }
    }
  },
  {
    "id": "vaalia-yoghurt-kids-pouch-strawberry",
    "brand": "Vaalia",
    "name": "Kids Strawberry Yoghurt Pouch",
    "imageUrl": "https://shop.coles.com.au/wcsstore/Coles-CAS/images/7/2/4/7246880-th.jpg",
    "categories": ["dairy-eggs-meals"],
    "tags": ["dairy", "yoghurt"],
    "locations": {
      "vic": {
        "price": 1.6,
        "promoText": " ",
        "packageSize": "140g",
        "packagePrice": "$1.14 per 100G"
      }
    }
  },
  {
    "id": "tamar-valley-kids-greek-tropical-yoghurt-pouch",
    "brand": "Tamar Valley",
    "name": "Kids Natural Greek Tropical Yoghurt Pouch",
    "imageUrl": "https://shop.coles.com.au/wcsstore/Coles-CAS/images/2/7/4/2744360-th.jpg",
    "categories": ["dairy-eggs-meals"],
    "tags": ["dairy", "yoghurt"],
    "locations": {
      "vic": {
        "price": 1.7,
        "promoText": " ",
        "packageSize": "110g",
        "packagePrice": "$1.55 per 100G"
      }
    }
  },
  {
    "id": "tamar-valley-kids-greek-pouch-yoghurt-raspberry",
    "brand": "Tamar Valley",
    "name": "Kids Greek Natural Raspberry Yoghurt Pouch",
    "imageUrl": "https://shop.coles.com.au/wcsstore/Coles-CAS/images/3/2/4/3245570-th.jpg",
    "categories": ["dairy-eggs-meals"],
    "tags": ["dairy", "yoghurt"],
    "locations": {
      "vic": {
        "price": 1.7,
        "promoText": " ",
        "packageSize": "110g",
        "packagePrice": "$1.55 per 100G"
      }
    }
  },
  {
    "id": "chobani-yoghurt-plain-1435100p",
    "brand": "Chobani",
    "name": "Low Fat Plain Yoghurt",
    "imageUrl": "https://shop.coles.com.au/wcsstore/Coles-CAS/images/1/4/3/1435100-th.jpg",
    "categories": ["dairy-eggs-meals"],
    "tags": ["dairy", "yoghurt"],
    "locations": {
      "vic": {
        "price": 5.5,
        "promoText": "$1.00 ",
        "packageSize": "907g",
        "packagePrice": "$0.61 per 100G"
      }
    }
  },
  {
    "id": "tamar-valley-greek-yoghurt",
    "brand": "Tamar Valley",
    "name": "Greek Yoghurt",
    "imageUrl": "https://shop.coles.com.au/wcsstore/Coles-CAS/images/2/1/3/2130299-th.jpg",
    "categories": ["dairy-eggs-meals"],
    "tags": ["dairy", "yoghurt"],
    "locations": {
      "vic": {
        "price": 6.2,
        "promoText": " ",
        "packageSize": "1kg",
        "packagePrice": "$0.62 per 100G"
      }
    }
  },
  {
    "id": "tamar-valley-kids-greek-vanilla-yoghurt-pouch",
    "brand": "Tamar Valley",
    "name": "Kids Greek Vanilla Yoghurt Pouch",
    "imageUrl": "https://shop.coles.com.au/wcsstore/Coles-CAS/images/2/7/4/2744348-th.jpg",
    "categories": ["dairy-eggs-meals"],
    "tags": ["dairy", "yoghurt"],
    "locations": {
      "vic": {
        "price": 1.7,
        "promoText": " ",
        "packageSize": "110g",
        "packagePrice": "$1.55 per 100G"
      }
    }
  },
  {
    "id": "farmers-union-regular-greek-yoghurt",
    "brand": "Farmers Union",
    "name": "Regular Greek Yoghurt 4 pack",
    "imageUrl": "https://shop.coles.com.au/wcsstore/Coles-CAS/images/1/8/7/1870573-th.jpg",
    "categories": ["dairy-eggs-meals"],
    "tags": ["dairy", "yoghurt"],
    "locations": {
      "vic": {
        "price": 4.2,
        "promoText": "$1.00 ",
        "packageSize": "640g",
        "packagePrice": "$0.66 per 100G"
      }
    }
  },
  {
    "id": "gippsland-dairy-yoghurt-smooth-creamy-twist",
    "brand": "Gippsland Dairy",
    "name": "Smooth & Creamy Yoghurt",
    "imageUrl": "https://shop.coles.com.au/wcsstore/Coles-CAS/images/6/5/6/6560008-th.jpg",
    "categories": ["dairy-eggs-meals"],
    "tags": ["dairy", "yoghurt"],
    "locations": {
      "vic": {
        "price": 7,
        "promoText": " ",
        "packageSize": "720g",
        "packagePrice": "$0.97 per 100G"
      }
    }
  },
  {
    "id": "chobani-yogurt-strawberry",
    "brand": "Chobani",
    "name": "Strawberry Yoghurt Pot",
    "imageUrl": "https://shop.coles.com.au/wcsstore/Coles-CAS/images/9/9/0/9907236-th.jpg",
    "categories": ["dairy-eggs-meals"],
    "tags": ["dairy", "yoghurt"],
    "locations": {
      "vic": {
        "price": 1.8,
        "promoText": "Was $2.00 on May 2020 ",
        "packageSize": "170g",
        "packagePrice": "$1.06 per 100G"
      }
    }
  },
  {
    "id": "five%3Aam-yoghurt-vanilla-bean",
    "brand": "Five:AM",
    "name": "Organic Vanilla Bean Yoghurt",
    "imageUrl": "https://shop.coles.com.au/wcsstore/Coles-CAS/images/1/4/3/1436125-th.jpg",
    "categories": ["dairy-eggs-meals"],
    "tags": ["dairy", "yoghurt"],
    "locations": {
      "vic": {
        "price": 6,
        "promoText": "Was $7.00 on Jan 2017 ",
        "packageSize": "700g",
        "packagePrice": "$0.86 per 100G"
      }
    }
  },
  {
    "id": "coles-greek-style-yoghurt",
    "brand": "Coles",
    "name": "Greek Style Natural Yoghurt",
    "imageUrl": "https://shop.coles.com.au/wcsstore/Coles-CAS/images/2/2/7/2273478-th.jpg",
    "categories": ["dairy-eggs-meals"],
    "tags": ["dairy", "yoghurt"],
    "locations": {
      "vic": {
        "price": 3.9,
        "promoText": " ",
        "packageSize": "1kg",
        "packagePrice": "$0.39 per 100G"
      }
    }
  },
  {
    "id": "jalna-yoghurt-premium-creamy-vanilla",
    "brand": "Jalna",
    "name": "Pot Set Creamy Vanilla Yoghurt",
    "imageUrl": "https://shop.coles.com.au/wcsstore/Coles-CAS/images/8/7/2/8724423-th.jpg",
    "categories": ["dairy-eggs-meals"],
    "tags": ["dairy", "yoghurt"],
    "locations": {
      "vic": {
        "price": 7.5,
        "promoText": " ",
        "packageSize": "1kg",
        "packagePrice": "$0.75 per 100G"
      }
    }
  },
  {
    "id": "yoplait-yoghurt-squeezie-pouch-strawberry",
    "brand": "Yoplait",
    "name": "Petit Miam Squeezie Strawberry Yoghurt Pouch",
    "imageUrl": "https://shop.coles.com.au/wcsstore/Coles-CAS/images/6/5/6/6569239-th.jpg",
    "categories": ["dairy-eggs-meals"],
    "tags": ["dairy", "yoghurt"],
    "locations": {
      "vic": {
        "price": 0.9,
        "promoText": "Was $1.00 on Jun 2019 ",
        "packageSize": "70g",
        "packagePrice": "$1.29 per 100G"
      }
    }
  },
  {
    "id": "coles-yoghurt-squeezie-banana",
    "brand": "Coles",
    "name": "Banana Yoghurt Pouch",
    "imageUrl": "https://shop.coles.com.au/wcsstore/Coles-CAS/images/1/0/1/1013493-th.jpg",
    "categories": ["dairy-eggs-meals"],
    "tags": ["dairy", "yoghurt"],
    "locations": {
      "vic": {
        "price": 0.75,
        "promoText": " ",
        "packageSize": "70g",
        "packagePrice": "$1.07 per 100G"
      }
    }
  },
  {
    "id": "coles-yoghurt-squeezie-strawberry",
    "brand": "Coles",
    "name": "Strawberry Yoghurt Pouch",
    "imageUrl": "https://shop.coles.com.au/wcsstore/Coles-CAS/images/1/0/1/1013471-th.jpg",
    "categories": ["dairy-eggs-meals"],
    "tags": ["dairy", "yoghurt"],
    "locations": {
      "vic": {
        "price": 0.75,
        "promoText": " ",
        "packageSize": "70g",
        "packagePrice": "$1.07 per 100G"
      }
    }
  },
  {
    "id": "jalna-yoghurt-greek-style-natural-5763167p",
    "brand": "Jalna",
    "name": "Pot Set Greek Style Natural Yoghurt",
    "imageUrl": "https://shop.coles.com.au/wcsstore/Coles-CAS/images/5/7/6/5763167-th.jpg",
    "categories": ["dairy-eggs-meals"],
    "tags": ["dairy", "yoghurt"],
    "locations": {
      "vic": {
        "price": 11.95,
        "promoText": " ",
        "packageSize": "2kg",
        "packagePrice": "$0.60 per 100G"
      }
    }
  },
  {
    "id": "chobani-yoghurt-pouch-strawberry",
    "brand": "Chobani",
    "name": "Strawberry Yoghurt Pouch",
    "imageUrl": "https://shop.coles.com.au/wcsstore/Coles-CAS/images/1/4/3/1434684-th.jpg",
    "categories": ["dairy-eggs-meals"],
    "tags": ["dairy", "yoghurt"],
    "locations": {
      "vic": {
        "price": 2.25,
        "promoText": " ",
        "packageSize": "140g",
        "packagePrice": "$1.61 per 100G"
      }
    }
  },
  {
    "id": "tamar-valley-kids-greek-pouch-yoghurt-blueberry",
    "brand": "Tamar Valley",
    "name": "Kids Greek Blueberry Yoghurt Pouch",
    "imageUrl": "https://shop.coles.com.au/wcsstore/Coles-CAS/images/3/0/8/3089157-th.jpg",
    "categories": ["dairy-eggs-meals"],
    "tags": ["dairy", "yoghurt"],
    "locations": {
      "vic": {
        "price": 1.7,
        "promoText": " ",
        "packageSize": "110g",
        "packagePrice": "$1.55 per 100G"
      }
    }
  },
  {
    "id": "vaalia-yoghurt-kids-pouch-tropical",
    "brand": "Vaalia",
    "name": "Kids Tropical Yoghurt Pouch",
    "imageUrl": "https://shop.coles.com.au/wcsstore/Coles-CAS/images/7/2/4/7246870-th.jpg",
    "categories": ["dairy-eggs-meals"],
    "tags": ["dairy", "yoghurt"],
    "locations": {
      "vic": {
        "price": 1.6,
        "promoText": " ",
        "packageSize": "140g",
        "packagePrice": "$1.14 per 100G"
      }
    }
  },
  {
    "id": "chobani-yoghurt-plain",
    "brand": "Chobani",
    "name": "Plain Yoghurt Pot",
    "imageUrl": "https://shop.coles.com.au/wcsstore/Coles-CAS/images/9/9/0/9906970-th.jpg",
    "categories": ["dairy-eggs-meals"],
    "tags": ["dairy", "yoghurt"],
    "locations": {
      "vic": {
        "price": 1.8,
        "promoText": "Was $2.00 on May 2020 ",
        "packageSize": "170g",
        "packagePrice": "$1.06 per 100G"
      }
    }
  },
  {
    "id": "farmers-union-yoghurt-greek-style-natural",
    "brand": "Farmers Union",
    "name": "Greek Style Natural Yoghurt",
    "imageUrl": "https://shop.coles.com.au/wcsstore/Coles-CAS/images/5/7/3/5735558-th.jpg",
    "categories": ["dairy-eggs-meals"],
    "tags": ["dairy", "yoghurt"],
    "locations": {
      "vic": {
        "price": 2.3,
        "promoText": " ",
        "packageSize": "200g",
        "packagePrice": "$1.15 per 100G"
      }
    }
  },
  {
    "id": "five%3Aam-yoghurt-no-added-sugar-natural",
    "brand": "Five:AM",
    "name": "Organic Natural Yoghurt",
    "imageUrl": "https://shop.coles.com.au/wcsstore/Coles-CAS/images/1/4/3/1436114-th.jpg",
    "categories": ["dairy-eggs-meals"],
    "tags": ["dairy", "yoghurt"],
    "locations": {
      "vic": {
        "price": 6,
        "promoText": "Was $7.00 on Jan 2017 ",
        "packageSize": "700g",
        "packagePrice": "$0.86 per 100G"
      }
    }
  },
  {
    "id": "chobani-yoghurt-mango",
    "brand": "Chobani",
    "name": "Mango Yoghurt Pot",
    "imageUrl": "https://shop.coles.com.au/wcsstore/Coles-CAS/images/9/9/0/9907010-th.jpg",
    "categories": ["dairy-eggs-meals"],
    "tags": ["dairy", "yoghurt"],
    "locations": {
      "vic": {
        "price": 1.8,
        "promoText": "Was $2.00 on May 2020 ",
        "packageSize": "170g",
        "packagePrice": "$1.06 per 100G"
      }
    }
  },
  {
    "id": "chobani-yoghurt-blueberry",
    "brand": "Chobani",
    "name": "Blueberry Yoghurt Pot",
    "imageUrl": "https://shop.coles.com.au/wcsstore/Coles-CAS/images/9/9/0/9907043-th.jpg",
    "categories": ["dairy-eggs-meals"],
    "tags": ["dairy", "yoghurt"],
    "locations": {
      "vic": {
        "price": 1.8,
        "promoText": "Was $2.00 on May 2020 ",
        "packageSize": "170g",
        "packagePrice": "$1.06 per 100G"
      }
    }
  },
  {
    "id": "chobani-yoghurt-passionfruit",
    "brand": "Chobani",
    "name": "Passion Fruit Yoghurt Pot",
    "imageUrl": "https://shop.coles.com.au/wcsstore/Coles-CAS/images/9/9/0/9907203-th.jpg",
    "categories": ["dairy-eggs-meals"],
    "tags": ["dairy", "yoghurt"],
    "locations": {
      "vic": {
        "price": 1.8,
        "promoText": "Was $2.00 on May 2020 ",
        "packageSize": "170g",
        "packagePrice": "$1.06 per 100G"
      }
    }
  },
  {
    "id": "vaalia-yoghurt-kids-pouch-vanilla",
    "brand": "Vaalia",
    "name": "Kids Vanilla Yoghurt Pouch",
    "imageUrl": "https://shop.coles.com.au/wcsstore/Coles-CAS/images/7/2/4/7246869-th.jpg",
    "categories": ["dairy-eggs-meals"],
    "tags": ["dairy", "yoghurt"],
    "locations": {
      "vic": {
        "price": 1.6,
        "promoText": " ",
        "packageSize": "140g",
        "packagePrice": "$1.14 per 100G"
      }
    }
  },
  {
    "id": "vaalia-yoghurt-kids-pouch-banana",
    "brand": "Vaalia",
    "name": "Probiotics Banana Kids Yoghurt Pouch",
    "imageUrl": "https://shop.coles.com.au/wcsstore/Coles-CAS/images/8/7/0/8704346-th.jpg",
    "categories": ["dairy-eggs-meals"],
    "tags": ["dairy", "yoghurt"],
    "locations": {
      "vic": {
        "price": 1.6,
        "promoText": " ",
        "packageSize": "140g",
        "packagePrice": "$1.14 per 100G"
      }
    }
  },
  {
    "id": "activia-yoghurt-berries-low-fat-4-pack",
    "brand": "Activia",
    "name": "Probiotic Berries Yoghurt 4 pack",
    "imageUrl": "https://shop.coles.com.au/wcsstore/Coles-CAS/images/8/1/6/8169435-th.jpg",
    "categories": ["dairy-eggs-meals"],
    "tags": ["dairy", "yoghurt"],
    "locations": {
      "vic": {
        "price": 4.5,
        "promoText": " ",
        "packageSize": "125g",
        "packagePrice": "$3.60 per 100G"
      }
    }
  },
  {
    "id": "chobani-strawberry-banana-yoghurt",
    "brand": "Chobani",
    "name": "Strawberry & Banana Yoghurt",
    "imageUrl": "https://shop.coles.com.au/wcsstore/Coles-CAS/images/2/3/6/2367221-th.jpg",
    "categories": ["dairy-eggs-meals"],
    "tags": ["dairy", "yoghurt"],
    "locations": {
      "vic": {
        "price": 1.8,
        "promoText": "Was $2.00 on May 2020 ",
        "packageSize": "170g",
        "packagePrice": "$1.06 per 100G"
      }
    }
  },
  {
    "id": "coles-squeezie-blueberry-yoghurt",
    "brand": "Coles",
    "name": "Blueberry Yoghurt Pouch",
    "imageUrl": "https://shop.coles.com.au/wcsstore/Coles-CAS/images/3/0/4/3049742-th.jpg",
    "categories": ["dairy-eggs-meals"],
    "tags": ["dairy", "yoghurt"],
    "locations": {
      "vic": {
        "price": 0.75,
        "promoText": " ",
        "packageSize": "70g",
        "packagePrice": "$1.07 per 100G"
      }
    }
  },
  {
    "id": "farmers-union-greek-style-vanilla-yogurt",
    "brand": "Farmers Union",
    "name": "Greek Style Vanilla Yoghurt",
    "imageUrl": "https://shop.coles.com.au/wcsstore/Coles-CAS/images/2/7/4/2744676-th.jpg",
    "categories": ["dairy-eggs-meals"],
    "tags": ["dairy", "yoghurt"],
    "locations": {
      "vic": {
        "price": 5.5,
        "promoText": " ",
        "packageSize": "950g",
        "packagePrice": "$0.58 per 100G"
      }
    }
  },
  {
    "id": "gippsland-dairy-yoghurt-twist-passionfruit",
    "brand": "Gippsland Dairy",
    "name": "Passionfruit Twist Yoghurt",
    "imageUrl": "https://shop.coles.com.au/wcsstore/Coles-CAS/images/9/9/0/9907994-th.jpg",
    "categories": ["dairy-eggs-meals"],
    "tags": ["dairy", "yoghurt"],
    "locations": {
      "vic": {
        "price": 1.5,
        "promoText": " ",
        "packageSize": "160g",
        "packagePrice": "$0.94 per 100G"
      }
    }
  },
  {
    "id": "tamar-valley-yoghurt-greek-style-170g",
    "brand": "Tamar Valley",
    "name": "Greek Style Natural Yoghurt",
    "imageUrl": "https://shop.coles.com.au/wcsstore/Coles-CAS/images/3/5/5/3558258-th.jpg",
    "categories": ["dairy-eggs-meals"],
    "tags": ["dairy", "yoghurt"],
    "locations": {
      "vic": {
        "price": 1.5,
        "promoText": "$0.75 ",
        "packageSize": "170g",
        "packagePrice": "$0.88 per 100G"
      }
    }
  },
  {
    "id": "yoplait-squeezie-vanilla-yoghurt-pouch",
    "brand": "Yoplait",
    "name": "Petit Miam Vanilla Yoghurt Pouch",
    "imageUrl": "https://shop.coles.com.au/wcsstore/Coles-CAS/images/2/7/4/2744734-th.jpg",
    "categories": ["dairy-eggs-meals"],
    "tags": ["dairy", "yoghurt"],
    "locations": {
      "vic": {
        "price": 0.9,
        "promoText": "Was $1.00 on Jun 2019 ",
        "packageSize": "70g",
        "packagePrice": "$1.29 per 100G"
      }
    }
  },
  {
    "id": "coles-yoghurt-strawberry",
    "brand": "Coles",
    "name": "Strawberry Yoghurt",
    "imageUrl": "https://shop.coles.com.au/wcsstore/Coles-CAS/images/9/5/5/9554497-th.jpg",
    "categories": ["dairy-eggs-meals"],
    "tags": ["dairy", "yoghurt"],
    "locations": {
      "vic": {
        "price": 3.5,
        "promoText": " ",
        "packageSize": "1kg",
        "packagePrice": "$3.50 per 1Kg"
      }
    }
  },
  {
    "id": "coles-yoghurt-squeezie-vanilla",
    "brand": "Coles",
    "name": "Vanilla Yoghurt Pouch",
    "imageUrl": "https://shop.coles.com.au/wcsstore/Coles-CAS/images/1/0/1/1013675-th.jpg",
    "categories": ["dairy-eggs-meals"],
    "tags": ["dairy", "yoghurt"],
    "locations": {
      "vic": {
        "price": 0.75,
        "promoText": " ",
        "packageSize": "70g",
        "packagePrice": "$1.07 per 100G"
      }
    }
  },
  {
    "id": "jalna-yoghurt-biodynamic-organic-whole-milk",
    "brand": "Jalna",
    "name": "Pot Set Organic Bio Dynamic Whole Milk Yoghurt",
    "imageUrl": "https://shop.coles.com.au/wcsstore/Coles-CAS/images/9/0/5/9056707-th.jpg",
    "categories": ["dairy-eggs-meals"],
    "tags": ["dairy", "yoghurt"],
    "locations": {
      "vic": {
        "price": 7.95,
        "promoText": " ",
        "packageSize": "1kg",
        "packagePrice": "$7.95 per 1Kg"
      }
    }
  },
  {
    "id": "yoplait-yoghurt-squeezie-pouch-blueberry",
    "brand": "Yoplait",
    "name": "Petit Miam Blueberry Yoghurt Squeezie Pouch",
    "imageUrl": "https://shop.coles.com.au/wcsstore/Coles-CAS/images/8/1/2/8126057-th.jpg",
    "categories": ["dairy-eggs-meals"],
    "tags": ["dairy", "yoghurt"],
    "locations": {
      "vic": {
        "price": 0.9,
        "promoText": "Was $1.00 on Jun 2019 ",
        "packageSize": "70g",
        "packagePrice": "$1.29 per 100G"
      }
    }
  },
  {
    "id": "chobani-yoghurt-pouch-blueberry",
    "brand": "Chobani",
    "name": "Blueberry Yoghurt Pouch",
    "imageUrl": "https://shop.coles.com.au/wcsstore/Coles-CAS/images/1/4/3/1434720-th.jpg",
    "categories": ["dairy-eggs-meals"],
    "tags": ["dairy", "yoghurt"],
    "locations": {
      "vic": {
        "price": 2.25,
        "promoText": " ",
        "packageSize": "140g",
        "packagePrice": "$1.61 per 100G"
      }
    }
  },
  {
    "id": "chobani-raspberry-yoghurt-pouch",
    "brand": "Chobani",
    "name": "Raspberry Yoghurt Pouch",
    "imageUrl": "https://shop.coles.com.au/wcsstore/Coles-CAS/images/1/8/7/1872885-th.jpg",
    "categories": ["dairy-eggs-meals"],
    "tags": ["dairy", "yoghurt"],
    "locations": {
      "vic": {
        "price": 2.25,
        "promoText": " ",
        "packageSize": "140g",
        "packagePrice": "$1.61 per 100G"
      }
    }
  },
  {
    "id": "gippsland-twist-toffee-honeycomb-yoghurt",
    "brand": "Gippsland Dairy",
    "name": "Toffee & Honeycomb Twist Yoghurt",
    "imageUrl": "https://shop.coles.com.au/wcsstore/Coles-CAS/images/1/8/7/1872900-th.jpg",
    "categories": ["dairy-eggs-meals"],
    "tags": ["dairy", "yoghurt"],
    "locations": {
      "vic": {
        "price": 7,
        "promoText": " ",
        "packageSize": "720g",
        "packagePrice": "$0.97 per 100G"
      }
    }
  },
  {
    "id": "jalna-yoghurt-natural-fat-free",
    "brand": "Jalna",
    "name": "Pot Set Fat Free Natural Yoghurt",
    "imageUrl": "https://shop.coles.com.au/wcsstore/Coles-CAS/images/4/5/5/455827-th.jpg",
    "categories": ["dairy-eggs-meals"],
    "tags": ["dairy", "yoghurt"],
    "locations": {
      "vic": {
        "price": 7.5,
        "promoText": " ",
        "packageSize": "1kg",
        "packagePrice": "$0.75 per 100G"
      }
    }
  },
  {
    "id": "jalna-yoghurt-greek-style-sweet-creamy",
    "brand": "Jalna",
    "name": "Greek Style Sweet & Creamy Yoghurt",
    "imageUrl": "https://shop.coles.com.au/wcsstore/Coles-CAS/images/1/4/3/1438540-th.jpg",
    "categories": ["dairy-eggs-meals"],
    "tags": ["dairy", "yoghurt"],
    "locations": {
      "vic": {
        "price": 7.5,
        "promoText": " ",
        "packageSize": "1kg",
        "packagePrice": "$0.75 per 100G"
      }
    }
  },
  {
    "id": "yoplait-yoghurt-mango",
    "brand": "Yoplait",
    "name": "Mango Yoghurt",
    "imageUrl": "https://shop.coles.com.au/wcsstore/Coles-CAS/images/5/8/9/5892512-th.jpg",
    "categories": ["dairy-eggs-meals"],
    "tags": ["dairy", "yoghurt"],
    "locations": {
      "vic": {
        "price": 4,
        "promoText": " ",
        "packageSize": "1kg",
        "packagePrice": "$0.40 per 100G"
      }
    }
  },
  {
    "id": "coyo-organic-yoghurt-vanilla-bean",
    "brand": "Coyo",
    "name": "Organic Coconut With Vanilla Bean Yoghurt",
    "imageUrl": "https://shop.coles.com.au/wcsstore/Coles-CAS/images/2/9/9/2993466-th.jpg",
    "categories": ["dairy-eggs-meals"],
    "tags": ["dairy", "yoghurt"],
    "locations": {
      "vic": {
        "price": 10,
        "promoText": " ",
        "packageSize": "500g",
        "packagePrice": "$2.00 per 100G"
      }
    }
  },
  {
    "id": "df-thick-creamy-apricot-vanilla-yoghurt",
    "brand": "Dairy Farmers",
    "name": "Thick & Creamy Apricot Vanilla Yoghurt",
    "imageUrl": "https://shop.coles.com.au/wcsstore/Coles-CAS/images/3/2/4/3242786-th.jpg",
    "categories": ["dairy-eggs-meals"],
    "tags": ["dairy", "yoghurt"],
    "locations": {
      "vic": {
        "price": 2.2,
        "promoText": " ",
        "packageSize": "150g",
        "packagePrice": "$1.47 per 100G"
      }
    }
  },
  {
    "id": "farmers-union-greek-yoghurt-strawberry-pouch",
    "brand": "Farmers Union",
    "name": "Greek Style Strawberry Yoghurt Pouch",
    "imageUrl": "https://shop.coles.com.au/wcsstore/Coles-CAS/images/3/2/5/3251415-th.jpg",
    "categories": ["dairy-eggs-meals"],
    "tags": ["dairy", "yoghurt"],
    "locations": {
      "vic": {
        "price": 1.5,
        "promoText": "Was $2.25 on Sep 2019 ",
        "packageSize": "130g",
        "packagePrice": "$1.15 per 100G"
      }
    }
  },
  {
    "id": "gippsland-dairy-yoghurt-twist-blueberry",
    "brand": "Gippsland Dairy",
    "name": "Blueberry Twist Yoghurt",
    "imageUrl": "https://shop.coles.com.au/wcsstore/Coles-CAS/images/6/9/4/6941577-th.jpg",
    "categories": ["dairy-eggs-meals"],
    "tags": ["dairy", "yoghurt"],
    "locations": {
      "vic": {
        "price": 7,
        "promoText": " ",
        "packageSize": "720g",
        "packagePrice": "$0.97 per 100G"
      }
    }
  },
  {
    "id": "yoplait-yoghurt-strawberry",
    "brand": "Yoplait",
    "name": "Strawberry Yoghurt",
    "imageUrl": "https://shop.coles.com.au/wcsstore/Coles-CAS/images/5/5/8/5586017-th.jpg",
    "categories": ["dairy-eggs-meals"],
    "tags": ["dairy", "yoghurt"],
    "locations": {
      "vic": {
        "price": 4,
        "promoText": " ",
        "packageSize": "1kg",
        "packagePrice": "$0.40 per 100G"
      }
    }
  },
  {
    "id": "yoplait-yoghurt-vanilla",
    "brand": "Yoplait",
    "name": "Vanilla Yoghurt",
    "imageUrl": "https://shop.coles.com.au/wcsstore/Coles-CAS/images/8/7/1/8716913-th.jpg",
    "categories": ["dairy-eggs-meals"],
    "tags": ["dairy", "yoghurt"],
    "locations": {
      "vic": {
        "price": 4,
        "promoText": " ",
        "packageSize": "1kg",
        "packagePrice": "$4.00 per 1L"
      }
    }
  },
  {
    "id": "yoplait-yoghurt-squeezie-pouch-banana",
    "brand": "Yoplait",
    "name": "Petit Miam Squeezie Banana Yoghurt Pouch",
    "imageUrl": "https://shop.coles.com.au/wcsstore/Coles-CAS/images/6/5/6/6569240-th.jpg",
    "categories": ["dairy-eggs-meals"],
    "tags": ["dairy", "yoghurt"],
    "locations": {
      "vic": {
        "price": 0.9,
        "promoText": "Was $1.00 on Jun 2019 ",
        "packageSize": "70g",
        "packagePrice": "$1.29 per 100G"
      }
    }
  },
  {
    "id": "chobani-yoghurt-raspberry",
    "brand": "Chobani",
    "name": "Raspberry Yoghurt",
    "imageUrl": "https://shop.coles.com.au/wcsstore/Coles-CAS/images/1/1/9/1198297-th.jpg",
    "categories": ["dairy-eggs-meals"],
    "tags": ["dairy", "yoghurt"],
    "locations": {
      "vic": {
        "price": 1.8,
        "promoText": "Was $2.00 on May 2020 ",
        "packageSize": "170g",
        "packagePrice": "$1.06 per 100G"
      }
    }
  },
  {
    "id": "chobani-greek-whole-milk-4-yoghurt",
    "brand": "Chobani",
    "name": "Whole Milk Plain Yoghurt",
    "imageUrl": "https://shop.coles.com.au/wcsstore/Coles-CAS/images/2/7/4/2745340-th.jpg",
    "categories": ["dairy-eggs-meals"],
    "tags": ["dairy", "yoghurt"],
    "locations": {
      "vic": {
        "price": 5.5,
        "promoText": "$1.00 ",
        "packageSize": "907g",
        "packagePrice": "$0.61 per 100G"
      }
    }
  },
  {
    "id": "chobani-yoghurt-vanilla-pouch",
    "brand": "Chobani",
    "name": "Vanilla Yoghurt Pouch",
    "imageUrl": "https://shop.coles.com.au/wcsstore/Coles-CAS/images/3/0/8/3088110-th.jpg",
    "categories": ["dairy-eggs-meals"],
    "tags": ["dairy", "yoghurt"],
    "locations": {
      "vic": {
        "price": 2.25,
        "promoText": " ",
        "packageSize": "140g",
        "packagePrice": "$1.61 per 100G"
      }
    }
  },
  {
    "id": "coles-yoghurt-vanilla-98%25-fat-free",
    "brand": "Coles",
    "name": "Vanilla Yoghurt",
    "imageUrl": "https://shop.coles.com.au/wcsstore/Coles-CAS/images/9/5/5/9554500-th.jpg",
    "categories": ["dairy-eggs-meals"],
    "tags": ["dairy", "yoghurt"],
    "locations": {
      "vic": {
        "price": 3.5,
        "promoText": " ",
        "packageSize": "1kg",
        "packagePrice": "$3.50 per 1Kg"
      }
    }
  },
  {
    "id": "coles-light-greek-style-yoghurt",
    "brand": "Coles",
    "name": "Light Greek Style Yoghurt",
    "imageUrl": "https://shop.coles.com.au/wcsstore/Coles-CAS/images/2/2/7/2273489-th.jpg",
    "categories": ["dairy-eggs-meals"],
    "tags": ["dairy", "yoghurt"],
    "locations": {
      "vic": {
        "price": 3.9,
        "promoText": " ",
        "packageSize": "1kg",
        "packagePrice": "$0.39 per 100G"
      }
    }
  },
  {
    "id": "dairy-farmers-yoghurt-thick-creamy-strawberry-1198468p",
    "brand": "Dairy Farmers",
    "name": "Thick N Creamy Strawberry Yoghurt",
    "imageUrl": "https://shop.coles.com.au/wcsstore/Coles-CAS/images/1/1/9/1198468-th.jpg",
    "categories": ["dairy-eggs-meals"],
    "tags": ["dairy", "yoghurt"],
    "locations": {
      "vic": {
        "price": 2.2,
        "promoText": " ",
        "packageSize": "150g",
        "packagePrice": "$1.47 per 100G"
      }
    }
  },
  {
    "id": "dairy-farmers-yoghurt-thick-creamy-mango-passionfruit-1198435p",
    "brand": "Dairy Farmers",
    "name": "Thick N Creamy Mango Passionfruit Yoghurt",
    "imageUrl": "https://shop.coles.com.au/wcsstore/Coles-CAS/images/1/1/9/1198435-th.jpg",
    "categories": ["dairy-eggs-meals"],
    "tags": ["dairy", "yoghurt"],
    "locations": {
      "vic": {
        "price": 4,
        "promoText": " ",
        "packageSize": "600g",
        "packagePrice": "$0.67 per 100G"
      }
    }
  },
  {
    "id": "vaalia-yoghurt-pouch-kids-strawberry-lactose-free",
    "brand": "Vaalia",
    "name": "Kids Lactose Free Strawberry Yoghurt",
    "imageUrl": "https://shop.coles.com.au/wcsstore/Coles-CAS/images/1/4/9/1495259-th.jpg",
    "categories": ["dairy-eggs-meals"],
    "tags": ["dairy", "yoghurt"],
    "locations": {
      "vic": {
        "price": 1.6,
        "promoText": " ",
        "packageSize": "140g",
        "packagePrice": "$1.14 per 100G"
      }
    }
  },
  {
    "id": "yoplait-petit-miam-mango-70g",
    "brand": "Yoplait",
    "name": "Petit Miam Mango Yoghurt Pouch",
    "imageUrl": "https://shop.coles.com.au/wcsstore/Coles-CAS/images/3/5/3/3536368-th.jpg",
    "categories": ["dairy-eggs-meals"],
    "tags": ["dairy", "yoghurt"],
    "locations": {
      "vic": {
        "price": 0.9,
        "promoText": "Was $1.00 on Sep 2019 ",
        "packageSize": "70g",
        "packagePrice": "$1.29 per 100G"
      }
    }
  },
  {
    "id": "cocobella-coconut-yoghurt-vanilla",
    "brand": "Cocobella",
    "name": "Dairy Free Vanilla Coconut Yoghurt",
    "imageUrl": "https://shop.coles.com.au/wcsstore/Coles-CAS/images/3/2/4/3246415-th.jpg",
    "categories": ["dairy-eggs-meals"],
    "tags": ["dairy", "yoghurt"],
    "locations": {
      "vic": {
        "price": 6,
        "promoText": "Was $6.50 on Oct 2018 ",
        "packageSize": "500g",
        "packagePrice": "$1.20 per 100G"
      }
    }
  },
  {
    "id": "dairy-farmers-yoghurt-thick-creamy-caramelised-fig",
    "brand": "Dairy Farmers",
    "name": "Thick & Creamy Caramelised Fig Yoghurt",
    "imageUrl": "https://shop.coles.com.au/wcsstore/Coles-CAS/images/1/1/9/1198118-th.jpg",
    "categories": ["dairy-eggs-meals"],
    "tags": ["dairy", "yoghurt"],
    "locations": {
      "vic": {
        "price": 2.2,
        "promoText": " ",
        "packageSize": "150g",
        "packagePrice": "$1.47 per 100G"
      }
    }
  },
  {
    "id": "danone-ultimate-greek-yoghurt-4pk-vanilla",
    "brand": "Danone",
    "name": "Ultimate Limited Edition Creamy Salted Caramel Yoghurt",
    "imageUrl": "https://shop.coles.com.au/wcsstore/Coles-CAS/images/3/3/1/3310161-th.jpg",
    "categories": ["dairy-eggs-meals"],
    "tags": ["dairy", "yoghurt"],
    "locations": {
      "vic": {
        "price": 4.5,
        "promoText": " ",
        "packageSize": "4 pack",
        "packagePrice": "$0.98 per 100G"
      }
    }
  },
  {
    "id": "farmers-union-yoghurt-greek-style-natural-light",
    "brand": "Farmers Union",
    "name": "Light Greek Style Natural Yoghurt",
    "imageUrl": "https://shop.coles.com.au/wcsstore/Coles-CAS/images/6/5/6/6567776-th.jpg",
    "categories": ["dairy-eggs-meals"],
    "tags": ["dairy", "yoghurt"],
    "locations": {
      "vic": {
        "price": 5.5,
        "promoText": " ",
        "packageSize": "1kg",
        "packagePrice": "$0.55 per 100G"
      }
    }
  },
  {
    "id": "jalna-sweet-creamy-greek-yoghurt-with-coconut",
    "brand": "Jalna",
    "name": "Pot Set Coconut Yoghurt",
    "imageUrl": "https://shop.coles.com.au/wcsstore/Coles-CAS/images/2/2/3/2235480-th.jpg",
    "categories": ["dairy-eggs-meals"],
    "tags": ["dairy", "yoghurt"],
    "locations": {
      "vic": {
        "price": 7.5,
        "promoText": " ",
        "packageSize": "1kg",
        "packagePrice": "$0.75 per 100G"
      }
    }
  },
  {
    "id": "yoplait-6x160g-yoghurt-berry-punnet",
    "brand": "Yoplait",
    "name": "Berry Punnet Yoghurt 160g",
    "imageUrl": "https://shop.coles.com.au/wcsstore/Coles-CAS/images/3/6/1/3619567-th.jpg",
    "categories": ["dairy-eggs-meals"],
    "tags": ["dairy", "yoghurt"],
    "locations": {
      "vic": {
        "price": 5,
        "promoText": " ",
        "packageSize": "6 Pack",
        "packagePrice": "$0.52 per 100G"
      }
    }
  },
  {
    "id": "chobani-low-fat-lemon-yoghurt",
    "brand": "Chobani",
    "name": "Low Fat Lemon Yoghurt",
    "imageUrl": "https://shop.coles.com.au/wcsstore/Coles-CAS/images/1/4/3/1434629-th.jpg",
    "categories": ["dairy-eggs-meals"],
    "tags": ["dairy", "yoghurt"],
    "locations": {
      "vic": {
        "price": 1.8,
        "promoText": "Was $2.00 on May 2020 ",
        "packageSize": "170g",
        "packagePrice": "$1.06 per 100G"
      }
    }
  },
  {
    "id": "farmers-union-greek-yoghurt-pouch-3087060p",
    "brand": "Farmers Union",
    "name": "Greek Style Vanilla Bean Yoghurt",
    "imageUrl": "https://shop.coles.com.au/wcsstore/Coles-CAS/images/3/0/8/3087060-th.jpg",
    "categories": ["dairy-eggs-meals"],
    "tags": ["dairy", "yoghurt"],
    "locations": {
      "vic": {
        "price": 1.5,
        "promoText": "Was $2.25 on Sep 2019 ",
        "packageSize": "130g",
        "packagePrice": "$1.15 per 100G"
      }
    }
  },
  {
    "id": "pauls-custard-vanilla-1199234p",
    "brand": "Pauls",
    "name": "Milky Max Vanilla Custard",
    "imageUrl": "https://shop.coles.com.au/wcsstore/Coles-CAS/images/1/1/9/1199234-th.jpg",
    "categories": ["dairy-eggs-meals"],
    "tags": ["dairy", "yoghurt"],
    "locations": {
      "vic": {
        "price": 1.5,
        "promoText": " ",
        "packageSize": "70g",
        "packagePrice": "$2.14 per 100G"
      }
    }
  },
  {
    "id": "cocobella-coconut-yoghurt-toppers-passionfruit",
    "brand": "Cocobella",
    "name": "Passionfruit Coconut Yoghurt",
    "imageUrl": "https://shop.coles.com.au/wcsstore/Coles-CAS/images/3/2/4/3246460-th.jpg",
    "categories": ["dairy-eggs-meals"],
    "tags": ["dairy", "yoghurt"],
    "locations": {
      "vic": {
        "price": 3.5,
        "promoText": " ",
        "packageSize": "150g",
        "packagePrice": "$2.33 per 100G"
      }
    }
  },
  {
    "id": "danone-ultimate-greek-yoghurt-4pk-strawberry",
    "brand": "Danone",
    "name": "The Ultimate Succulent Strawberry Yoghurt 4x115g",
    "imageUrl": "https://shop.coles.com.au/wcsstore/Coles-CAS/images/3/3/1/3310140-th.jpg",
    "categories": ["dairy-eggs-meals"],
    "tags": ["dairy", "yoghurt"],
    "locations": {
      "vic": {
        "price": 4.5,
        "promoText": " ",
        "packageSize": "4 pack",
        "packagePrice": "$1.13 per 1Ea"
      }
    }
  },
  {
    "id": "gippsland-dairy-yoghurt-twist-blueberry-9907917p",
    "brand": "Gippsland Dairy",
    "name": "Blueberry Twist Yoghurt",
    "imageUrl": "https://shop.coles.com.au/wcsstore/Coles-CAS/images/9/9/0/9907917-th.jpg",
    "categories": ["dairy-eggs-meals"],
    "tags": ["dairy", "yoghurt"],
    "locations": {
      "vic": {
        "price": 1.5,
        "promoText": " ",
        "packageSize": "160g",
        "packagePrice": "$0.94 per 100G"
      }
    }
  },
  {
    "id": "gippsland-dairy-yoghurt-twist-mango-blood-orange-8871723p",
    "brand": "Gippsland Dairy",
    "name": "Mango & Blood Orange Twist Yoghurt",
    "imageUrl": "https://shop.coles.com.au/wcsstore/Coles-CAS/images/8/8/7/8871723-th.jpg",
    "categories": ["dairy-eggs-meals"],
    "tags": ["dairy", "yoghurt"],
    "locations": {
      "vic": {
        "price": 7,
        "promoText": " ",
        "packageSize": "720g",
        "packagePrice": "$0.97 per 100G"
      }
    }
  },
  {
    "id": "jalna-lactose-free-natural-yoghurt",
    "brand": "Jalna",
    "name": "Lactose Free Whole Milk Natural Yoghurt",
    "imageUrl": "https://shop.coles.com.au/wcsstore/Coles-CAS/images/3/2/4/3242968-th.jpg",
    "categories": ["dairy-eggs-meals"],
    "tags": ["dairy", "yoghurt"],
    "locations": {
      "vic": {
        "price": 6.5,
        "promoText": "$1.45 ",
        "packageSize": "1kg",
        "packagePrice": "$6.50 per 1KG"
      }
    }
  },
  {
    "id": "jalna-pouch-of-purity-organic-yoghurt-strawbery",
    "brand": "Jalna",
    "name": "Pouch Of Purity Organic Strawberry Yoghurt",
    "imageUrl": "https://shop.coles.com.au/wcsstore/Coles-CAS/images/3/5/3/3536583-th.jpg",
    "categories": ["dairy-eggs-meals"],
    "tags": ["dairy", "yoghurt"],
    "locations": {
      "vic": {
        "price": 1.7,
        "promoText": " ",
        "packageSize": "100g",
        "packagePrice": "$1.70 per 100G"
      }
    }
  },
  {
    "id": "vaalia-yoghurt-low-fat-french-vanilla-7181195p",
    "brand": "Vaalia",
    "name": "French Vanilla Low Fat Yoghurt",
    "imageUrl": "https://shop.coles.com.au/wcsstore/Coles-CAS/images/7/1/8/7181195-th.jpg",
    "categories": ["dairy-eggs-meals"],
    "tags": ["dairy", "yoghurt"],
    "locations": {
      "vic": {
        "price": 4,
        "promoText": " ",
        "packageSize": "900g",
        "packagePrice": "$0.44 per 100G"
      }
    }
  },
  {
    "id": "yoplait-yoghurt-forme-french-vanilla-no-fat",
    "brand": "Yoplait",
    "name": "Forme French No Fat Vanilla Yoghurt",
    "imageUrl": "https://shop.coles.com.au/wcsstore/Coles-CAS/images/9/0/5/9058101-th.jpg",
    "categories": ["dairy-eggs-meals"],
    "tags": ["dairy", "yoghurt"],
    "locations": {
      "vic": {
        "price": 4,
        "promoText": " ",
        "packageSize": "1kg",
        "packagePrice": "$4.00 per 1Kg"
      }
    }
  },
  {
    "id": "yoplait-6x160g-forme-classics-yoghurt",
    "brand": "Yoplait",
    "name": "Forme Classics Yoghurt 160g",
    "imageUrl": "https://shop.coles.com.au/wcsstore/Coles-CAS/images/3/6/1/3619476-th.jpg",
    "categories": ["dairy-eggs-meals"],
    "tags": ["dairy", "yoghurt"],
    "locations": {
      "vic": {
        "price": 5,
        "promoText": " ",
        "packageSize": "6 Pack",
        "packagePrice": "$0.52 per 100G"
      }
    }
  },
  {
    "id": "chobani-fit-yogurt-vanilla",
    "brand": "Chobani",
    "name": "Fit Vanilla Yoghurt Pot",
    "imageUrl": "https://shop.coles.com.au/wcsstore/Coles-CAS/images/3/2/4/3246787-th.jpg",
    "categories": ["dairy-eggs-meals"],
    "tags": ["dairy", "yoghurt"],
    "locations": {
      "vic": {
        "price": 2.25,
        "promoText": " ",
        "packageSize": "170g",
        "packagePrice": "$1.32 per 100G"
      }
    }
  },
  {
    "id": "chobani-yoghurt-flip-cookies-cream-3246700p",
    "brand": "Chobani",
    "name": "Flip Cookies & Cream Crunch Yoghurt",
    "imageUrl": "https://shop.coles.com.au/wcsstore/Coles-CAS/images/3/2/4/3246700-th.jpg",
    "categories": ["dairy-eggs-meals"],
    "tags": ["dairy", "yoghurt"],
    "locations": {
      "vic": {
        "price": 3,
        "promoText": " ",
        "packageSize": "140g",
        "packagePrice": "$2.14 per 100G"
      }
    }
  },
  {
    "id": "chobani-fit-yogurt-pouch-blueberry",
    "brand": "Chobani",
    "name": "Fit Blueberry Yoghurt Pouch",
    "imageUrl": "https://shop.coles.com.au/wcsstore/Coles-CAS/images/3/2/4/3246834-th.jpg",
    "categories": ["dairy-eggs-meals"],
    "tags": ["dairy", "yoghurt"],
    "locations": {
      "vic": {
        "price": 1.5,
        "promoText": "$0.75 ",
        "packageSize": "140g",
        "packagePrice": "$1.07 per 100G"
      }
    }
  },
  {
    "id": "cocobella-coconut-yoghurt-mango",
    "brand": "Cocobella",
    "name": "Dairy Free Mango Coconut Yoghurt",
    "imageUrl": "https://shop.coles.com.au/wcsstore/Coles-CAS/images/3/2/4/3246437-th.jpg",
    "categories": ["dairy-eggs-meals"],
    "tags": ["dairy", "yoghurt"],
    "locations": {
      "vic": {
        "price": 6,
        "promoText": "Was $6.50 on Oct 2018 ",
        "packageSize": "500g",
        "packagePrice": "$1.20 per 100G"
      }
    }
  },
  {
    "id": "dariy-farmers-yoghurt-thick-creamy-original",
    "brand": "Dairy Farmers",
    "name": "Thick & Creamy Classic Vanilla Yoghurt",
    "imageUrl": "https://shop.coles.com.au/wcsstore/Coles-CAS/images/1/1/9/1198480-th.jpg",
    "categories": ["dairy-eggs-meals"],
    "tags": ["dairy", "yoghurt"],
    "locations": {
      "vic": {
        "price": 4,
        "promoText": " ",
        "packageSize": "600g",
        "packagePrice": "$0.67 per 100G"
      }
    }
  },
  {
    "id": "dairy-farmers-yoghurt-thick-creamy-lemon-cream",
    "brand": "Dairy Farmers",
    "name": "Thick & Creamy Lemon Cream Yoghurt",
    "imageUrl": "https://shop.coles.com.au/wcsstore/Coles-CAS/images/1/1/9/1198537-th.jpg",
    "categories": ["dairy-eggs-meals"],
    "tags": ["dairy", "yoghurt"],
    "locations": {
      "vic": {
        "price": 2.2,
        "promoText": " ",
        "packageSize": "150g",
        "packagePrice": "$1.47 per 100G"
      }
    }
  },
  {
    "id": "farmers-union-greek-yoghurt-pouch",
    "brand": "Farmers Union",
    "name": "Greek Style Yoghurt",
    "imageUrl": "https://shop.coles.com.au/wcsstore/Coles-CAS/images/3/0/8/3087071-th.jpg",
    "categories": ["dairy-eggs-meals"],
    "tags": ["dairy", "yoghurt"],
    "locations": {
      "vic": {
        "price": 1.5,
        "promoText": "Was $2.25 on Sep 2019 ",
        "packageSize": "130g",
        "packagePrice": "$1.15 per 100G"
      }
    }
  },
  {
    "id": "gippsland-dairy-yoghurt-twist-watermelon-strawberry",
    "brand": "Gippsland Dairy",
    "name": "Watermelon & Strawberry Twist Yoghurt",
    "imageUrl": "https://shop.coles.com.au/wcsstore/Coles-CAS/images/1/4/3/1436431-th.jpg",
    "categories": ["dairy-eggs-meals"],
    "tags": ["dairy", "yoghurt"],
    "locations": {
      "vic": {
        "price": 1.5,
        "promoText": " ",
        "packageSize": "160g",
        "packagePrice": "$0.94 per 100G"
      }
    }
  },
  {
    "id": "jalna-greek-sweet-creamy-strawberry-yoghurt",
    "brand": "Jalna",
    "name": "Pot Set Greek Style Sweet & Creamy Strawberry Yoghurt",
    "imageUrl": "https://shop.coles.com.au/wcsstore/Coles-CAS/images/2/7/4/2744701-th.jpg",
    "categories": ["dairy-eggs-meals"],
    "tags": ["dairy", "yoghurt"],
    "locations": {
      "vic": {
        "price": 7.5,
        "promoText": " ",
        "packageSize": "1kg",
        "packagePrice": "$7.50 per 1Kg"
      }
    }
  },
  {
    "id": "pauls-custard-chocolate",
    "brand": "Pauls",
    "name": "Milky Max Chocolate Custard",
    "imageUrl": "https://shop.coles.com.au/wcsstore/Coles-CAS/images/1/1/9/1199223-th.jpg",
    "categories": ["dairy-eggs-meals"],
    "tags": ["dairy", "yoghurt"],
    "locations": {
      "vic": {
        "price": 1.5,
        "promoText": " ",
        "packageSize": "70g",
        "packagePrice": "$2.14 per 100G"
      }
    }
  },
  {
    "id": "tamar-valley-yoghurt-passionfruit-no-added-sugar-9914399p",
    "brand": "Tamar Valley",
    "name": "No Added Sugar Low Fat Passionfruit Greek Style Yoghurt",
    "imageUrl": "https://shop.coles.com.au/wcsstore/Coles-CAS/images/9/9/1/9914399-th.jpg",
    "categories": ["dairy-eggs-meals"],
    "tags": ["dairy", "yoghurt"],
    "locations": {
      "vic": {
        "price": 6.2,
        "promoText": " ",
        "packageSize": "700g",
        "packagePrice": "$0.89 per 100G"
      }
    }
  },
  {
    "id": "tamar-valley-no-fat-natural-yoghurt",
    "brand": "Tamar Valley",
    "name": "Natural 99.85% Fat Free Yoghurt",
    "imageUrl": "https://shop.coles.com.au/wcsstore/Coles-CAS/images/2/1/3/2130313-th.jpg",
    "categories": ["dairy-eggs-meals"],
    "tags": ["dairy", "yoghurt"],
    "locations": {
      "vic": {
        "price": 6.2,
        "promoText": " ",
        "packageSize": "1kg",
        "packagePrice": "$0.62 per 100G"
      }
    }
  },
  {
    "id": "yoplait-yoghurt-classic-12-pack",
    "brand": "Yoplait",
    "name": "Multi Flavoured Classic Yoghurt 12 x100g",
    "imageUrl": "https://shop.coles.com.au/wcsstore/Coles-CAS/images/8/8/7/8877173-th.jpg",
    "categories": ["dairy-eggs-meals"],
    "tags": ["dairy", "yoghurt"],
    "locations": {
      "vic": {
        "price": 7,
        "promoText": "Was $7.99 on Jul 2019 ",
        "packageSize": "12 Pack",
        "packagePrice": "$0.58 per 1Ea"
      }
    }
  },
  {
    "id": "yoplait-yoghurt-forme-strawberry-no-fat",
    "brand": "Yoplait",
    "name": "Forme No Fat Strawberry Yoghurt",
    "imageUrl": "https://shop.coles.com.au/wcsstore/Coles-CAS/images/9/0/5/9058087-th.jpg",
    "categories": ["dairy-eggs-meals"],
    "tags": ["dairy", "yoghurt"],
    "locations": {
      "vic": {
        "price": 4,
        "promoText": " ",
        "packageSize": "1kg",
        "packagePrice": "$4.00 per 1Kg"
      }
    }
  },
  {
    "id": "activia-yoghurt-vanilla-4-pack",
    "brand": "Activia",
    "name": "Probiotic Vanilla Yoghurt 4 pack",
    "imageUrl": "https://shop.coles.com.au/wcsstore/Coles-CAS/images/8/1/6/8169355-th.jpg",
    "categories": ["dairy-eggs-meals"],
    "tags": ["dairy", "yoghurt"],
    "locations": {
      "vic": {
        "price": 4.5,
        "promoText": " ",
        "packageSize": "125g",
        "packagePrice": "$3.60 per 100G"
      }
    }
  },
  {
    "id": "chobani-fit-yogurt-raspberry",
    "brand": "Chobani",
    "name": "Fit Raspberry Yoghurt",
    "imageUrl": "https://shop.coles.com.au/wcsstore/Coles-CAS/images/3/2/4/3246765-th.jpg",
    "categories": ["dairy-eggs-meals"],
    "tags": ["dairy", "yoghurt"],
    "locations": {
      "vic": {
        "price": 2.25,
        "promoText": " ",
        "packageSize": "170g",
        "packagePrice": "$1.32 per 100G"
      }
    }
  },
  {
    "id": "chobani-fit-yogurt-passionfruit",
    "brand": "Chobani",
    "name": "Fit Passionfruit Yoghurt",
    "imageUrl": "https://shop.coles.com.au/wcsstore/Coles-CAS/images/3/2/4/3246732-th.jpg",
    "categories": ["dairy-eggs-meals"],
    "tags": ["dairy", "yoghurt"],
    "locations": {
      "vic": {
        "price": 2.25,
        "promoText": " ",
        "packageSize": "170g",
        "packagePrice": "$1.32 per 100G"
      }
    }
  },
  {
    "id": "cocobella-coconut-yoghurt-natural",
    "brand": "Cocobella",
    "name": "Dairy Free Natural Coconut Yoghurt",
    "imageUrl": "https://shop.coles.com.au/wcsstore/Coles-CAS/images/3/2/4/3246404-th.jpg",
    "categories": ["dairy-eggs-meals"],
    "tags": ["dairy", "yoghurt"],
    "locations": {
      "vic": {
        "price": 6,
        "promoText": "Was $6.50 on Oct 2018 ",
        "packageSize": "500g",
        "packagePrice": "$1.20 per 100G"
      }
    }
  },
  {
    "id": "dairy-farmers-yoghurt-thick-creamy-strawberry-1198479p",
    "brand": "Dairy Farmers",
    "name": "Thick & Creamy Strawberry Yoghurt",
    "imageUrl": "https://shop.coles.com.au/wcsstore/Coles-CAS/images/1/1/9/1198479-th.jpg",
    "categories": ["dairy-eggs-meals"],
    "tags": ["dairy", "yoghurt"],
    "locations": {
      "vic": {
        "price": 4,
        "promoText": " ",
        "packageSize": "600g",
        "packagePrice": "$0.67 per 100G"
      }
    }
  },
  {
    "id": "danone-yopro-strawberry-yogurt",
    "brand": "Danone",
    "name": "YoPro Strawberry Yoghurt",
    "imageUrl": "https://shop.coles.com.au/wcsstore/Coles-CAS/images/2/9/9/2991880-th.jpg",
    "categories": ["dairy-eggs-meals"],
    "tags": ["dairy", "yoghurt"],
    "locations": {
      "vic": {
        "price": 1.7,
        "promoText": "$0.70 ",
        "packageSize": "160g",
        "packagePrice": "$1.06 per 100G"
      }
    }
  },
  {
    "id": "activia-yoghurt-vanilla-700g",
    "brand": "Danone",
    "name": "Activia Probiotic Vanilla Yoghurt",
    "imageUrl": "https://shop.coles.com.au/wcsstore/Coles-CAS/images/3/5/3/3539060-th.jpg",
    "categories": ["dairy-eggs-meals"],
    "tags": ["dairy", "yoghurt"],
    "locations": {
      "vic": {
        "price": 5,
        "promoText": " ",
        "packageSize": "700g",
        "packagePrice": "$0.71 per 100G"
      }
    }
  },
  {
    "id": "farmers-union-pouch-greek-yoghurt-blueberry",
    "brand": "Farmers Union",
    "name": "Greek Style Blueberry Yoghurt Pouch",
    "imageUrl": "https://shop.coles.com.au/wcsstore/Coles-CAS/images/3/5/3/3536448-th.jpg",
    "categories": ["dairy-eggs-meals"],
    "tags": ["dairy", "yoghurt"],
    "locations": {
      "vic": {
        "price": 1.5,
        "promoText": "Was $2.25 on Sep 2019 ",
        "packageSize": "130g",
        "packagePrice": "$1.15 per 100G"
      }
    }
  },
  {
    "id": "five-am-organic-yoghurt-strawberry",
    "brand": "Five:Am",
    "name": "Organic Strawberry Fields Yoghurt",
    "imageUrl": "https://shop.coles.com.au/wcsstore/Coles-CAS/images/3/2/4/3244759-th.jpg",
    "categories": ["dairy-eggs-meals"],
    "tags": ["dairy", "yoghurt"],
    "locations": {
      "vic": {
        "price": 6,
        "promoText": "Was $7.00 on Jan 2017 ",
        "packageSize": "700g",
        "packagePrice": "$0.86 per 100G"
      }
    }
  },
  {
    "id": "jalna-sweet-creamy-greek-yoghourt",
    "brand": "Jalna",
    "name": "Pot Set Sweet & Creamy Greek Yoghurt",
    "imageUrl": "https://shop.coles.com.au/wcsstore/Coles-CAS/images/2/3/7/2376288-th.jpg",
    "categories": ["dairy-eggs-meals"],
    "tags": ["dairy", "yoghurt"],
    "locations": {
      "vic": {
        "price": 11.95,
        "promoText": " ",
        "packageSize": "2kg",
        "packagePrice": "$5.98 per 1L"
      }
    }
  },
  {
    "id": "nakula-yoghurt-coconut-vanilla",
    "brand": "Nakula",
    "name": "Vanilla Coconut Yoghurt",
    "imageUrl": "https://shop.coles.com.au/wcsstore/Coles-CAS/images/3/5/3/3535558-th.jpg",
    "categories": ["dairy-eggs-meals"],
    "tags": ["dairy", "yoghurt"],
    "locations": {
      "vic": {
        "price": 6,
        "promoText": " ",
        "packageSize": "500g",
        "packagePrice": "$1.20 per 100G"
      }
    }
  },
  {
    "id": "tamar-valley-strawberry-blueberry-greek-yoghurt",
    "brand": "Tamar Valley",
    "name": "Strawberry & Blueberry Greek Yoghurt",
    "imageUrl": "https://shop.coles.com.au/wcsstore/Coles-CAS/images/2/3/6/2369136-th.jpg",
    "categories": ["dairy-eggs-meals"],
    "tags": ["dairy", "yoghurt"],
    "locations": {
      "vic": {
        "price": 6.2,
        "promoText": " ",
        "packageSize": "700g",
        "packagePrice": "$0.89 per 100G"
      }
    }
  },
  {
    "id": "vaalia-yoghurt-pouch-kids-lactose-free-vanilla",
    "brand": "Vaalia",
    "name": "Kids Lactose Free Vanilla Yoghurt Pouch",
    "imageUrl": "https://shop.coles.com.au/wcsstore/Coles-CAS/images/1/1/9/1199245-th.jpg",
    "categories": ["dairy-eggs-meals"],
    "tags": ["dairy", "yoghurt"],
    "locations": {
      "vic": {
        "price": 1.6,
        "promoText": " ",
        "packageSize": "140g",
        "packagePrice": "$1.14 per 100G"
      }
    }
  },
  {
    "id": "yoplait-6x160g-yoghurt-classic",
    "brand": "Yoplait",
    "name": "Classics Yoghurt 160g",
    "imageUrl": "https://shop.coles.com.au/wcsstore/Coles-CAS/images/3/6/1/3619501-th.jpg",
    "categories": ["dairy-eggs-meals"],
    "tags": ["dairy", "yoghurt"],
    "locations": {
      "vic": {
        "price": 5,
        "promoText": " ",
        "packageSize": "6 Pack",
        "packagePrice": "$0.52 per 100G"
      }
    }
  },
  {
    "id": "yoplait-6x160g-yoghurt-forme-berry-harvest",
    "brand": "Yoplait",
    "name": "Forme Berry Harvest Yoghurt 160g",
    "imageUrl": "https://shop.coles.com.au/wcsstore/Coles-CAS/images/3/6/1/3619487-th.jpg",
    "categories": ["dairy-eggs-meals"],
    "tags": ["dairy", "yoghurt"],
    "locations": {
      "vic": {
        "price": 5,
        "promoText": " ",
        "packageSize": "6 Pack",
        "packagePrice": "$0.52 per 100G"
      }
    }
  },
  {
    "id": "chia-pod-coconut-2756074p",
    "brand": "Chia Pod",
    "name": "Coconut",
    "imageUrl": "https://shop.coles.com.au/wcsstore/Coles-CAS/images/2/7/5/2756074-th.jpg",
    "categories": ["dairy-eggs-meals"],
    "tags": ["dairy", "yoghurt"],
    "locations": {
      "vic": {
        "price": 3,
        "promoText": "Was $3.29 on Oct 2019 ",
        "packageSize": "170g",
        "packagePrice": "$1.76 per 100G"
      }
    }
  },
  {
    "id": "chobani-vanilla-yogurt-tub",
    "brand": "Chobani",
    "name": "Vanilla Yoghurt",
    "imageUrl": "https://shop.coles.com.au/wcsstore/Coles-CAS/images/3/2/4/3246583-th.jpg",
    "categories": ["dairy-eggs-meals"],
    "tags": ["dairy", "yoghurt"],
    "locations": {
      "vic": {
        "price": 5.5,
        "promoText": "$1.00 ",
        "packageSize": "907g",
        "packagePrice": "$0.61 per 100G"
      }
    }
  },
  {
    "id": "chobani-yoghurt-tub-vanilla",
    "brand": "Chobani",
    "name": "Vanilla Yoghurt Pot",
    "imageUrl": "https://shop.coles.com.au/wcsstore/Coles-CAS/images/3/2/4/3246550-th.jpg",
    "categories": ["dairy-eggs-meals"],
    "tags": ["dairy", "yoghurt"],
    "locations": {
      "vic": {
        "price": 1.8,
        "promoText": "Was $2.00 on May 2020 ",
        "packageSize": "170g",
        "packagePrice": "$1.06 per 100G"
      }
    }
  },
  {
    "id": "chobani-fit-yogurt-pouch-vanilla",
    "brand": "Chobani",
    "name": "Fit Vanilla Yoghurt Pouch",
    "imageUrl": "https://shop.coles.com.au/wcsstore/Coles-CAS/images/3/2/4/3246812-th.jpg",
    "categories": ["dairy-eggs-meals"],
    "tags": ["dairy", "yoghurt"],
    "locations": {
      "vic": {
        "price": 1.5,
        "promoText": "$0.75 ",
        "packageSize": "140g",
        "packagePrice": "$1.07 per 100G"
      }
    }
  },
  {
    "id": "cocobella-pouch-coconut-yoghurt-strawby",
    "brand": "Cocobella",
    "name": "Active Strawberry Coconut Yoghurt Pouch",
    "imageUrl": "https://shop.coles.com.au/wcsstore/Coles-CAS/images/3/5/4/3540354-th.jpg",
    "categories": ["dairy-eggs-meals"],
    "tags": ["dairy", "yoghurt"],
    "locations": {
      "vic": {
        "price": 1.5,
        "promoText": "$0.50 ",
        "packageSize": "110g",
        "packagePrice": "$1.36 per 100G"
      }
    }
  },
  {
    "id": "coles-yoghurt-kids-mega-12-pack",
    "brand": "Coles",
    "name": "Variety Flavoured Yoghurt 12 pack",
    "imageUrl": "https://shop.coles.com.au/wcsstore/Coles-CAS/images/7/1/3/7132451-th.jpg",
    "categories": ["dairy-eggs-meals"],
    "tags": ["dairy", "yoghurt"],
    "locations": {
      "vic": {
        "price": 4.8,
        "promoText": " ",
        "packageSize": "1.14kg",
        "packagePrice": "$4.21 per 1Kg"
      }
    }
  },
  {
    "id": "coles-natural-pot-set-yoghurt",
    "brand": "Coles",
    "name": "Natural Pot Set Yoghurt",
    "imageUrl": "https://shop.coles.com.au/wcsstore/Coles-CAS/images/2/2/7/2273467-th.jpg",
    "categories": ["dairy-eggs-meals"],
    "tags": ["dairy", "yoghurt"],
    "locations": {
      "vic": {
        "price": 3.9,
        "promoText": " ",
        "packageSize": "1kg",
        "packagePrice": "$0.39 per 100G"
      }
    }
  },
  {
    "id": "coles-dairy-free-coconut-yoghurt-3251619p",
    "brand": "Coles",
    "name": "Dairy Free Coconut Yoghurt",
    "imageUrl": "https://shop.coles.com.au/wcsstore/Coles-CAS/images/3/2/5/3251619-th.jpg",
    "categories": ["dairy-eggs-meals"],
    "tags": ["dairy", "yoghurt"],
    "locations": {
      "vic": {
        "price": 5.4,
        "promoText": " ",
        "packageSize": "500g",
        "packagePrice": "$1.08 per 100G"
      }
    }
  },
  {
    "id": "dairy-farmers-yoghurt-thick-creamy-original",
    "brand": "Dairy Farmers",
    "name": "Thick & Creamy Classic Vanilla Yoghurt",
    "imageUrl": "https://shop.coles.com.au/wcsstore/Coles-CAS/images/1/1/9/1198548-th.jpg",
    "categories": ["dairy-eggs-meals"],
    "tags": ["dairy", "yoghurt"],
    "locations": {
      "vic": {
        "price": 2.2,
        "promoText": " ",
        "packageSize": "150g",
        "packagePrice": "$1.47 per 100G"
      }
    }
  },
  {
    "id": "df-thick-creamy-aust-edition-150g",
    "brand": "Dairy Farmers",
    "name": "Thick & Creamy Mangoes With Lemon Myrtle Yoghurt",
    "imageUrl": "https://shop.coles.com.au/wcsstore/Coles-CAS/images/3/5/3/3536506-th.jpg",
    "categories": ["dairy-eggs-meals"],
    "tags": ["dairy", "yoghurt"],
    "locations": {
      "vic": {
        "price": 2.2,
        "promoText": " ",
        "packageSize": "150g",
        "packagePrice": "$1.47 per 100G"
      }
    }
  },
  {
    "id": "danone-yopro-vanilla-yogurt",
    "brand": "Danone",
    "name": "YoPro Vanilla Yoghurt",
    "imageUrl": "https://shop.coles.com.au/wcsstore/Coles-CAS/images/2/9/9/2991948-th.jpg",
    "categories": ["dairy-eggs-meals"],
    "tags": ["dairy", "yoghurt"],
    "locations": {
      "vic": {
        "price": 1.7,
        "promoText": "$0.70 ",
        "packageSize": "160g",
        "packagePrice": "$1.06 per 100G"
      }
    }
  },
  {
    "id": "farmers-union-yoghurt-european-natural",
    "brand": "Farmers Union",
    "name": "Pot Set Natural Yoghurt",
    "imageUrl": "https://shop.coles.com.au/wcsstore/Coles-CAS/images/5/1/6/5161313-th.jpg",
    "categories": ["dairy-eggs-meals"],
    "tags": ["dairy", "yoghurt"],
    "locations": {
      "vic": {
        "price": 2.3,
        "promoText": " ",
        "packageSize": "200g",
        "packagePrice": "$1.15 per 100G"
      }
    }
  },
  {
    "id": "farmers-union-yoghurt-pouch-passionfruit",
    "brand": "Farmers Union",
    "name": "Greek Style Passionfruit Yoghurt Pouch",
    "imageUrl": "https://shop.coles.com.au/wcsstore/Coles-CAS/images/3/3/0/3306765-th.jpg",
    "categories": ["dairy-eggs-meals"],
    "tags": ["dairy", "yoghurt"],
    "locations": {
      "vic": {
        "price": 1.5,
        "promoText": "Was $2.25 on Sep 2019 ",
        "packageSize": "130g",
        "packagePrice": "$1.15 per 100G"
      }
    }
  },
  {
    "id": "gippsland-passionfruit-twist-yoghurt",
    "brand": "Gippsland Dairy",
    "name": "Passionfruit Twist Yoghurt",
    "imageUrl": "https://shop.coles.com.au/wcsstore/Coles-CAS/images/7/4/7/7470487-th.jpg",
    "categories": ["dairy-eggs-meals"],
    "tags": ["dairy", "yoghurt"],
    "locations": {
      "vic": {
        "price": 7,
        "promoText": " ",
        "packageSize": "720g",
        "packagePrice": "$0.97 per 100G"
      }
    }
  },
  {
    "id": "jalna-pouch-of-purity-organic-yoghurt-blueberry",
    "brand": "Jalna",
    "name": "Pouch Of Purity Organic Blueberry Yoghurt",
    "imageUrl": "https://shop.coles.com.au/wcsstore/Coles-CAS/images/3/5/3/3536561-th.jpg",
    "categories": ["dairy-eggs-meals"],
    "tags": ["dairy", "yoghurt"],
    "locations": {
      "vic": {
        "price": 1.7,
        "promoText": " ",
        "packageSize": "100g",
        "packagePrice": "$1.70 per 100G"
      }
    }
  },
  {
    "id": "jalna-pouch-of-purity-organic-yoghurt-banana",
    "brand": "Jalna",
    "name": "Pouch Of Purity Organic Banana Yoghurt",
    "imageUrl": "https://shop.coles.com.au/wcsstore/Coles-CAS/images/3/5/3/3536550-th.jpg",
    "categories": ["dairy-eggs-meals"],
    "tags": ["dairy", "yoghurt"],
    "locations": {
      "vic": {
        "price": 1.7,
        "promoText": " ",
        "packageSize": "100g",
        "packagePrice": "$1.70 per 100G"
      }
    }
  },
  {
    "id": "chobani-fit-yogurt-blueberry",
    "brand": "Chobani",
    "name": "Fit Blueberry Yoghurt Pot",
    "imageUrl": "https://shop.coles.com.au/wcsstore/Coles-CAS/images/3/2/4/3246776-th.jpg",
    "categories": ["dairy-eggs-meals"],
    "tags": ["dairy", "yoghurt"],
    "locations": {
      "vic": {
        "price": 2.25,
        "promoText": " ",
        "packageSize": "170g",
        "packagePrice": "$1.32 per 100G"
      }
    }
  },
  {
    "id": "chobani-fit-yogurt-strawberry",
    "brand": "Chobani",
    "name": "Fit Strawberry Yoghurt Pot",
    "imageUrl": "https://shop.coles.com.au/wcsstore/Coles-CAS/images/3/2/4/3246743-th.jpg",
    "categories": ["dairy-eggs-meals"],
    "tags": ["dairy", "yoghurt"],
    "locations": {
      "vic": {
        "price": 2.25,
        "promoText": " ",
        "packageSize": "170g",
        "packagePrice": "$1.32 per 100G"
      }
    }
  },
  {
    "id": "chobani-fit-yogurt-mango",
    "brand": "Chobani",
    "name": "Fit Mango Yoghurt",
    "imageUrl": "https://shop.coles.com.au/wcsstore/Coles-CAS/images/3/2/4/3246754-th.jpg",
    "categories": ["dairy-eggs-meals"],
    "tags": ["dairy", "yoghurt"],
    "locations": {
      "vic": {
        "price": 2.25,
        "promoText": " ",
        "packageSize": "170g",
        "packagePrice": "$1.32 per 100G"
      }
    }
  },
  {
    "id": "chobani-fit-x-fit-x-banana-peanut-punch",
    "brand": "Chobani",
    "name": "Fit X Banana Peanut Punch Yoghurt",
    "imageUrl": "https://shop.coles.com.au/wcsstore/Coles-CAS/images/3/5/3/3539708-th.jpg",
    "categories": ["dairy-eggs-meals"],
    "tags": ["dairy", "yoghurt"],
    "locations": {
      "vic": {
        "price": 3.5,
        "promoText": " ",
        "packageSize": "140g",
        "packagePrice": "$2.50 per 100G"
      }
    }
  },
  {
    "id": "cocobella-coconut-yoghurt-vanilla-3540412p",
    "brand": "Cocobella",
    "name": "Vanilla Coconut Yoghurt",
    "imageUrl": "https://shop.coles.com.au/wcsstore/Coles-CAS/images/3/5/4/3540412-th.jpg",
    "categories": ["dairy-eggs-meals"],
    "tags": ["dairy", "yoghurt"],
    "locations": {
      "vic": {
        "price": 2,
        "promoText": "$0.50 ",
        "packageSize": "150g",
        "packagePrice": "$1.33 per 100G"
      }
    }
  },
  {
    "id": "five%3Aam-simply-yoghurt-mango",
    "brand": "Five:AM",
    "name": "Simply Mango Milk Yoghurt",
    "imageUrl": "https://shop.coles.com.au/wcsstore/Coles-CAS/images/3/4/7/3475627-th.jpg",
    "categories": ["dairy-eggs-meals"],
    "tags": ["dairy", "yoghurt"],
    "locations": {
      "vic": {
        "price": 5,
        "promoText": " ",
        "packageSize": "550g",
        "packagePrice": "$0.91 per 100G"
      }
    }
  },
  {
    "id": "gippsland-dairy-yoghurt-twist-mango-blood-orange",
    "brand": "Gippsland Dairy",
    "name": "Mango & Blood Orange Twist Yoghurt",
    "imageUrl": "https://shop.coles.com.au/wcsstore/Coles-CAS/images/9/9/0/9907940-th.jpg",
    "categories": ["dairy-eggs-meals"],
    "tags": ["dairy", "yoghurt"],
    "locations": {
      "vic": {
        "price": 1.5,
        "promoText": "$1.00 ",
        "packageSize": "160g",
        "packagePrice": "$0.94 per 100G"
      }
    }
  },
  {
    "id": "gippsland-twist-yoghurt-strawberry-cream",
    "brand": "Gippsland Dairy",
    "name": "Twist Yoghurt Limited Edition",
    "imageUrl": "https://shop.coles.com.au/wcsstore/Coles-CAS/images/3/4/7/3477815-th.jpg",
    "categories": ["dairy-eggs-meals"],
    "tags": ["dairy", "yoghurt"],
    "locations": {
      "vic": {
        "price": 1.5,
        "promoText": "$1.00 ",
        "packageSize": "160g",
        "packagePrice": "$0.94 per 100G"
      }
    }
  },
  {
    "id": "liddells-yoghurt-plain-lactose-free",
    "brand": "Liddells",
    "name": "Lactose Free Plain Yoghurt 4 pack",
    "imageUrl": "https://shop.coles.com.au/wcsstore/Coles-CAS/images/1/2/0/1200107-th.jpg",
    "categories": ["dairy-eggs-meals"],
    "tags": ["dairy", "yoghurt"],
    "locations": {
      "vic": {
        "price": 5.35,
        "promoText": " ",
        "packageSize": "140g",
        "packagePrice": "$0.96 per 100G"
      }
    }
  },
  {
    "id": "nudie-chilled-natural-coconut-yoghurt",
    "brand": "Nudie",
    "name": "Dairy Free Natural Coconut Yoghurt",
    "imageUrl": "https://shop.coles.com.au/wcsstore/Coles-CAS/images/2/7/4/2744392-th.jpg",
    "categories": ["dairy-eggs-meals"],
    "tags": ["dairy", "yoghurt"],
    "locations": {
      "vic": {
        "price": 6,
        "promoText": " ",
        "packageSize": "500g",
        "packagePrice": "$1.20 per 100G"
      }
    }
  },
  {
    "id": "tamar-valley-yoghurt-greek-style-no-added-sugar-6-pack",
    "brand": "Tamar Valley",
    "name": "Low Fat Greek Style Yoghurt Tubs 6 pack",
    "imageUrl": "https://shop.coles.com.au/wcsstore/Coles-CAS/images/8/7/1/8714474-th.jpg",
    "categories": ["dairy-eggs-meals"],
    "tags": ["dairy", "yoghurt"],
    "locations": {
      "vic": {
        "price": 6.9,
        "promoText": " ",
        "packageSize": "750g",
        "packagePrice": "$0.92 per 100G"
      }
    }
  },
  {
    "id": "vaalia-yoghurt-low-fat-french-vanilla-4-pack",
    "brand": "Vaalia",
    "name": "Low Fat French Vanilla Yoghurt 4x150g",
    "imageUrl": "https://shop.coles.com.au/wcsstore/Coles-CAS/images/7/0/2/7021450-th.jpg",
    "categories": ["dairy-eggs-meals"],
    "tags": ["dairy", "yoghurt"],
    "locations": {
      "vic": {
        "price": 4,
        "promoText": "Was $5.30 on Aug 2017 ",
        "packageSize": "4 pack",
        "packagePrice": "$1.00 per 1Ea"
      }
    }
  },
  {
    "id": "yoplait-6x160g-yoghurt-vanilla",
    "brand": "Yoplait",
    "name": "Vanilla Yoghurt 160g",
    "imageUrl": "https://shop.coles.com.au/wcsstore/Coles-CAS/images/3/6/1/3619534-th.jpg",
    "categories": ["dairy-eggs-meals"],
    "tags": ["dairy", "yoghurt"],
    "locations": {
      "vic": {
        "price": 5,
        "promoText": " ",
        "packageSize": "6 Pack",
        "packagePrice": "$0.52 per 100G"
      }
    }
  },
  {
    "id": "chobani-limited-batch-kiwifruit-yoghurt",
    "brand": "Chobani",
    "name": "Limited Edition Yoghurt",
    "imageUrl": "https://shop.coles.com.au/wcsstore/Coles-CAS/images/2/9/7/2974825-th.jpg",
    "categories": ["dairy-eggs-meals"],
    "tags": ["dairy", "yoghurt"],
    "locations": {
      "vic": {
        "price": 1.8,
        "promoText": "Was $2.00 on May 2020 ",
        "packageSize": "170g",
        "packagePrice": "$1.06 per 100G"
      }
    }
  },
  {
    "id": "chobani-flip-yoghurt-choc-cherry-delight",
    "brand": "Chobani",
    "name": "Caramel Sunshine Flip Yoghurt",
    "imageUrl": "https://shop.coles.com.au/wcsstore/Coles-CAS/images/3/4/7/3477826-th.jpg",
    "categories": ["dairy-eggs-meals"],
    "tags": ["dairy", "yoghurt"],
    "locations": {
      "vic": {
        "price": 3,
        "promoText": " ",
        "packageSize": "140g",
        "packagePrice": "$2.14 per 100G"
      }
    }
  },
  {
    "id": "chobani-fit-yogurt-pouch-strawberry",
    "brand": "Chobani",
    "name": "Fit Strawberry Yoghurt Pouch",
    "imageUrl": "https://shop.coles.com.au/wcsstore/Coles-CAS/images/3/2/4/3246801-th.jpg",
    "categories": ["dairy-eggs-meals"],
    "tags": ["dairy", "yoghurt"],
    "locations": {
      "vic": {
        "price": 1.5,
        "promoText": "$0.75 ",
        "packageSize": "140g",
        "packagePrice": "$1.07 per 100G"
      }
    }
  },
  {
    "id": "chobani-fit-yogurt-pouch-banana",
    "brand": "Chobani",
    "name": "Fit Banana Yoghurt Pouch",
    "imageUrl": "https://shop.coles.com.au/wcsstore/Coles-CAS/images/3/7/2/3721654-th.jpg",
    "categories": ["dairy-eggs-meals"],
    "tags": ["dairy", "yoghurt"],
    "locations": {
      "vic": {
        "price": 1.5,
        "promoText": "$0.75 ",
        "packageSize": "140g",
        "packagePrice": "$1.07 per 100G"
      }
    }
  },
  {
    "id": "chobani-fit-yogurt-pouch-coconut",
    "brand": "Chobani",
    "name": "Fit Yoghurt Pouch Coconut",
    "imageUrl": "https://shop.coles.com.au/wcsstore/Coles-CAS/images/3/7/2/3721676-th.jpg",
    "categories": ["dairy-eggs-meals"],
    "tags": ["dairy", "yoghurt"],
    "locations": {
      "vic": {
        "price": 1.5,
        "promoText": "$0.75 ",
        "packageSize": "140g",
        "packagePrice": "$1.07 per 100G"
      }
    }
  },
  {
    "id": "cocobella-coconut-yoghurt-natural-3540398p",
    "brand": "Cocobella",
    "name": "Natural Coconut Yoghurt",
    "imageUrl": "https://shop.coles.com.au/wcsstore/Coles-CAS/images/3/5/4/3540398-th.jpg",
    "categories": ["dairy-eggs-meals"],
    "tags": ["dairy", "yoghurt"],
    "locations": {
      "vic": {
        "price": 2,
        "promoText": "$0.50 ",
        "packageSize": "150g",
        "packagePrice": "$1.33 per 100G"
      }
    }
  },
  {
    "id": "danone-yopro-passionfruit",
    "brand": "Danone",
    "name": "YoPro Passionfruit Yoghurt",
    "imageUrl": "https://shop.coles.com.au/wcsstore/Coles-CAS/images/3/0/2/3025041-th.jpg",
    "categories": ["dairy-eggs-meals"],
    "tags": ["dairy", "yoghurt"],
    "locations": {
      "vic": {
        "price": 1.7,
        "promoText": "$0.70 ",
        "packageSize": "160g",
        "packagePrice": "$1.06 per 100G"
      }
    }
  },
  {
    "id": "danone-ultimate-greek-yoghurt-4pk-mango",
    "brand": "Danone",
    "name": "The Ultimate Tropical Mango Yoghurt 4x115g",
    "imageUrl": "https://shop.coles.com.au/wcsstore/Coles-CAS/images/3/3/1/3310194-th.jpg",
    "categories": ["dairy-eggs-meals"],
    "tags": ["dairy", "yoghurt"],
    "locations": {
      "vic": {
        "price": 4.5,
        "promoText": " ",
        "packageSize": "4 pack",
        "packagePrice": "$1.13 per 1Ea"
      }
    }
  },
  {
    "id": "danone-yopro-yoghurt-mango",
    "brand": "Danone",
    "name": "Yopro Mango Yoghurt",
    "imageUrl": "https://shop.coles.com.au/wcsstore/Coles-CAS/images/3/2/4/3246856-th.jpg",
    "categories": ["dairy-eggs-meals"],
    "tags": ["dairy", "yoghurt"],
    "locations": {
      "vic": {
        "price": 1.7,
        "promoText": "$0.70 ",
        "packageSize": "160g",
        "packagePrice": "$1.06 per 100G"
      }
    }
  },
  {
    "id": "gippsland-twist-boysenberry-yoghurt",
    "brand": "Gippsland Dairy",
    "name": "Boysenberry Twist Yoghurt",
    "imageUrl": "https://shop.coles.com.au/wcsstore/Coles-CAS/images/2/7/4/2745395-th.jpg",
    "categories": ["dairy-eggs-meals"],
    "tags": ["dairy", "yoghurt"],
    "locations": {
      "vic": {
        "price": 1.5,
        "promoText": " ",
        "packageSize": "160g",
        "packagePrice": "$0.94 per 100G"
      }
    }
  },
  {
    "id": "liberte-yoghurt-blackberry",
    "brand": "Liberte",
    "name": "Blackberry Yoghurt Tub",
    "imageUrl": "https://shop.coles.com.au/wcsstore/Coles-CAS/images/3/5/3/3536630-th.jpg",
    "categories": ["dairy-eggs-meals"],
    "tags": ["dairy", "yoghurt"],
    "locations": {
      "vic": {
        "price": 5,
        "promoText": "Was $6.00 on Feb 2020 ",
        "packageSize": "500g",
        "packagePrice": "$1.00 per 100G"
      }
    }
  },
  {
    "id": "liddells-lactose-free-pouch-vanilla",
    "brand": "Liddells",
    "name": "Lactose Free Vanilla Bean Yoghurt Pouch",
    "imageUrl": "https://shop.coles.com.au/wcsstore/Coles-CAS/images/3/5/3/3539344-th.jpg",
    "categories": ["dairy-eggs-meals"],
    "tags": ["dairy", "yoghurt"],
    "locations": {
      "vic": {
        "price": 1.7,
        "promoText": " ",
        "packageSize": "140g",
        "packagePrice": "$1.21 per 100G"
      }
    }
  },
  {
    "id": "nudie-chilled-vanilla-coconut-yoghurt",
    "brand": "Nudie",
    "name": "Dairy Free Vanilla Coconut Yoghurt",
    "imageUrl": "https://shop.coles.com.au/wcsstore/Coles-CAS/images/2/7/4/2744406-th.jpg",
    "categories": ["dairy-eggs-meals"],
    "tags": ["dairy", "yoghurt"],
    "locations": {
      "vic": {
        "price": 6,
        "promoText": " ",
        "packageSize": "500g",
        "packagePrice": "$1.20 per 100G"
      }
    }
  },
  {
    "id": "vaalia-yoghurt-low-fat-plain",
    "brand": "Vaalia",
    "name": "Plain Yoghurt Low Fat",
    "imageUrl": "https://shop.coles.com.au/wcsstore/Coles-CAS/images/7/0/1/7019460-th.jpg",
    "categories": ["dairy-eggs-meals"],
    "tags": ["dairy", "yoghurt"],
    "locations": {
      "vic": {
        "price": 4,
        "promoText": " ",
        "packageSize": "900g",
        "packagePrice": "$0.44 per 100G"
      }
    }
  },
  {
    "id": "chia-pod-vanilla-bean-cinnamon",
    "brand": "Chia Pod",
    "name": "Vanilla Bean & Cinnamon",
    "imageUrl": "https://shop.coles.com.au/wcsstore/Coles-CAS/images/1/8/7/1873232-th.jpg",
    "categories": ["dairy-eggs-meals"],
    "tags": ["dairy", "yoghurt"],
    "locations": {
      "vic": {
        "price": 3,
        "promoText": "Was $3.29 on Oct 2019 ",
        "packageSize": "170g",
        "packagePrice": "$1.76 per 100G"
      }
    }
  },
  {
    "id": "chobani-gimmies-choc-chunk-cookie-dunk-yogurt",
    "brand": "Chobani",
    "name": "Gimmies Choc Chunk Cookie Dunk Yoghurt",
    "imageUrl": "https://shop.coles.com.au/wcsstore/Coles-CAS/images/3/4/7/3475263-th.jpg",
    "categories": ["dairy-eggs-meals"],
    "tags": ["dairy", "yoghurt"],
    "locations": {
      "vic": {
        "price": 3,
        "promoText": " ",
        "packageSize": "140g",
        "packagePrice": "$2.14 per 100G"
      }
    }
  },
  {
    "id": "chobani-fit-yogurt-pouch-raspebrry",
    "brand": "Chobani",
    "name": "Fit Raspberry Yoghurt Pouch",
    "imageUrl": "https://shop.coles.com.au/wcsstore/Coles-CAS/images/3/2/4/3246823-th.jpg",
    "categories": ["dairy-eggs-meals"],
    "tags": ["dairy", "yoghurt"],
    "locations": {
      "vic": {
        "price": 1.5,
        "promoText": "$0.75 ",
        "packageSize": "140g",
        "packagePrice": "$1.07 per 100G"
      }
    }
  },
  {
    "id": "chobani-fit-x-fit-x-tropical-fruit-sma",
    "brand": "Chobani",
    "name": "Fit X Tropical Fruit Smash Yoghurt",
    "imageUrl": "https://shop.coles.com.au/wcsstore/Coles-CAS/images/3/5/3/3539694-th.jpg",
    "categories": ["dairy-eggs-meals"],
    "tags": ["dairy", "yoghurt"],
    "locations": {
      "vic": {
        "price": 3.5,
        "promoText": " ",
        "packageSize": "140g",
        "packagePrice": "$2.50 per 100G"
      }
    }
  },
  {
    "id": "danone-ultimate-greek-yoghurt-4pk-black-cherry",
    "brand": "Danone",
    "name": "The Ultimate Black Cherry Yoghurt 4x115g",
    "imageUrl": "https://shop.coles.com.au/wcsstore/Coles-CAS/images/3/3/1/3310183-th.jpg",
    "categories": ["dairy-eggs-meals"],
    "tags": ["dairy", "yoghurt"],
    "locations": {
      "vic": {
        "price": 4.5,
        "promoText": " ",
        "packageSize": "4 pack",
        "packagePrice": "$1.13 per 1Ea"
      }
    }
  },
  {
    "id": "danone-yopro-banana-yoghurt",
    "brand": "Danone",
    "name": "Yopro Banana Yoghurt",
    "imageUrl": "https://shop.coles.com.au/wcsstore/Coles-CAS/images/3/2/4/3246889-th.jpg",
    "categories": ["dairy-eggs-meals"],
    "tags": ["dairy", "yoghurt"],
    "locations": {
      "vic": {
        "price": 1.7,
        "promoText": "$0.70 ",
        "packageSize": "160g",
        "packagePrice": "$1.06 per 100G"
      }
    }
  },
  {
    "id": "five%3Aam-yoghurt-vanilla-bean-1196360p",
    "brand": "Five:AM",
    "name": "Organic Vanilla Bean Yoghurt",
    "imageUrl": "https://shop.coles.com.au/wcsstore/Coles-CAS/images/1/1/9/1196360-th.jpg",
    "categories": ["dairy-eggs-meals"],
    "tags": ["dairy", "yoghurt"],
    "locations": {
      "vic": {
        "price": 2.6,
        "promoText": " ",
        "packageSize": "170g",
        "packagePrice": "$1.53 per 100G"
      }
    }
  },
  {
    "id": "five%3Aam-simply-yoghurt-strawberry",
    "brand": "Five:AM",
    "name": "Simply Strawberries Whole Milk Yoghurt Tub",
    "imageUrl": "https://shop.coles.com.au/wcsstore/Coles-CAS/images/3/5/9/3593973-th.jpg",
    "categories": ["dairy-eggs-meals"],
    "tags": ["dairy", "yoghurt"],
    "locations": {
      "vic": {
        "price": 5,
        "promoText": " ",
        "packageSize": "550g",
        "packagePrice": "$0.91 per 100G"
      }
    }
  },
  {
    "id": "five-am-organic-yoghurt-cacao",
    "brand": "Five:Am",
    "name": "Organic Cacao Yoghurt",
    "imageUrl": "https://shop.coles.com.au/wcsstore/Coles-CAS/images/3/2/4/3244748-th.jpg",
    "categories": ["dairy-eggs-meals"],
    "tags": ["dairy", "yoghurt"],
    "locations": {
      "vic": {
        "price": 2.6,
        "promoText": " ",
        "packageSize": "170g",
        "packagePrice": "$1.53 per 100G"
      }
    }
  },
  {
    "id": "jalna-pouch-of-purity-organic-yoghurt-vanilla",
    "brand": "Jalna",
    "name": "Pouch Of Purity Organic Vanilla Yoghurt",
    "imageUrl": "https://shop.coles.com.au/wcsstore/Coles-CAS/images/3/5/3/3536572-th.jpg",
    "categories": ["dairy-eggs-meals"],
    "tags": ["dairy", "yoghurt"],
    "locations": {
      "vic": {
        "price": 1.7,
        "promoText": " ",
        "packageSize": "100g",
        "packagePrice": "$1.70 per 100G"
      }
    }
  },
  {
    "id": "liddells-yoghurt-strawberry",
    "brand": "Liddells",
    "name": "Strawberry Yoghurt 140 grams",
    "imageUrl": "https://shop.coles.com.au/wcsstore/Coles-CAS/images/1/2/0/1200118-th.jpg",
    "categories": ["dairy-eggs-meals"],
    "tags": ["dairy", "yoghurt"],
    "locations": {
      "vic": {
        "price": 5.35,
        "promoText": " ",
        "packageSize": "4 Pack",
        "packagePrice": "$0.96 per 100G"
      }
    }
  },
  {
    "id": "nakula-yoghurt-coconut-rasperry",
    "brand": "Nakula",
    "name": "Raspberry Coconut Yoghurt",
    "imageUrl": "https://shop.coles.com.au/wcsstore/Coles-CAS/images/3/5/3/3535547-th.jpg",
    "categories": ["dairy-eggs-meals"],
    "tags": ["dairy", "yoghurt"],
    "locations": {
      "vic": {
        "price": 6,
        "promoText": " ",
        "packageSize": "500g",
        "packagePrice": "$1.20 per 100G"
      }
    }
  },
  {
    "id": "yoplait-yoghurt-squeezie-pouch-fruit-frenzy",
    "brand": "Yoplait",
    "name": "Petit Miam Squeezie Fruit Salad Yoghurt Pouch",
    "imageUrl": "https://shop.coles.com.au/wcsstore/Coles-CAS/images/6/5/6/6569217-th.jpg",
    "categories": ["dairy-eggs-meals"],
    "tags": ["dairy", "yoghurt"],
    "locations": {
      "vic": {
        "price": 0.9,
        "promoText": "Was $1.00 on Jun 2019 ",
        "packageSize": "70g",
        "packagePrice": "$1.29 per 100G"
      }
    }
  },
  {
    "id": "yoplait-smoothie-mixed-berry-3476812p",
    "brand": "Yoplait",
    "name": "Mixed Berry Yoghurt Smoothie",
    "imageUrl": "https://shop.coles.com.au/wcsstore/Coles-CAS/images/3/4/7/3476812-th.jpg",
    "categories": ["dairy-eggs-meals"],
    "tags": ["dairy", "yoghurt"],
    "locations": {
      "vic": {
        "price": 3,
        "promoText": " ",
        "packageSize": "300g",
        "packagePrice": "$1.00 per 100G"
      }
    }
  },
  {
    "id": "yoplait-smoothie-strawberry-vanilla",
    "brand": "Yoplait",
    "name": "Strawberry &  Vanilla Yoghurt Smoothie",
    "imageUrl": "https://shop.coles.com.au/wcsstore/Coles-CAS/images/3/5/4/3542994-th.jpg",
    "categories": ["dairy-eggs-meals"],
    "tags": ["dairy", "yoghurt"],
    "locations": {
      "vic": {
        "price": 3,
        "promoText": " ",
        "packageSize": "300g",
        "packagePrice": "$1.00 per 100G"
      }
    }
  },
  {
    "id": "alpro-yoghurt-almond-mango",
    "brand": "Alpro",
    "name": "Almond Mango Yoghurt",
    "imageUrl": "https://shop.coles.com.au/wcsstore/Coles-CAS/images/3/5/3/3539209-th.jpg",
    "categories": ["dairy-eggs-meals"],
    "tags": ["dairy", "yoghurt"],
    "locations": {
      "vic": {
        "price": 3.5,
        "promoText": " ",
        "packageSize": "150g",
        "packagePrice": "$2.33 per 100G"
      }
    }
  },
  {
    "id": "alpro-yoghurt-almond-strawberry",
    "brand": "Alpro",
    "name": "Almond & Strawberry Yoghurt",
    "imageUrl": "https://shop.coles.com.au/wcsstore/Coles-CAS/images/3/5/3/3539210-th.jpg",
    "categories": ["dairy-eggs-meals"],
    "tags": ["dairy", "yoghurt"],
    "locations": {
      "vic": {
        "price": 3.5,
        "promoText": " ",
        "packageSize": "150g",
        "packagePrice": "$2.33 per 100G"
      }
    }
  },
  {
    "id": "chobani-pouch-yoghurt-tropical",
    "brand": "Chobani",
    "name": "Tropical Yoghurt Pouch",
    "imageUrl": "https://shop.coles.com.au/wcsstore/Coles-CAS/images/3/5/3/3539774-th.jpg",
    "categories": ["dairy-eggs-meals"],
    "tags": ["dairy", "yoghurt"],
    "locations": {
      "vic": {
        "price": 2.25,
        "promoText": " ",
        "packageSize": "140g",
        "packagePrice": "$1.61 per 100G"
      }
    }
  },
  {
    "id": "cocobella-pouch-coconut-yoghurt-vanilla",
    "brand": "Cocobella",
    "name": "Vanilla Coconut Yoghurt Pouch",
    "imageUrl": "https://shop.coles.com.au/wcsstore/Coles-CAS/images/3/5/4/3540365-th.jpg",
    "categories": ["dairy-eggs-meals"],
    "tags": ["dairy", "yoghurt"],
    "locations": {
      "vic": {
        "price": 1.5,
        "promoText": "$0.50 ",
        "packageSize": "110g",
        "packagePrice": "$1.36 per 100G"
      }
    }
  },
  {
    "id": "coyo-organic-blueberry-coconut-milk-yoghurt-tub",
    "brand": "Coyo",
    "name": "Organic Blueberry Coconut Milk Yoghurt Tub",
    "imageUrl": "https://shop.coles.com.au/wcsstore/Coles-CAS/images/3/5/3/3535128-th.jpg",
    "categories": ["dairy-eggs-meals"],
    "tags": ["dairy", "yoghurt"],
    "locations": {
      "vic": {
        "price": 7,
        "promoText": " ",
        "packageSize": "300g",
        "packagePrice": "$2.33 per 100G"
      }
    }
  },
  {
    "id": "easiyo-yoghurt-reduced-sugar-vanilla",
    "brand": "Easiyo",
    "name": "Yoghurt Reduced Sugar Vanilla",
    "imageUrl": "https://shop.coles.com.au/wcsstore/Coles-CAS/images/3/7/3/3730258-th.jpg",
    "categories": ["dairy-eggs-meals"],
    "tags": ["dairy", "yoghurt"],
    "locations": {
      "vic": {
        "price": 3.75,
        "promoText": "$0.45 ",
        "packageSize": "176g",
        "packagePrice": "$2.13 per 100G"
      }
    }
  },
  {
    "id": "gippsland-twist-yoghurt-strawberry-cream-3721847p",
    "brand": "Gippsland Dairy",
    "name": "Strawberry Cream Twist Yoghurt",
    "imageUrl": "https://shop.coles.com.au/wcsstore/Coles-CAS/images/3/7/2/3721847-th.jpg",
    "categories": ["dairy-eggs-meals"],
    "tags": ["dairy", "yoghurt"],
    "locations": {
      "vic": {
        "price": 1.5,
        "promoText": "$1.00 ",
        "packageSize": "160g",
        "packagePrice": "$0.94 per 100G"
      }
    }
  },
  {
    "id": "liberte-yoghurt-blackberry-150g",
    "brand": "Liberte",
    "name": "Blackberry Yoghurt Tub",
    "imageUrl": "https://shop.coles.com.au/wcsstore/Coles-CAS/images/3/5/3/3536710-th.jpg",
    "categories": ["dairy-eggs-meals"],
    "tags": ["dairy", "yoghurt"],
    "locations": {
      "vic": {
        "price": 2.5,
        "promoText": " ",
        "packageSize": "150g",
        "packagePrice": "$1.67 per 100G"
      }
    }
  },
  {
    "id": "chobani-yogurt-limited-edition-pouch",
    "brand": "Chobani",
    "name": "Limited Edition Watermelon Flavour Greek Yoghurt Pouch",
    "imageUrl": "https://shop.coles.com.au/wcsstore/Coles-CAS/images/3/2/4/3246572-th.jpg",
    "categories": ["dairy-eggs-meals"],
    "tags": ["dairy", "yoghurt"],
    "locations": {
      "vic": {
        "price": 2.25,
        "promoText": " ",
        "packageSize": "140g",
        "packagePrice": "$1.61 per 100G"
      }
    }
  },
  {
    "id": "danone-yopro-yoghurt-vanilla",
    "brand": "Danone",
    "name": "Yopro Vanilla Yoghurt",
    "imageUrl": "https://shop.coles.com.au/wcsstore/Coles-CAS/images/3/2/4/3246914-th.jpg",
    "categories": ["dairy-eggs-meals"],
    "tags": ["dairy", "yoghurt"],
    "locations": {
      "vic": {
        "price": 6,
        "promoText": " ",
        "packageSize": "700g",
        "packagePrice": "$0.86 per 100G"
      }
    }
  },
  {
    "id": "danone-yopro-yoghurt-drink-strawberry",
    "brand": "Danone",
    "name": "Yopro Strawberry Yoghurt Drink",
    "imageUrl": "https://shop.coles.com.au/wcsstore/Coles-CAS/images/3/4/7/3476197-th.jpg",
    "categories": ["dairy-eggs-meals"],
    "tags": ["dairy", "yoghurt"],
    "locations": {
      "vic": {
        "price": 3.8,
        "promoText": " ",
        "packageSize": "260mL",
        "packagePrice": "$1.46 per 100mL"
      }
    }
  },
  {
    "id": "danone-yopro-yoghurt-drink-vanilla",
    "brand": "Danone",
    "name": "Yopro Vanilla Yoghurt Drink Chilled",
    "imageUrl": "https://shop.coles.com.au/wcsstore/Coles-CAS/images/3/4/7/3476200-th.jpg",
    "categories": ["dairy-eggs-meals"],
    "tags": ["dairy", "yoghurt"],
    "locations": {
      "vic": {
        "price": 3.8,
        "promoText": " ",
        "packageSize": "260mL",
        "packagePrice": "$1.46 per 100mL"
      }
    }
  },
  {
    "id": "danone-yopro-yoghurt-drink-coffee",
    "brand": "Danone",
    "name": "Yopro Coffee Yoghurt Drink",
    "imageUrl": "https://shop.coles.com.au/wcsstore/Coles-CAS/images/3/4/7/3476244-th.jpg",
    "categories": ["dairy-eggs-meals"],
    "tags": ["dairy", "yoghurt"],
    "locations": {
      "vic": {
        "price": 0,
        "promoText": " ",
        "packageSize": "260mL",
        "packagePrice": ""
      }
    }
  },
  {
    "id": "danone-yopro-yoghurt-drink-passionfruit",
    "brand": "Danone",
    "name": "Yopro Mango Passion Yoghurt Drink",
    "imageUrl": "https://shop.coles.com.au/wcsstore/Coles-CAS/images/3/4/7/3476222-th.jpg",
    "categories": ["dairy-eggs-meals"],
    "tags": ["dairy", "yoghurt"],
    "locations": {
      "vic": {
        "price": 3.8,
        "promoText": " ",
        "packageSize": "260mL",
        "packagePrice": "$1.46 per 100mL"
      }
    }
  },
  {
    "id": "danone-yopro-yoghurt-drink-banana",
    "brand": "Danone",
    "name": "Yopro Banana Yoghurt Drink",
    "imageUrl": "https://shop.coles.com.au/wcsstore/Coles-CAS/images/3/4/7/3476211-th.jpg",
    "categories": ["dairy-eggs-meals"],
    "tags": ["dairy", "yoghurt"],
    "locations": {
      "vic": {
        "price": 3.8,
        "promoText": " ",
        "packageSize": "260mL",
        "packagePrice": "$1.46 per 100mL"
      }
    }
  },
  {
    "id": "easiyo-low-fat-greek-yoghurt",
    "brand": "Easiyo",
    "name": "Greek Style Unsweetened Yoghurt",
    "imageUrl": "https://shop.coles.com.au/wcsstore/Coles-CAS/images/2/7/4/2745985-th.jpg",
    "categories": ["dairy-eggs-meals"],
    "tags": ["dairy", "yoghurt"],
    "locations": {
      "vic": {
        "price": 3.75,
        "promoText": "$0.45 ",
        "packageSize": "170g",
        "packagePrice": "$2.21 per 100G"
      }
    }
  },
  {
    "id": "easyio-vanilla-yoghurt",
    "brand": "Easiyo",
    "name": "Vanilla Flavour Yoghurt",
    "imageUrl": "https://shop.coles.com.au/wcsstore/Coles-CAS/images/2/7/4/2745963-th.jpg",
    "categories": ["dairy-eggs-meals"],
    "tags": ["dairy", "yoghurt"],
    "locations": {
      "vic": {
        "price": 4.5,
        "promoText": " ",
        "packageSize": "230g",
        "packagePrice": "$1.96 per 100G"
      }
    }
  },
  {
    "id": "easiyo-greek-yoghurt",
    "brand": "Easiyo",
    "name": "Greek Style Unsweetened Yoghurt",
    "imageUrl": "https://shop.coles.com.au/wcsstore/Coles-CAS/images/2/7/4/2745974-th.jpg",
    "categories": ["dairy-eggs-meals"],
    "tags": ["dairy", "yoghurt"],
    "locations": {
      "vic": {
        "price": 3.75,
        "promoText": "$0.45 ",
        "packageSize": "170g",
        "packagePrice": "$2.21 per 100G"
      }
    }
  },
  {
    "id": "easyio-strawberry-yoghurt",
    "brand": "Easiyo",
    "name": "Strawberry Yoghurt",
    "imageUrl": "https://shop.coles.com.au/wcsstore/Coles-CAS/images/2/7/4/2745952-th.jpg",
    "categories": ["dairy-eggs-meals"],
    "tags": ["dairy", "yoghurt"],
    "locations": {
      "vic": {
        "price": 4.5,
        "promoText": " ",
        "packageSize": "230g",
        "packagePrice": "$1.96 per 100G"
      }
    }
  },
  {
    "id": "easiyo-greek-honey-yoghurt",
    "brand": "Easiyo",
    "name": "Greek Style Honey Yoghurt",
    "imageUrl": "https://shop.coles.com.au/wcsstore/Coles-CAS/images/2/7/4/2745792-th.jpg",
    "categories": ["dairy-eggs-meals"],
    "tags": ["dairy", "yoghurt"],
    "locations": {
      "vic": {
        "price": 4.5,
        "promoText": " ",
        "packageSize": "210g",
        "packagePrice": "$2.14 per 100G"
      }
    }
  },
  {
    "id": "easiyo-red-yoghurt-maker",
    "brand": "Easiyo",
    "name": "Red Yoghurt Maker",
    "imageUrl": "https://shop.coles.com.au/wcsstore/Coles-CAS/images/2/7/4/2745748-th.jpg",
    "categories": ["dairy-eggs-meals"],
    "tags": ["dairy", "yoghurt"],
    "locations": {
      "vic": {
        "price": 22,
        "promoText": " ",
        "packageSize": "",
        "packagePrice": "$22.00 per 1Ea"
      }
    }
  },
  {
    "id": "easiyo-greek-coconut-yoghurt",
    "brand": "Easiyo",
    "name": "Greek Style Coconut Yoghurt",
    "imageUrl": "https://shop.coles.com.au/wcsstore/Coles-CAS/images/2/7/4/2745293-th.jpg",
    "categories": ["dairy-eggs-meals"],
    "tags": ["dairy", "yoghurt"],
    "locations": {
      "vic": {
        "price": 4.5,
        "promoText": " ",
        "packageSize": "240g",
        "packagePrice": "$1.88 per 100G"
      }
    }
  },
  {
    "id": "easyio-natural-yoghurt",
    "brand": "Easiyo",
    "name": "Natural Unsweetened Yoghurt",
    "imageUrl": "https://shop.coles.com.au/wcsstore/Coles-CAS/images/2/7/4/2745249-th.jpg",
    "categories": ["dairy-eggs-meals"],
    "tags": ["dairy", "yoghurt"],
    "locations": {
      "vic": {
        "price": 3.75,
        "promoText": "$0.45 ",
        "packageSize": "140g",
        "packagePrice": "$2.68 per 100G"
      }
    }
  },
  {
    "id": "easiyo-mixed-berries-yoghurt",
    "brand": "Easiyo",
    "name": "Greek Style Mixed Berries Yoghurt",
    "imageUrl": "https://shop.coles.com.au/wcsstore/Coles-CAS/images/2/7/4/2745544-th.jpg",
    "categories": ["dairy-eggs-meals"],
    "tags": ["dairy", "yoghurt"],
    "locations": {
      "vic": {
        "price": 0,
        "promoText": " ",
        "packageSize": "240g",
        "packagePrice": ""
      }
    }
  },
  {
    "id": "easiyo-yoghurt-reduced-sugar-strawberry",
    "brand": "Easiyo",
    "name": "Yoghurt Reduced Sugar Strawberry",
    "imageUrl": "https://shop.coles.com.au/wcsstore/Coles-CAS/images/3/7/3/3730247-th.jpg",
    "categories": ["dairy-eggs-meals"],
    "tags": ["dairy", "yoghurt"],
    "locations": {
      "vic": {
        "price": 3.75,
        "promoText": "$0.45 ",
        "packageSize": "176g",
        "packagePrice": "$2.13 per 100G"
      }
    }
  },
  {
    "id": "five%3Aam-simply-yoghurt-mango-3475580p",
    "brand": "Five:AM",
    "name": "Mango Whole Milk Yoghurt",
    "imageUrl": "https://shop.coles.com.au/wcsstore/Coles-CAS/images/3/4/7/3475580-th.jpg",
    "categories": ["dairy-eggs-meals"],
    "tags": ["dairy", "yoghurt"],
    "locations": {
      "vic": {
        "price": 2.6,
        "promoText": " ",
        "packageSize": "170g",
        "packagePrice": "$1.53 per 100G"
      }
    }
  },
  {
    "id": "impressed-almond-yoghurt-vanilla",
    "brand": "Impressed",
    "name": "Dairy Free Vanilla Almond Milk Yoghurt",
    "imageUrl": "https://shop.coles.com.au/wcsstore/Coles-CAS/images/3/2/4/3246539-th.jpg",
    "categories": ["dairy-eggs-meals"],
    "tags": ["dairy", "yoghurt"],
    "locations": {
      "vic": {
        "price": 0,
        "promoText": " ",
        "packageSize": "150g",
        "packagePrice": ""
      }
    }
  },
  {
    "id": "yoplait-smoothie-passionfruit-mango-3476845p",
    "brand": "Yoplait",
    "name": "Passionfruit & Mango Yoghurt Smoothie",
    "imageUrl": "https://shop.coles.com.au/wcsstore/Coles-CAS/images/3/4/7/3476845-th.jpg",
    "categories": ["dairy-eggs-meals"],
    "tags": ["dairy", "yoghurt"],
    "locations": {
      "vic": {
        "price": 3,
        "promoText": " ",
        "packageSize": "300g",
        "packagePrice": "$1.00 per 100G"
      }
    }
  },
  {
    "id": "yoplait-smoothie-mango-peach-3476801p",
    "brand": "Yoplait",
    "name": "Mango & Peach Yoghurt Smoothie",
    "imageUrl": "https://shop.coles.com.au/wcsstore/Coles-CAS/images/3/4/7/3476801-th.jpg",
    "categories": ["dairy-eggs-meals"],
    "tags": ["dairy", "yoghurt"],
    "locations": {
      "vic": {
        "price": 3,
        "promoText": " ",
        "packageSize": "300g",
        "packagePrice": "$1.00 per 100G"
      }
    }
  },
  {
    "id": "flora-spread-margarine-sunflower-original-tub",
    "brand": "Flora",
    "name": "Original Margarine Spread",
    "imageUrl": "https://shop.coles.com.au/wcsstore/Coles-CAS/images/1/8/9/189406-th.jpg",
    "categories": ["dairy-eggs-meals"],
    "tags": ["dairy", "butter-margarine"],
    "locations": {
      "vic": {
        "price": 3,
        "promoText": " ",
        "packageSize": "500g",
        "packagePrice": "$0.60 per 100G"
      }
    }
  },
  {
    "id": "flora-spread-margarine-pro-activ-original-tub",
    "brand": "Flora",
    "name": "Pro Activ Dairy Margarine",
    "imageUrl": "https://shop.coles.com.au/wcsstore/Coles-CAS/images/8/8/4/8840843-th.jpg",
    "categories": ["dairy-eggs-meals"],
    "tags": ["dairy", "butter-margarine"],
    "locations": {
      "vic": {
        "price": 8,
        "promoText": " ",
        "packageSize": "500g",
        "packagePrice": "$1.60 per 100G"
      }
    }
  },
  {
    "id": "flora-with-butter-sea-salt",
    "brand": "Flora",
    "name": "With Butter Sea Salt",
    "imageUrl": "https://shop.coles.com.au/wcsstore/Coles-CAS/images/2/6/5/2653854-th.jpg",
    "categories": ["dairy-eggs-meals"],
    "tags": ["dairy", "butter-margarine"],
    "locations": {
      "vic": {
        "price": 3.8,
        "promoText": "Was $4.30 on May 2019 ",
        "packageSize": "400g",
        "packagePrice": "$0.95 per 100G"
      }
    }
  },
  {
    "id": "meadow-lea-spread-margarine-tub-138074p",
    "brand": "Meadow Lea",
    "name": "Original Margarine Spread",
    "imageUrl": "https://shop.coles.com.au/wcsstore/Coles-CAS/images/1/3/8/138074-th.jpg",
    "categories": ["dairy-eggs-meals"],
    "tags": ["dairy", "butter-margarine"],
    "locations": {
      "vic": {
        "price": 2,
        "promoText": "$1.30 ",
        "packageSize": "500g",
        "packagePrice": "$0.40 per 100G"
      }
    }
  },
  {
    "id": "olive-grove-spread-margarine-olive-oil-mild-tasting-tub",
    "brand": "Olive Grove",
    "name": "Classic Olive Oil Margarine Tub",
    "imageUrl": "https://shop.coles.com.au/wcsstore/Coles-CAS/images/5/4/4/5448589-th.jpg",
    "categories": ["dairy-eggs-meals"],
    "tags": ["dairy", "butter-margarine"],
    "locations": {
      "vic": {
        "price": 3.5,
        "promoText": "Was $4.00 on Sep 2018 ",
        "packageSize": "500g",
        "packagePrice": "$0.70 per 100G"
      }
    }
  },
  {
    "id": "olive-grove-spread-margarine-olive-oil-lite-tub",
    "brand": "Olive Grove",
    "name": "Olive Oil Margarine Lite Tub",
    "imageUrl": "https://shop.coles.com.au/wcsstore/Coles-CAS/images/8/1/3/8139252-th.jpg",
    "categories": ["dairy-eggs-meals"],
    "tags": ["dairy", "butter-margarine"],
    "locations": {
      "vic": {
        "price": 3.5,
        "promoText": "Was $4.00 on Sep 2018 ",
        "packageSize": "500g",
        "packagePrice": "$0.70 per 100G"
      }
    }
  },
  {
    "id": "western-star-butter-blend-spreadable-traditional-tub-7716500p",
    "brand": "Western Star",
    "name": "Traditional Spreadable Butter Blend",
    "imageUrl": "https://shop.coles.com.au/wcsstore/Coles-CAS/images/7/7/1/7716500-th.jpg",
    "categories": ["dairy-eggs-meals"],
    "tags": ["dairy", "butter-margarine"],
    "locations": {
      "vic": {
        "price": 6,
        "promoText": " ",
        "packageSize": "500g",
        "packagePrice": "$1.20 per 100G"
      }
    }
  },
  {
    "id": "lurpak-butter-blend-spreadable-slightly-salted-tub",
    "brand": "Lurpak",
    "name": "Slightly Salted Spreadable Butter",
    "imageUrl": "https://shop.coles.com.au/wcsstore/Coles-CAS/images/5/3/9/5393910-th.jpg",
    "categories": ["dairy-eggs-meals"],
    "tags": ["dairy", "butter-margarine"],
    "locations": {
      "vic": {
        "price": 5,
        "promoText": "Was $6.00 on Apr 2018 ",
        "packageSize": "250g",
        "packagePrice": "$2.00 per 100G"
      }
    }
  },
  {
    "id": "western-star-butter-original-pat-210590p",
    "brand": "Western Star",
    "name": "Original Salted Butter",
    "imageUrl": "https://shop.coles.com.au/wcsstore/Coles-CAS/images/2/1/0/210590-th.jpg",
    "categories": ["dairy-eggs-meals"],
    "tags": ["dairy", "butter-margarine"],
    "locations": {
      "vic": {
        "price": 4,
        "promoText": " ",
        "packageSize": "250g",
        "packagePrice": "$1.60 per 100G"
      }
    }
  },
  {
    "id": "western-star-butter-blend-spreadable-supersoft-tub",
    "brand": "Western Star",
    "name": "Supersoft Spreadable Butter Blend",
    "imageUrl": "https://shop.coles.com.au/wcsstore/Coles-CAS/images/9/6/1/9615296-th.jpg",
    "categories": ["dairy-eggs-meals"],
    "tags": ["dairy", "butter-margarine"],
    "locations": {
      "vic": {
        "price": 6,
        "promoText": " ",
        "packageSize": "500g",
        "packagePrice": "$1.20 per 100G"
      }
    }
  },
  {
    "id": "butter-unsalted",
    "brand": "Coles",
    "name": "Unsalted Butter",
    "imageUrl": "https://shop.coles.com.au/wcsstore/Coles-CAS/images/3/1/6/3169879-th.jpg",
    "categories": ["dairy-eggs-meals"],
    "tags": ["dairy", "butter-margarine"],
    "locations": {
      "vic": {
        "price": 2.8,
        "promoText": " ",
        "packageSize": "250g",
        "packagePrice": "$1.12 per 100G"
      }
    }
  },
  {
    "id": "nuttelex-spread-margarine-original-tub",
    "brand": "Nuttelex",
    "name": "Original Spread",
    "imageUrl": "https://shop.coles.com.au/wcsstore/Coles-CAS/images/2/0/9/209161-th.jpg",
    "categories": ["dairy-eggs-meals"],
    "tags": ["dairy", "butter-margarine"],
    "locations": {
      "vic": {
        "price": 2.75,
        "promoText": "$0.75 ",
        "packageSize": "500g",
        "packagePrice": "$0.55 per 100G"
      }
    }
  },
  {
    "id": "coles-dairy-butter",
    "brand": "Coles",
    "name": "Butter",
    "imageUrl": "https://shop.coles.com.au/wcsstore/Coles-CAS/images/3/1/3/313505-th.jpg",
    "categories": ["dairy-eggs-meals"],
    "tags": ["dairy", "butter-margarine"],
    "locations": {
      "vic": {
        "price": 3.25,
        "promoText": " ",
        "packageSize": "250g",
        "packagePrice": "$1.30 per 100G"
      }
    }
  },
  {
    "id": "mainland-butter-soft-tub",
    "brand": "Mainland",
    "name": "Butter Soft Salted Spreadable Butter",
    "imageUrl": "https://shop.coles.com.au/wcsstore/Coles-CAS/images/6/8/5/6854734-th.jpg",
    "categories": ["dairy-eggs-meals"],
    "tags": ["dairy", "butter-margarine"],
    "locations": {
      "vic": {
        "price": 6.7,
        "promoText": " ",
        "packageSize": "375g",
        "packagePrice": "$1.79 per 100G"
      }
    }
  },
  {
    "id": "western-star-butter-original-pat",
    "brand": "Western Star",
    "name": "Original Salted Butter Pat",
    "imageUrl": "https://shop.coles.com.au/wcsstore/Coles-CAS/images/2/1/0/210604-th.jpg",
    "categories": ["dairy-eggs-meals"],
    "tags": ["dairy", "butter-margarine"],
    "locations": {
      "vic": {
        "price": 7,
        "promoText": " ",
        "packageSize": "500g",
        "packagePrice": "$14.00 per 1kg"
      }
    }
  },
  {
    "id": "coles-dairy-butter-pat",
    "brand": "Coles",
    "name": "Butter Pat",
    "imageUrl": "https://shop.coles.com.au/wcsstore/Coles-CAS/images/2/1/0/210160-th.jpg",
    "categories": ["dairy-eggs-meals"],
    "tags": ["dairy", "butter-margarine"],
    "locations": {
      "vic": {
        "price": 5.6,
        "promoText": " ",
        "packageSize": "500g",
        "packagePrice": "$1.12 per 100G"
      }
    }
  },
  {
    "id": "butter-salted",
    "brand": "Coles",
    "name": "Salted Butter",
    "imageUrl": "https://shop.coles.com.au/wcsstore/Coles-CAS/images/3/1/6/3169880-th.jpg",
    "categories": ["dairy-eggs-meals"],
    "tags": ["dairy", "butter-margarine"],
    "locations": {
      "vic": {
        "price": 5,
        "promoText": " ",
        "packageSize": "500g",
        "packagePrice": "$1.00 per 100G"
      }
    }
  },
  {
    "id": "western-star-butter-blend-spreadable-traditional-tub",
    "brand": "Western Star",
    "name": "Original Soft Spreadable Butter",
    "imageUrl": "https://shop.coles.com.au/wcsstore/Coles-CAS/images/7/7/1/7716850-th.jpg",
    "categories": ["dairy-eggs-meals"],
    "tags": ["dairy", "butter-margarine"],
    "locations": {
      "vic": {
        "price": 5,
        "promoText": " ",
        "packageSize": "375g",
        "packagePrice": "$1.33 per 100G"
      }
    }
  },
  {
    "id": "coles-salted-butter",
    "brand": "Coles",
    "name": "Salted Butter",
    "imageUrl": "https://shop.coles.com.au/wcsstore/Coles-CAS/images/3/1/6/3169835-th.jpg",
    "categories": ["dairy-eggs-meals"],
    "tags": ["dairy", "butter-margarine"],
    "locations": {
      "vic": {
        "price": 2.8,
        "promoText": " ",
        "packageSize": "250g",
        "packagePrice": "$1.12 per 100G"
      }
    }
  },
  {
    "id": "coles-spread-margarine-olive-oil-tub",
    "brand": "Coles",
    "name": "Olive Oil Spread",
    "imageUrl": "https://shop.coles.com.au/wcsstore/Coles-CAS/images/9/6/4/9641809-th.jpg",
    "categories": ["dairy-eggs-meals"],
    "tags": ["dairy", "butter-margarine"],
    "locations": {
      "vic": {
        "price": 2,
        "promoText": " ",
        "packageSize": "500g",
        "packagePrice": "$0.40 per 100G"
      }
    }
  },
  {
    "id": "western-star-butter-unsalted-pat",
    "brand": "Western Star",
    "name": "Unsalted Butter",
    "imageUrl": "https://shop.coles.com.au/wcsstore/Coles-CAS/images/7/7/3/7739731-th.jpg",
    "categories": ["dairy-eggs-meals"],
    "tags": ["dairy", "butter-margarine"],
    "locations": {
      "vic": {
        "price": 4,
        "promoText": " ",
        "packageSize": "250g",
        "packagePrice": "$1.60 per 100G"
      }
    }
  },
  {
    "id": "devondale-regular-butter",
    "brand": "Devondale",
    "name": "Salted Butter",
    "imageUrl": "https://shop.coles.com.au/wcsstore/Coles-CAS/images/1/7/7/1778617-th.jpg",
    "categories": ["dairy-eggs-meals"],
    "tags": ["dairy", "butter-margarine"],
    "locations": {
      "vic": {
        "price": 4.3,
        "promoText": " ",
        "packageSize": "250g",
        "packagePrice": "$1.72 per 100G"
      }
    }
  },
  {
    "id": "mainland-butter-soft-less-salt-tub",
    "brand": "Mainland",
    "name": "Butter Soft Salt Reduced Spreadable Butter",
    "imageUrl": "https://shop.coles.com.au/wcsstore/Coles-CAS/images/6/8/5/6854745-th.jpg",
    "categories": ["dairy-eggs-meals"],
    "tags": ["dairy", "butter-margarine"],
    "locations": {
      "vic": {
        "price": 6.7,
        "promoText": " ",
        "packageSize": "375g",
        "packagePrice": "$1.79 per 100G"
      }
    }
  },
  {
    "id": "coles-dairy-butter-unsalted-pat",
    "brand": "Coles",
    "name": "Unsalted Butter",
    "imageUrl": "https://shop.coles.com.au/wcsstore/Coles-CAS/images/4/6/8/46883-th.jpg",
    "categories": ["dairy-eggs-meals"],
    "tags": ["dairy", "butter-margarine"],
    "locations": {
      "vic": {
        "price": 3.25,
        "promoText": " ",
        "packageSize": "250g",
        "packagePrice": "$1.30 per 100G"
      }
    }
  },
  {
    "id": "nuttelex-spread-buttery",
    "brand": "Nuttelex",
    "name": "Buttery Spread",
    "imageUrl": "https://shop.coles.com.au/wcsstore/Coles-CAS/images/3/0/5/3056920-th.jpg",
    "categories": ["dairy-eggs-meals"],
    "tags": ["dairy", "butter-margarine"],
    "locations": {
      "vic": {
        "price": 2.75,
        "promoText": "$0.75 ",
        "packageSize": "500g",
        "packagePrice": "$0.55 per 100G"
      }
    }
  },
  {
    "id": "devondale-butter-blend-soft-tub",
    "brand": "Devondale",
    "name": "Regular Butter",
    "imageUrl": "https://shop.coles.com.au/wcsstore/Coles-CAS/images/5/0/1/5017500-th.jpg",
    "categories": ["dairy-eggs-meals"],
    "tags": ["dairy", "butter-margarine"],
    "locations": {
      "vic": {
        "price": 5.7,
        "promoText": " ",
        "packageSize": "500g",
        "packagePrice": "$1.14 per 100G"
      }
    }
  },
  {
    "id": "lurpak-butter-blend-spreadable-light-tub",
    "brand": "Lurpak",
    "name": "Spreadable Light Butter",
    "imageUrl": "https://shop.coles.com.au/wcsstore/Coles-CAS/images/7/1/7/7175363-th.jpg",
    "categories": ["dairy-eggs-meals"],
    "tags": ["dairy", "butter-margarine"],
    "locations": {
      "vic": {
        "price": 5,
        "promoText": "Was $6.00 on Apr 2018 ",
        "packageSize": "250g",
        "packagePrice": "$2.00 per 100G"
      }
    }
  },
  {
    "id": "western-star-butter-unsalted-continental-pat",
    "brand": "Western Star",
    "name": "Chef's Choice Unsalted Cultured Butter Pat",
    "imageUrl": "https://shop.coles.com.au/wcsstore/Coles-CAS/images/1/9/0/190100-th.jpg",
    "categories": ["dairy-eggs-meals"],
    "tags": ["dairy", "butter-margarine"],
    "locations": {
      "vic": {
        "price": 4,
        "promoText": " ",
        "packageSize": "250g",
        "packagePrice": "$1.60 per 100G"
      }
    }
  },
  {
    "id": "devondale-unsalted-pat-butter",
    "brand": "Devondale",
    "name": "Unsalted Pat Butter",
    "imageUrl": "https://shop.coles.com.au/wcsstore/Coles-CAS/images/1/9/8/1985917-th.jpg",
    "categories": ["dairy-eggs-meals"],
    "tags": ["dairy", "butter-margarine"],
    "locations": {
      "vic": {
        "price": 4.3,
        "promoText": " ",
        "packageSize": "250g",
        "packagePrice": "$1.72 per 100G"
      }
    }
  },
  {
    "id": "lurpak-butter-unsalted-danish-pat",
    "brand": "Lurpak",
    "name": "Unsalted Danish Butter",
    "imageUrl": "https://shop.coles.com.au/wcsstore/Coles-CAS/images/7/1/7/7174906-th.jpg",
    "categories": ["dairy-eggs-meals"],
    "tags": ["dairy", "butter-margarine"],
    "locations": {
      "vic": {
        "price": 5,
        "promoText": "Was $6.00 on Apr 2018 ",
        "packageSize": "250g",
        "packagePrice": "$2.00 per 100G"
      }
    }
  },
  {
    "id": "coles-organic-salted-butter",
    "brand": "Coles",
    "name": "Organic Salted Butter",
    "imageUrl": "https://shop.coles.com.au/wcsstore/Coles-CAS/images/3/5/1/3519416-th.jpg",
    "categories": ["dairy-eggs-meals"],
    "tags": ["dairy", "butter-margarine"],
    "locations": {
      "vic": {
        "price": 3.7,
        "promoText": " ",
        "packageSize": "250g",
        "packagePrice": "$1.48 per 100G"
      }
    }
  },
  {
    "id": "mainland-organic-butter",
    "brand": "Mainland",
    "name": "Organic Salted Butter",
    "imageUrl": "https://shop.coles.com.au/wcsstore/Coles-CAS/images/1/7/0/1708076-th.jpg",
    "categories": ["dairy-eggs-meals"],
    "tags": ["dairy", "butter-margarine"],
    "locations": {
      "vic": {
        "price": 5.4,
        "promoText": " ",
        "packageSize": "250g",
        "packagePrice": "$2.16 per 100G"
      }
    }
  },
  {
    "id": "lurpak-butter-slightly-salted-pat",
    "brand": "Lurpak",
    "name": "Slightly Salted Danish Butter",
    "imageUrl": "https://shop.coles.com.au/wcsstore/Coles-CAS/images/5/3/9/5394129-th.jpg",
    "categories": ["dairy-eggs-meals"],
    "tags": ["dairy", "butter-margarine"],
    "locations": {
      "vic": {
        "price": 5,
        "promoText": "Was $6.00 on Apr 2018 ",
        "packageSize": "250g",
        "packagePrice": "$2.00 per 100G"
      }
    }
  },
  {
    "id": "true-blue-butter-garlic-tub",
    "brand": "Tru-Blue",
    "name": "Garlic Butter Spread",
    "imageUrl": "https://shop.coles.com.au/wcsstore/Coles-CAS/images/6/8/0/6801964-th.jpg",
    "categories": ["dairy-eggs-meals"],
    "tags": ["dairy", "butter-margarine"],
    "locations": {
      "vic": {
        "price": 3,
        "promoText": " ",
        "packageSize": "150g",
        "packagePrice": "$2.00 per 100G"
      }
    }
  },
  {
    "id": "western-star-butter-chefs-choice-unsalted",
    "brand": "Western Star",
    "name": "Chef's Choice Unsalted Cultured Butter",
    "imageUrl": "https://shop.coles.com.au/wcsstore/Coles-CAS/images/9/3/7/93760-th.jpg",
    "categories": ["dairy-eggs-meals"],
    "tags": ["dairy", "butter-margarine"],
    "locations": {
      "vic": {
        "price": 7,
        "promoText": " ",
        "packageSize": "500g",
        "packagePrice": "$1.40 per 100G"
      }
    }
  },
  {
    "id": "western-star-salt-reduced-spreadable-butter-blend",
    "brand": "Western Star",
    "name": "Reduced Salt Spreadable Butter Blend",
    "imageUrl": "https://shop.coles.com.au/wcsstore/Coles-CAS/images/7/7/1/7716113-th.jpg",
    "categories": ["dairy-eggs-meals"],
    "tags": ["dairy", "butter-margarine"],
    "locations": {
      "vic": {
        "price": 6,
        "promoText": " ",
        "packageSize": "500g",
        "packagePrice": "$1.20 per 100G"
      }
    }
  },
  {
    "id": "farmers-table-butter-unsalted",
    "brand": "Farmer's Table",
    "name": "Unsalted Butter",
    "imageUrl": "https://shop.coles.com.au/wcsstore/Coles-CAS/images/3/5/1/3515404-th.jpg",
    "categories": ["dairy-eggs-meals"],
    "tags": ["dairy", "butter-margarine"],
    "locations": {
      "vic": {
        "price": 3.85,
        "promoText": " ",
        "packageSize": "250g",
        "packagePrice": "$1.54 per 100G"
      }
    }
  },
  {
    "id": "farmers-table-butter-salted",
    "brand": "Farmer's Table",
    "name": "Salted Butter",
    "imageUrl": "https://shop.coles.com.au/wcsstore/Coles-CAS/images/3/5/1/3515379-th.jpg",
    "categories": ["dairy-eggs-meals"],
    "tags": ["dairy", "butter-margarine"],
    "locations": {
      "vic": {
        "price": 3.85,
        "promoText": " ",
        "packageSize": "250g",
        "packagePrice": "$1.54 per 100G"
      }
    }
  },
  {
    "id": "bertolli-with-butter-sea-salt",
    "brand": "Bertolli",
    "name": "Sea Salt Butter",
    "imageUrl": "https://shop.coles.com.au/wcsstore/Coles-CAS/images/2/6/5/2653843-th.jpg",
    "categories": ["dairy-eggs-meals"],
    "tags": ["dairy", "butter-margarine"],
    "locations": {
      "vic": {
        "price": 4.5,
        "promoText": "Was $5.00 on Apr 2019 ",
        "packageSize": "400g",
        "packagePrice": "$1.13 per 100G"
      }
    }
  },
  {
    "id": "coles-smart-buy-margarine-spread",
    "brand": "Coles",
    "name": "Regular Spread",
    "imageUrl": "https://shop.coles.com.au/wcsstore/Coles-CAS/images/5/4/2/5428639-th.jpg",
    "categories": ["dairy-eggs-meals"],
    "tags": ["dairy", "butter-margarine"],
    "locations": {
      "vic": {
        "price": 1.6,
        "promoText": " ",
        "packageSize": "1kg",
        "packagePrice": "$1.60 per 1KG"
      }
    }
  },
  {
    "id": "mainland-pure-butter-pats-salted",
    "brand": "Mainland",
    "name": "Salted Pure Butter",
    "imageUrl": "https://shop.coles.com.au/wcsstore/Coles-CAS/images/3/0/6/3060767-th.jpg",
    "categories": ["dairy-eggs-meals"],
    "tags": ["dairy", "butter-margarine"],
    "locations": {
      "vic": {
        "price": 4.5,
        "promoText": "Was $5.00 on Apr 2019 ",
        "packageSize": "250g",
        "packagePrice": "$1.80 per 100G"
      }
    }
  },
  {
    "id": "mainland-organic-spreadable",
    "brand": "Mainland",
    "name": "Organic Salted Spreadable Butter",
    "imageUrl": "https://shop.coles.com.au/wcsstore/Coles-CAS/images/2/4/5/2458600-th.jpg",
    "categories": ["dairy-eggs-meals"],
    "tags": ["dairy", "butter-margarine"],
    "locations": {
      "vic": {
        "price": 5.8,
        "promoText": " ",
        "packageSize": "250g",
        "packagePrice": "$2.32 per 100G"
      }
    }
  },
  {
    "id": "flora-spread-margarine-original-tub",
    "brand": "Flora",
    "name": "Dairy Margarine",
    "imageUrl": "https://shop.coles.com.au/wcsstore/Coles-CAS/images/2/2/2/222363-th.jpg",
    "categories": ["dairy-eggs-meals"],
    "tags": ["dairy", "butter-margarine"],
    "locations": {
      "vic": {
        "price": 4.5,
        "promoText": "Was $5.00 on Jun 2017 ",
        "packageSize": "1kg",
        "packagePrice": "$4.50 per 1KG"
      }
    }
  },
  {
    "id": "flora-spread-margarine-sunflower-light-tub",
    "brand": "Flora",
    "name": "Margarine Light Dairy",
    "imageUrl": "https://shop.coles.com.au/wcsstore/Coles-CAS/images/8/7/6/87643-th.jpg",
    "categories": ["dairy-eggs-meals"],
    "tags": ["dairy", "butter-margarine"],
    "locations": {
      "vic": {
        "price": 3,
        "promoText": " ",
        "packageSize": "500g",
        "packagePrice": "$0.60 per 100G"
      }
    }
  },
  {
    "id": "lurpak-spreadable-slightly-salted",
    "brand": "Lurpak",
    "name": "Slightly Salted Spreadable",
    "imageUrl": "https://shop.coles.com.au/wcsstore/Coles-CAS/images/3/7/8/3780358-th.jpg",
    "categories": ["dairy-eggs-meals"],
    "tags": ["dairy", "butter-margarine"],
    "locations": {
      "vic": {
        "price": 8.2,
        "promoText": " ",
        "packageSize": "500g",
        "packagePrice": "$1.64 per 100G"
      }
    }
  },
  {
    "id": "nuttelex-spread-margarine-olive-oil-tub",
    "brand": "Nuttelex",
    "name": "Olive Spread",
    "imageUrl": "https://shop.coles.com.au/wcsstore/Coles-CAS/images/5/3/8/5384679-th.jpg",
    "categories": ["dairy-eggs-meals"],
    "tags": ["dairy", "butter-margarine"],
    "locations": {
      "vic": {
        "price": 3.7,
        "promoText": " ",
        "packageSize": "500g",
        "packagePrice": "$0.74 per 100G"
      }
    }
  },
  {
    "id": "devondale-butter-blend-extra-soft-tub-5047613p",
    "brand": "Devondale",
    "name": "Regular Butter Blend",
    "imageUrl": "https://shop.coles.com.au/wcsstore/Coles-CAS/images/5/0/4/5047613-th.jpg",
    "categories": ["dairy-eggs-meals"],
    "tags": ["dairy", "butter-margarine"],
    "locations": {
      "vic": {
        "price": 5.7,
        "promoText": " ",
        "packageSize": "500g",
        "packagePrice": "$1.14 per 100G"
      }
    }
  },
  {
    "id": "lurpak-butter-blend-spreadable-unsalted-tub",
    "brand": "Lurpak",
    "name": "Unsalted Spreadable Butter",
    "imageUrl": "https://shop.coles.com.au/wcsstore/Coles-CAS/images/7/1/7/7175374-th.jpg",
    "categories": ["dairy-eggs-meals"],
    "tags": ["dairy", "butter-margarine"],
    "locations": {
      "vic": {
        "price": 5,
        "promoText": "Was $6.00 on Apr 2018 ",
        "packageSize": "250g",
        "packagePrice": "$2.00 per 100G"
      }
    }
  },
  {
    "id": "western-star-spreadable-blend-supersoft",
    "brand": "Western Star",
    "name": "Spreadable Butter Blend",
    "imageUrl": "https://shop.coles.com.au/wcsstore/Coles-CAS/images/9/6/1/9615263-th.jpg",
    "categories": ["dairy-eggs-meals"],
    "tags": ["dairy", "butter-margarine"],
    "locations": {
      "vic": {
        "price": 5,
        "promoText": " ",
        "packageSize": "375g",
        "packagePrice": "$1.33 per 100G"
      }
    }
  },
  {
    "id": "coles-butter-blend-original-tub",
    "brand": "Coles",
    "name": "Original Butter Blend",
    "imageUrl": "https://shop.coles.com.au/wcsstore/Coles-CAS/images/5/4/6/5469035-th.jpg",
    "categories": ["dairy-eggs-meals"],
    "tags": ["dairy", "butter-margarine"],
    "locations": {
      "vic": {
        "price": 3.8,
        "promoText": " ",
        "packageSize": "500g",
        "packagePrice": "$0.76 per 100G"
      }
    }
  },
  {
    "id": "coles-dairy-butter-red-salt",
    "brand": "Coles",
    "name": "Salt Reduced Butter",
    "imageUrl": "https://shop.coles.com.au/wcsstore/Coles-CAS/images/5/0/7/5079234-th.jpg",
    "categories": ["dairy-eggs-meals"],
    "tags": ["dairy", "butter-margarine"],
    "locations": {
      "vic": {
        "price": 3.25,
        "promoText": " ",
        "packageSize": "250g",
        "packagePrice": "$1.30 per 100G"
      }
    }
  },
  {
    "id": "devondale-butter-blend-soft-reduced-salt-tub",
    "brand": "Devondale",
    "name": "Salt Reduced Butter",
    "imageUrl": "https://shop.coles.com.au/wcsstore/Coles-CAS/images/5/0/1/5017496-th.jpg",
    "categories": ["dairy-eggs-meals"],
    "tags": ["dairy", "butter-margarine"],
    "locations": {
      "vic": {
        "price": 5.7,
        "promoText": " ",
        "packageSize": "500g",
        "packagePrice": "$1.14 per 100G"
      }
    }
  },
  {
    "id": "devondale-extra-soft",
    "brand": "Devondale",
    "name": "Extra Soft Butter Less Fat",
    "imageUrl": "https://shop.coles.com.au/wcsstore/Coles-CAS/images/3/5/1/3512053-th.jpg",
    "categories": ["dairy-eggs-meals"],
    "tags": ["dairy", "butter-margarine"],
    "locations": {
      "vic": {
        "price": 7.5,
        "promoText": " ",
        "packageSize": "750g",
        "packagePrice": "$1.00 per 100G"
      }
    }
  },
  {
    "id": "flora-spread-margarine-pro-activ-buttery-tub",
    "brand": "Flora",
    "name": "Pro Activ Dairy Margarine",
    "imageUrl": "https://shop.coles.com.au/wcsstore/Coles-CAS/images/8/0/8/8085029-th.jpg",
    "categories": ["dairy-eggs-meals"],
    "tags": ["dairy", "butter-margarine"],
    "locations": {
      "vic": {
        "price": 8,
        "promoText": " ",
        "packageSize": "500g",
        "packagePrice": "$1.60 per 100G"
      }
    }
  },
  {
    "id": "flora-spread-margarine-sunflower-reduced-salt-tub",
    "brand": "Flora",
    "name": "Margarine Dairy Sunflower",
    "imageUrl": "https://shop.coles.com.au/wcsstore/Coles-CAS/images/4/2/1/421494-th.jpg",
    "categories": ["dairy-eggs-meals"],
    "tags": ["dairy", "butter-margarine"],
    "locations": {
      "vic": {
        "price": 3,
        "promoText": " ",
        "packageSize": "500g",
        "packagePrice": "$0.60 per 100G"
      }
    }
  },
  {
    "id": "flora-pro-activ-dairy-spread-original",
    "brand": "Flora",
    "name": "Pro Activ Spread",
    "imageUrl": "https://shop.coles.com.au/wcsstore/Coles-CAS/images/1/9/9/1991953-th.jpg",
    "categories": ["dairy-eggs-meals"],
    "tags": ["dairy", "butter-margarine"],
    "locations": {
      "vic": {
        "price": 10,
        "promoText": " ",
        "packageSize": "750g",
        "packagePrice": "$1.33 per 100G"
      }
    }
  },
  {
    "id": "great-ocean-road-pat-butter-sea-salt-250g",
    "brand": "Great Ocean Road",
    "name": "Butter With Sea Salt",
    "imageUrl": "https://shop.coles.com.au/wcsstore/Coles-CAS/images/3/7/8/3783764-th.jpg",
    "categories": ["dairy-eggs-meals"],
    "tags": ["dairy", "butter-margarine"],
    "locations": {
      "vic": {
        "price": 4.5,
        "promoText": " ",
        "packageSize": "250g",
        "packagePrice": "$1.80 per 100G"
      }
    }
  },
  {
    "id": "devondale-butter-blend-extra-soft-tub",
    "brand": "Devondale",
    "name": "Extra Soft  Butter Blend",
    "imageUrl": "https://shop.coles.com.au/wcsstore/Coles-CAS/images/5/0/4/5047602-th.jpg",
    "categories": ["dairy-eggs-meals"],
    "tags": ["dairy", "butter-margarine"],
    "locations": {
      "vic": {
        "price": 4.5,
        "promoText": " ",
        "packageSize": "375g",
        "packagePrice": "$1.20 per 100G"
      }
    }
  },
  {
    "id": "flora-spread-margarine-pro-activ-tub",
    "brand": "Flora",
    "name": "Pro Activ Dairy Margarine",
    "imageUrl": "https://shop.coles.com.au/wcsstore/Coles-CAS/images/8/1/4/8146940-th.jpg",
    "categories": ["dairy-eggs-meals"],
    "tags": ["dairy", "butter-margarine"],
    "locations": {
      "vic": {
        "price": 4.5,
        "promoText": " ",
        "packageSize": "250g",
        "packagePrice": "$1.80 per 100G"
      }
    }
  },
  {
    "id": "flora-spread-margarine-pro-activ-light-tub",
    "brand": "Flora",
    "name": "Pro Activ Dairy Margarine",
    "imageUrl": "https://shop.coles.com.au/wcsstore/Coles-CAS/images/9/4/1/9410760-th.jpg",
    "categories": ["dairy-eggs-meals"],
    "tags": ["dairy", "butter-margarine"],
    "locations": {
      "vic": {
        "price": 8,
        "promoText": " ",
        "packageSize": "500g",
        "packagePrice": "$1.60 per 100G"
      }
    }
  },
  {
    "id": "mailnland-organic-blend-unsalted",
    "brand": "Mainland",
    "name": "Organic Blend Unsalted",
    "imageUrl": "https://shop.coles.com.au/wcsstore/Coles-CAS/images/3/1/9/3198866-th.jpg",
    "categories": ["dairy-eggs-meals"],
    "tags": ["dairy", "butter-margarine"],
    "locations": {
      "vic": {
        "price": 5.8,
        "promoText": " ",
        "packageSize": "250g",
        "packagePrice": "$2.32 per 100G"
      }
    }
  },
  {
    "id": "western-star-butter-reduced-salt-pat",
    "brand": "Western Star",
    "name": "Salt Reduced Butter",
    "imageUrl": "https://shop.coles.com.au/wcsstore/Coles-CAS/images/2/6/6/266121-th.jpg",
    "categories": ["dairy-eggs-meals"],
    "tags": ["dairy", "butter-margarine"],
    "locations": {
      "vic": {
        "price": 4,
        "promoText": " ",
        "packageSize": "250g",
        "packagePrice": "$1.60 per 100G"
      }
    }
  },
  {
    "id": "copha-oil-solid-cooking",
    "brand": "Copha",
    "name": "Vegetable Cooking Oil Solid",
    "imageUrl": "https://shop.coles.com.au/wcsstore/Coles-CAS/images/1/8/9/189483-th.jpg",
    "categories": ["dairy-eggs-meals"],
    "tags": ["dairy", "butter-margarine"],
    "locations": {
      "vic": {
        "price": 2.8,
        "promoText": " ",
        "packageSize": "250g",
        "packagePrice": "$1.12 per 100G"
      }
    }
  },
  {
    "id": "flora-pro-activ-chilled-buttery-with-real-buttermilk",
    "brand": "Flora",
    "name": "Pro Activ Buttery",
    "imageUrl": "https://shop.coles.com.au/wcsstore/Coles-CAS/images/2/9/4/2941156-th.jpg",
    "categories": ["dairy-eggs-meals"],
    "tags": ["dairy", "butter-margarine"],
    "locations": {
      "vic": {
        "price": 4.5,
        "promoText": " ",
        "packageSize": "250g",
        "packagePrice": "$1.80 per 100G"
      }
    }
  },
  {
    "id": "mainland-dairy-butter-soft",
    "brand": "Mainland",
    "name": "Butter Soft Salted",
    "imageUrl": "https://shop.coles.com.au/wcsstore/Coles-CAS/images/6/8/5/6855500-th.jpg",
    "categories": ["dairy-eggs-meals"],
    "tags": ["dairy", "butter-margarine"],
    "locations": {
      "vic": {
        "price": 5.5,
        "promoText": " ",
        "packageSize": "250g",
        "packagePrice": "$2.20 per 100G"
      }
    }
  },
  {
    "id": "mainland-pure-butter-pat-unsalted",
    "brand": "Mainland",
    "name": "Pure Butter Unsalted",
    "imageUrl": "https://shop.coles.com.au/wcsstore/Coles-CAS/images/3/0/6/3060756-th.jpg",
    "categories": ["dairy-eggs-meals"],
    "tags": ["dairy", "butter-margarine"],
    "locations": {
      "vic": {
        "price": 5,
        "promoText": " ",
        "packageSize": "250g",
        "packagePrice": "$2.00 per 100G"
      }
    }
  },
  {
    "id": "flora-pro-activ-spread-buttery",
    "brand": "Flora",
    "name": "Pro Activ Spread",
    "imageUrl": "https://shop.coles.com.au/wcsstore/Coles-CAS/images/1/9/7/1977078-th.jpg",
    "categories": ["dairy-eggs-meals"],
    "tags": ["dairy", "butter-margarine"],
    "locations": {
      "vic": {
        "price": 10,
        "promoText": " ",
        "packageSize": "750g",
        "packagePrice": "$1.33 per 100G"
      }
    }
  },
  {
    "id": "flora-plant-based-butter-salted",
    "brand": "Flora",
    "name": "Plant Based Butter Salted",
    "imageUrl": "https://shop.coles.com.au/wcsstore/Coles-CAS/images/3/5/1/3512756-th.jpg",
    "categories": ["dairy-eggs-meals"],
    "tags": ["dairy", "butter-margarine"],
    "locations": {
      "vic": {
        "price": 2,
        "promoText": "$1.00 ",
        "packageSize": "250g",
        "packagePrice": "$0.80 per 100G"
      }
    }
  },
  {
    "id": "flora-plant-base-butter-lightly-salted",
    "brand": "Flora",
    "name": "Plant Based Butter Lightly Salted",
    "imageUrl": "https://shop.coles.com.au/wcsstore/Coles-CAS/images/3/5/1/3512767-th.jpg",
    "categories": ["dairy-eggs-meals"],
    "tags": ["dairy", "butter-margarine"],
    "locations": {
      "vic": {
        "price": 2,
        "promoText": "$1.00 ",
        "packageSize": "250g",
        "packagePrice": "$0.80 per 100G"
      }
    }
  },
  {
    "id": "lurpak-butter-with-crushed-garlic",
    "brand": "Lurpak",
    "name": "Danish Butter With Crushed Garlic",
    "imageUrl": "https://shop.coles.com.au/wcsstore/Coles-CAS/images/1/7/3/1730188-th.jpg",
    "categories": ["dairy-eggs-meals"],
    "tags": ["dairy", "butter-margarine"],
    "locations": {
      "vic": {
        "price": 3.5,
        "promoText": " ",
        "packageSize": "125g",
        "packagePrice": "$2.80 per 100G"
      }
    }
  },
  {
    "id": "mainland-butter-soft-spreadable-reduced-salt",
    "brand": "Mainland",
    "name": "Butter Soft Reduced Salt",
    "imageUrl": "https://shop.coles.com.au/wcsstore/Coles-CAS/images/6/8/5/6855522-th.jpg",
    "categories": ["dairy-eggs-meals"],
    "tags": ["dairy", "butter-margarine"],
    "locations": {
      "vic": {
        "price": 5.5,
        "promoText": " ",
        "packageSize": "250g",
        "packagePrice": "$2.20 per 100G"
      }
    }
  },
  {
    "id": "yorkfoods-lard",
    "brand": "York Foods",
    "name": "Lard",
    "imageUrl": "https://shop.coles.com.au/wcsstore/Coles-CAS/images/2/2/5/2256468-th.jpg",
    "categories": ["dairy-eggs-meals"],
    "tags": ["dairy", "butter-margarine"],
    "locations": {
      "vic": {
        "price": 4.5,
        "promoText": " ",
        "packageSize": "250g",
        "packagePrice": "$1.80 per 100G"
      }
    }
  },
  {
    "id": "flora-buttery-margarine",
    "brand": "Flora",
    "name": "Buttery Margarine",
    "imageUrl": "https://shop.coles.com.au/wcsstore/Coles-CAS/images/3/5/1/3515299-th.jpg",
    "categories": ["dairy-eggs-meals"],
    "tags": ["dairy", "butter-margarine"],
    "locations": {
      "vic": {
        "price": 4.5,
        "promoText": " ",
        "packageSize": "1kg",
        "packagePrice": "$4.50 per 1KG"
      }
    }
  },
  {
    "id": "flora-plant-spread-buttery",
    "brand": "Flora",
    "name": "Plant Spread Buttery",
    "imageUrl": "https://shop.coles.com.au/wcsstore/ColesResponsiveStorefrontAssetStore/dist/ccfc54aed6e361b650bcf0582f7b576b/img/img_product-placeholder.png",
    "categories": ["dairy-eggs-meals"],
    "tags": ["dairy", "butter-margarine"],
    "locations": {
      "vic": {
        "price": 3.2,
        "promoText": " ",
        "packageSize": "300g",
        "packagePrice": "$1.07 per 100G"
      }
    }
  },
  {
    "id": "flora-plant-dairy-fre-original",
    "brand": "Flora",
    "name": "Plant Dairy Free Original",
    "imageUrl": "https://shop.coles.com.au/wcsstore/Coles-CAS/images/3/7/8/3783040-th.jpg",
    "categories": ["dairy-eggs-meals"],
    "tags": ["dairy", "butter-margarine"],
    "locations": {
      "vic": {
        "price": 3.2,
        "promoText": " ",
        "packageSize": "300g",
        "packagePrice": "$1.07 per 100G"
      }
    }
  },
  {
    "id": "great-ocean-road-pat-butter-unsalted-250g",
    "brand": "Great Ocean Road",
    "name": "Road Pat Butter Unsalted",
    "imageUrl": "https://shop.coles.com.au/wcsstore/Coles-CAS/images/3/7/8/3783775-th.jpg",
    "categories": ["dairy-eggs-meals"],
    "tags": ["dairy", "butter-margarine"],
    "locations": {
      "vic": {
        "price": 4.5,
        "promoText": " ",
        "packageSize": "250g",
        "packagePrice": "$1.80 per 100G"
      }
    }
  },
  {
    "id": "wik-dripping",
    "brand": "Wik",
    "name": "Dripping",
    "imageUrl": "https://shop.coles.com.au/wcsstore/Coles-CAS/images/3/2/7/3277088-th.jpg",
    "categories": ["dairy-eggs-meals"],
    "tags": ["dairy", "butter-margarine"],
    "locations": {
      "vic": {
        "price": 2.5,
        "promoText": " ",
        "packageSize": "500g",
        "packagePrice": "$0.50 per 100G"
      }
    }
  },
  {
    "id": "bulla-cream-thickened-381312p",
    "brand": "Bulla",
    "name": "Thickened Cream",
    "imageUrl": "https://shop.coles.com.au/wcsstore/Coles-CAS/images/3/8/1/381312-th.jpg",
    "categories": ["dairy-eggs-meals"],
    "tags": ["dairy", "cream"],
    "locations": {
      "vic": {
        "price": 4.7,
        "promoText": " ",
        "packageSize": "600mL",
        "packagePrice": "$0.78 per 100mL"
      }
    }
  },
  {
    "id": "bulla-cream-thickened",
    "brand": "Bulla",
    "name": "Thickened Cream",
    "imageUrl": "https://shop.coles.com.au/wcsstore/Coles-CAS/images/3/8/1/381323-th.jpg",
    "categories": ["dairy-eggs-meals"],
    "tags": ["dairy", "cream"],
    "locations": {
      "vic": {
        "price": 2.5,
        "promoText": " ",
        "packageSize": "300mL",
        "packagePrice": "$0.83 per 100mL"
      }
    }
  },
  {
    "id": "coles-cream-thickened-246973p",
    "brand": "Coles",
    "name": "Thickened Cream",
    "imageUrl": "https://shop.coles.com.au/wcsstore/Coles-CAS/images/2/4/6/246973-th.jpg",
    "categories": ["dairy-eggs-meals"],
    "tags": ["dairy", "cream"],
    "locations": {
      "vic": {
        "price": 1.9,
        "promoText": " ",
        "packageSize": "300mL",
        "packagePrice": "$0.63 per 100mL"
      }
    }
  },
  {
    "id": "coles-cream-thickened-246962p",
    "brand": "Coles",
    "name": "Thickened Cream",
    "imageUrl": "https://shop.coles.com.au/wcsstore/Coles-CAS/images/2/4/6/246962-th.jpg",
    "categories": ["dairy-eggs-meals"],
    "tags": ["dairy", "cream"],
    "locations": {
      "vic": {
        "price": 3,
        "promoText": " ",
        "packageSize": "600mL",
        "packagePrice": "$0.50 per 100mL"
      }
    }
  },
  {
    "id": "bulla-cream-sour-premium",
    "brand": "Bulla",
    "name": "Sour Cream",
    "imageUrl": "https://shop.coles.com.au/wcsstore/Coles-CAS/images/8/2/4/8242670-th.jpg",
    "categories": ["dairy-eggs-meals"],
    "tags": ["dairy", "cream"],
    "locations": {
      "vic": {
        "price": 2.7,
        "promoText": " ",
        "packageSize": "200mL",
        "packagePrice": "$1.35 per 100mL"
      }
    }
  },
  {
    "id": "coles-light-sour-cream-300g",
    "brand": "Coles",
    "name": "Light Sour Cream",
    "imageUrl": "https://shop.coles.com.au/wcsstore/Coles-CAS/images/3/6/7/3676979-th.jpg",
    "categories": ["dairy-eggs-meals"],
    "tags": ["dairy", "cream"],
    "locations": {
      "vic": {
        "price": 2.1,
        "promoText": " ",
        "packageSize": "300g",
        "packagePrice": "$0.70 per 100G"
      }
    }
  },
  {
    "id": "coles-sour-cream-300g",
    "brand": "Coles",
    "name": "Sour Cream",
    "imageUrl": "https://shop.coles.com.au/wcsstore/Coles-CAS/images/3/6/7/3676946-th.jpg",
    "categories": ["dairy-eggs-meals"],
    "tags": ["dairy", "cream"],
    "locations": {
      "vic": {
        "price": 2.1,
        "promoText": " ",
        "packageSize": "300g",
        "packagePrice": "$0.70 per 100G"
      }
    }
  },
  {
    "id": "bulla-lactose-free-sour-cream-200ml",
    "brand": "Bulla",
    "name": "Lactose Free Light Sour Cream",
    "imageUrl": "https://shop.coles.com.au/wcsstore/Coles-CAS/images/3/5/4/3540650-th.jpg",
    "categories": ["dairy-eggs-meals"],
    "tags": ["dairy", "cream"],
    "locations": {
      "vic": {
        "price": 3.2,
        "promoText": " ",
        "packageSize": "200mL",
        "packagePrice": "$1.60 per 100G"
      }
    }
  },
  {
    "id": "pura-cream-thick-dollop-tub",
    "brand": "Pura",
    "name": "Thick Dollop Cream Tub",
    "imageUrl": "https://shop.coles.com.au/wcsstore/Coles-CAS/images/5/4/3/5435340-th.jpg",
    "categories": ["dairy-eggs-meals"],
    "tags": ["dairy", "cream"],
    "locations": {
      "vic": {
        "price": 3,
        "promoText": "$0.60 ",
        "packageSize": "300mL",
        "packagePrice": "$1.00 per 100mL"
      }
    }
  },
  {
    "id": "coles-simply-less-cream-thickened-light",
    "brand": "Coles",
    "name": "Light Thickened Cream",
    "imageUrl": "https://shop.coles.com.au/wcsstore/Coles-CAS/images/5/0/3/5033765-th.jpg",
    "categories": ["dairy-eggs-meals"],
    "tags": ["dairy", "cream"],
    "locations": {
      "vic": {
        "price": 1.9,
        "promoText": " ",
        "packageSize": "300mL",
        "packagePrice": "$0.63 per 100mL"
      }
    }
  },
  {
    "id": "coles-sour-cream-500g",
    "brand": "Coles",
    "name": "Sour Cream",
    "imageUrl": "https://shop.coles.com.au/wcsstore/Coles-CAS/images/3/6/7/3676980-th.jpg",
    "categories": ["dairy-eggs-meals"],
    "tags": ["dairy", "cream"],
    "locations": {
      "vic": {
        "price": 3.4,
        "promoText": " ",
        "packageSize": "500g",
        "packagePrice": "$0.68 per 100G"
      }
    }
  },
  {
    "id": "pauls-cream-zymil-thickened-light",
    "brand": "Pauls",
    "name": "Zymil Light Thickened Cream",
    "imageUrl": "https://shop.coles.com.au/wcsstore/Coles-CAS/images/8/6/6/8660080-th.jpg",
    "categories": ["dairy-eggs-meals"],
    "tags": ["dairy", "cream"],
    "locations": {
      "vic": {
        "price": 3.35,
        "promoText": " ",
        "packageSize": "300mL",
        "packagePrice": "$1.12 per 100mL"
      }
    }
  },
  {
    "id": "coles-australian-dollop-cream",
    "brand": "Coles",
    "name": "Dollop Cream",
    "imageUrl": "https://shop.coles.com.au/wcsstore/Coles-CAS/images/2/0/8/2089435-th.jpg",
    "categories": ["dairy-eggs-meals"],
    "tags": ["dairy", "cream"],
    "locations": {
      "vic": {
        "price": 4.1,
        "promoText": " ",
        "packageSize": "300mL",
        "packagePrice": "$1.37 per 100mL"
      }
    }
  },
  {
    "id": "bulla-creme-fraiche",
    "brand": "Bulla",
    "name": "Crème Fraiche",
    "imageUrl": "https://shop.coles.com.au/wcsstore/Coles-CAS/images/8/4/5/8453381-th.jpg",
    "categories": ["dairy-eggs-meals"],
    "tags": ["dairy", "cream"],
    "locations": {
      "vic": {
        "price": 4.2,
        "promoText": " ",
        "packageSize": "200g",
        "packagePrice": "$2.10 per 100G"
      }
    }
  },
  {
    "id": "dairy-farmers-cream-fresh-5096357p",
    "brand": "Dairy Farmers",
    "name": "Pure Cream",
    "imageUrl": "https://shop.coles.com.au/wcsstore/Coles-CAS/images/5/0/9/5096357-th.jpg",
    "categories": ["dairy-eggs-meals"],
    "tags": ["dairy", "cream"],
    "locations": {
      "vic": {
        "price": 2.95,
        "promoText": " ",
        "packageSize": "300mL",
        "packagePrice": "$0.98 per 100mL"
      }
    }
  },
  {
    "id": "sheese-creamy-spring-oinion-cracked-pepper",
    "brand": "Sheese",
    "name": "Creamy Spring Onion & Cracked Pepper",
    "imageUrl": "https://shop.coles.com.au/wcsstore/Coles-CAS/images/3/5/6/3561310-th.jpg",
    "categories": ["dairy-eggs-meals"],
    "tags": ["dairy", "cream"],
    "locations": {
      "vic": {
        "price": 6.5,
        "promoText": " ",
        "packageSize": "255g",
        "packagePrice": "$25.49 per 1Kg"
      }
    }
  },
  {
    "id": "dream-whip-cream-aerosol-original",
    "brand": "Dream Whip",
    "name": "Whipped Dairy Topping Cream",
    "imageUrl": "https://shop.coles.com.au/wcsstore/Coles-CAS/images/5/3/6/5362360-th.jpg",
    "categories": ["dairy-eggs-meals"],
    "tags": ["dairy", "cream"],
    "locations": {
      "vic": {
        "price": 4,
        "promoText": " ",
        "packageSize": "250g",
        "packagePrice": "$1.60 per 100G"
      }
    }
  },
  {
    "id": "sheese-creamy-sweet-chilli",
    "brand": "Sheese",
    "name": "Creamy Sweet Chilli",
    "imageUrl": "https://shop.coles.com.au/wcsstore/Coles-CAS/images/3/5/6/3561332-th.jpg",
    "categories": ["dairy-eggs-meals"],
    "tags": ["dairy", "cream"],
    "locations": {
      "vic": {
        "price": 3.6,
        "promoText": "$2.90 ",
        "packageSize": "255g",
        "packagePrice": "$14.12 per 1Kg"
      }
    }
  },
  {
    "id": "pauls-custard-vanilla-279939p",
    "brand": "Pauls",
    "name": "Vanilla Custard",
    "imageUrl": "https://shop.coles.com.au/wcsstore/Coles-CAS/images/2/7/9/279939-th.jpg",
    "categories": ["dairy-eggs-meals"],
    "tags": ["dairy", "custard"],
    "locations": {
      "vic": {
        "price": 4.2,
        "promoText": " ",
        "packageSize": "1kg",
        "packagePrice": "$0.42 per 100G"
      }
    }
  },
  {
    "id": "pauls-custard-vanilla",
    "brand": "Pauls",
    "name": "Vanilla Custard",
    "imageUrl": "https://shop.coles.com.au/wcsstore/Coles-CAS/images/2/2/1/221087-th.jpg",
    "categories": ["dairy-eggs-meals"],
    "tags": ["dairy", "custard"],
    "locations": {
      "vic": {
        "price": 3.1,
        "promoText": " ",
        "packageSize": "600g",
        "packagePrice": "$0.52 per 100G"
      }
    }
  },
  {
    "id": "pauls-custard-vanilla-light",
    "brand": "Pauls",
    "name": "Gluten Free Low Fat Vanilla Custard",
    "imageUrl": "https://shop.coles.com.au/wcsstore/Coles-CAS/images/5/5/9/5590987-th.jpg",
    "categories": ["dairy-eggs-meals"],
    "tags": ["dairy", "custard"],
    "locations": {
      "vic": {
        "price": 3,
        "promoText": " ",
        "packageSize": "600g",
        "packagePrice": "$0.50 per 100G"
      }
    }
  },
  {
    "id": "dairy-farmers-custard-vanilla-thick-carton",
    "brand": "Dairy Farmers",
    "name": "Thick Vanilla Custard Carton",
    "imageUrl": "https://shop.coles.com.au/wcsstore/Coles-CAS/images/7/6/5/7653374-th.jpg",
    "categories": ["dairy-eggs-meals"],
    "tags": ["dairy", "custard"],
    "locations": {
      "vic": {
        "price": 5,
        "promoText": " ",
        "packageSize": "1kg",
        "packagePrice": "$0.50 per 100G"
      }
    }
  },
  {
    "id": "coles-custard-vanilla",
    "brand": "Coles",
    "name": "Vanilla Flavour Custard",
    "imageUrl": "https://shop.coles.com.au/wcsstore/Coles-CAS/images/7/1/5/7152346-th.jpg",
    "categories": ["dairy-eggs-meals"],
    "tags": ["dairy", "custard"],
    "locations": {
      "vic": {
        "price": 1.9,
        "promoText": " ",
        "packageSize": "600g",
        "packagePrice": "$0.32 per 100G"
      }
    }
  },
  {
    "id": "pauls-custard-double-thick-chocolate",
    "brand": "Pauls",
    "name": "Rich Chocolate Double Thick Custard",
    "imageUrl": "https://shop.coles.com.au/wcsstore/Coles-CAS/images/7/1/4/7146230-th.jpg",
    "categories": ["dairy-eggs-meals"],
    "tags": ["dairy", "custard"],
    "locations": {
      "vic": {
        "price": 5.15,
        "promoText": " ",
        "packageSize": "900g",
        "packagePrice": "$0.57 per 100G"
      }
    }
  },
  {
    "id": "yumis-dip-kalamata-olive",
    "brand": "Yumi's",
    "name": "Gluten Free Kalamata Olive Classic Dip",
    "imageUrl": "https://shop.coles.com.au/wcsstore/Coles-CAS/images/7/1/1/7117447-th.jpg",
    "categories": ["dairy-eggs-meals"],
    "tags": ["dairy", "dips-pate"],
    "locations": {
      "vic": {
        "price": 3,
        "promoText": "$1.00 ",
        "packageSize": "200g",
        "packagePrice": "$1.50 per 100G"
      }
    }
  },
  {
    "id": "coles-trio-olive-capsicum",
    "brand": "Coles",
    "name": "Trio Of Olives & Roasted Capsicum Dip",
    "imageUrl": "https://shop.coles.com.au/wcsstore/Coles-CAS/images/3/0/4/3048127-th.jpg",
    "categories": ["dairy-eggs-meals"],
    "tags": ["dairy", "dips-pate"],
    "locations": {
      "vic": {
        "price": 3,
        "promoText": "Was $3.50 on Jan 2020 ",
        "packageSize": "150g",
        "packagePrice": "$2.00 per 100G"
      }
    }
  },
  {
    "id": "yumis-dip-classic-mediterranean-eggplant",
    "brand": "Yumi's",
    "name": "Gluten Free Classic Baked Mediterranean Eggplant Dip",
    "imageUrl": "https://shop.coles.com.au/wcsstore/Coles-CAS/images/8/6/7/8670878-th.jpg",
    "categories": ["dairy-eggs-meals"],
    "tags": ["dairy", "dips-pate"],
    "locations": {
      "vic": {
        "price": 3,
        "promoText": "$1.00 ",
        "packageSize": "200g",
        "packagePrice": "$1.50 per 100G"
      }
    }
  },
  {
    "id": "black-swan-dip-caviar",
    "brand": "Black Swan",
    "name": "Caviar Dip",
    "imageUrl": "https://shop.coles.com.au/wcsstore/Coles-CAS/images/9/5/8/9580715-th.jpg",
    "categories": ["dairy-eggs-meals"],
    "tags": ["dairy", "dips-pate"],
    "locations": {
      "vic": {
        "price": 3.5,
        "promoText": "Any 2 $6",
        "packageSize": "200g",
        "packagePrice": "$1.75 per 100G"
      }
    }
  },
  {
    "id": "black-swan-farmers-best-dip-hommus-with-garlic",
    "brand": "Black Swan",
    "name": "Crafted Roasted Garlic Hommus Dip",
    "imageUrl": "https://shop.coles.com.au/wcsstore/Coles-CAS/images/7/9/1/7916291-th.jpg",
    "categories": ["dairy-eggs-meals"],
    "tags": ["dairy", "dips-pate"],
    "locations": {
      "vic": {
        "price": 4.3,
        "promoText": " ",
        "packageSize": "200g",
        "packagePrice": "$2.15 per 100G"
      }
    }
  },
  {
    "id": "yumis-dip-chipotle-hommus",
    "brand": "Yumi's",
    "name": "Gluten Free Classic Smokey Chipotle Hommus Dip",
    "imageUrl": "https://shop.coles.com.au/wcsstore/Coles-CAS/images/3/0/3/3039400-th.jpg",
    "categories": ["dairy-eggs-meals"],
    "tags": ["dairy", "dips-pate"],
    "locations": {
      "vic": {
        "price": 3,
        "promoText": "$1.00 ",
        "packageSize": "200g",
        "packagePrice": "$1.50 per 100G"
      }
    }
  },
  {
    "id": "pilpel-hommus-dip",
    "brand": "Pilpel",
    "name": "Gluten Free Hummous Dip",
    "imageUrl": "https://shop.coles.com.au/wcsstore/Coles-CAS/images/2/2/0/2207848-th.jpg",
    "categories": ["dairy-eggs-meals"],
    "tags": ["dairy", "dips-pate"],
    "locations": {
      "vic": {
        "price": 5,
        "promoText": " ",
        "packageSize": "200g",
        "packagePrice": "$2.50 per 100G"
      }
    }
  },
  {
    "id": "coles-smokey-baba-ganoosh",
    "brand": "Coles",
    "name": "Smokey Baba Ganoush Dip",
    "imageUrl": "https://shop.coles.com.au/wcsstore/Coles-CAS/images/3/0/4/3048149-th.jpg",
    "categories": ["dairy-eggs-meals"],
    "tags": ["dairy", "dips-pate"],
    "locations": {
      "vic": {
        "price": 3,
        "promoText": "Was $3.50 on Jan 2020 ",
        "packageSize": "150g",
        "packagePrice": "$2.00 per 100G"
      }
    }
  },
  {
    "id": "normandie-pate-cognac",
    "brand": "Normandie",
    "name": "Chicken With Cognac Pate",
    "imageUrl": "https://shop.coles.com.au/wcsstore/Coles-CAS/images/4/7/6/476420-th.jpg",
    "categories": ["dairy-eggs-meals"],
    "tags": ["dairy", "dips-pate"],
    "locations": {
      "vic": {
        "price": 4.5,
        "promoText": " ",
        "packageSize": "150g",
        "packagePrice": "$3.00 per 100G"
      }
    }
  },
  {
    "id": "black-swan-farmers-best-dip-spinach-feta",
    "brand": "Black Swan",
    "name": "Crafted Baby Spinach & Fetta Dip",
    "imageUrl": "https://shop.coles.com.au/wcsstore/Coles-CAS/images/6/5/2/6529198-th.jpg",
    "categories": ["dairy-eggs-meals"],
    "tags": ["dairy", "dips-pate"],
    "locations": {
      "vic": {
        "price": 4.3,
        "promoText": " ",
        "packageSize": "200g",
        "packagePrice": "$2.15 per 100G"
      }
    }
  },
  {
    "id": "obela--dip-hommus-savoury-garlic",
    "brand": "Obela",
    "name": "Savoury Garlic Hommus Dip",
    "imageUrl": "https://shop.coles.com.au/wcsstore/Coles-CAS/images/1/3/8/1389637-th.jpg",
    "categories": ["dairy-eggs-meals"],
    "tags": ["dairy", "dips-pate"],
    "locations": {
      "vic": {
        "price": 4.5,
        "promoText": "Any 2 $7",
        "packageSize": "220g",
        "packagePrice": "$2.05 per 100G"
      }
    }
  },
  {
    "id": "yumis-dip-classic-creamed-beetroot",
    "brand": "Yumi's",
    "name": "Gluten Free Roasted Beetroot Classic Dip",
    "imageUrl": "https://shop.coles.com.au/wcsstore/Coles-CAS/images/8/6/7/8670947-th.jpg",
    "categories": ["dairy-eggs-meals"],
    "tags": ["dairy", "dips-pate"],
    "locations": {
      "vic": {
        "price": 3,
        "promoText": "$1.00 ",
        "packageSize": "200g",
        "packagePrice": "$1.50 per 100G"
      }
    }
  },
  {
    "id": "black-swan-olive-grove-mix",
    "brand": "Black Swan",
    "name": "Olive Dip",
    "imageUrl": "https://shop.coles.com.au/wcsstore/Coles-CAS/images/7/6/0/7605291-th.jpg",
    "categories": ["dairy-eggs-meals"],
    "tags": ["dairy", "dips-pate"],
    "locations": {
      "vic": {
        "price": 3.5,
        "promoText": "Any 2 $6",
        "packageSize": "200g",
        "packagePrice": "$1.75 per 100G"
      }
    }
  },
  {
    "id": "black-swan-classic-hommus",
    "brand": "Black Swan",
    "name": "Classic Hommus Dip",
    "imageUrl": "https://shop.coles.com.au/wcsstore/Coles-CAS/images/2/8/8/2882953-th.jpg",
    "categories": ["dairy-eggs-meals"],
    "tags": ["dairy", "dips-pate"],
    "locations": {
      "vic": {
        "price": 5,
        "promoText": " ",
        "packageSize": "400g",
        "packagePrice": "$1.25 per 100G"
      }
    }
  },
  {
    "id": "wattle-valley-dip-chunky-red-capsicum-with-fetta-cashew",
    "brand": "Wattle Valley",
    "name": "Chunky Roasted Capsicum With Cashews & Fetta Dip",
    "imageUrl": "https://shop.coles.com.au/wcsstore/Coles-CAS/images/5/3/3/5336960-th.jpg",
    "categories": ["dairy-eggs-meals"],
    "tags": ["dairy", "dips-pate"],
    "locations": {
      "vic": {
        "price": 4.6,
        "promoText": " ",
        "packageSize": "150g",
        "packagePrice": "$3.07 per 100G"
      }
    }
  },
  {
    "id": "yumis-dip-spinach-creamed-classic",
    "brand": "Yumi's",
    "name": "Gluten Free Spinach Classic Dip",
    "imageUrl": "https://shop.coles.com.au/wcsstore/Coles-CAS/images/8/6/7/8670925-th.jpg",
    "categories": ["dairy-eggs-meals"],
    "tags": ["dairy", "dips-pate"],
    "locations": {
      "vic": {
        "price": 3,
        "promoText": "$1.00 ",
        "packageSize": "200g",
        "packagePrice": "$1.50 per 100G"
      }
    }
  },
  {
    "id": "yumis-dip-beetroot-hommus",
    "brand": "Yumi's",
    "name": "Gluten Free Classic Roasted Beetroot & Hommus Dip",
    "imageUrl": "https://shop.coles.com.au/wcsstore/Coles-CAS/images/6/0/0/6008640-th.jpg",
    "categories": ["dairy-eggs-meals"],
    "tags": ["dairy", "dips-pate"],
    "locations": {
      "vic": {
        "price": 3,
        "promoText": "$1.00 ",
        "packageSize": "200g",
        "packagePrice": "$1.50 per 100G"
      }
    }
  },
  {
    "id": "coles-beetroot-almond",
    "brand": "Coles",
    "name": "Beetroot & Roasted Almond Dip",
    "imageUrl": "https://shop.coles.com.au/wcsstore/Coles-CAS/images/3/0/4/3048193-th.jpg",
    "categories": ["dairy-eggs-meals"],
    "tags": ["dairy", "dips-pate"],
    "locations": {
      "vic": {
        "price": 3,
        "promoText": "Was $3.50 on Jan 2020 ",
        "packageSize": "150g",
        "packagePrice": "$2.00 per 100G"
      }
    }
  },
  {
    "id": "obela-garnished-sweet-beetroot-hommus-dip",
    "brand": "Obela",
    "name": "Sweet Beetroot Hommus Dip",
    "imageUrl": "https://shop.coles.com.au/wcsstore/Coles-CAS/images/2/5/9/2599250-th.jpg",
    "categories": ["dairy-eggs-meals"],
    "tags": ["dairy", "dips-pate"],
    "locations": {
      "vic": {
        "price": 4.5,
        "promoText": "Any 2 $7",
        "packageSize": "220g",
        "packagePrice": "$2.05 per 100G"
      }
    }
  },
  {
    "id": "obela-smooth-classic-hommus-singles-3pk",
    "brand": "Obela",
    "name": "Smooth Classic Hommus Singles 3 Pack",
    "imageUrl": "https://shop.coles.com.au/wcsstore/Coles-CAS/images/3/0/4/3049039-th.jpg",
    "categories": ["dairy-eggs-meals"],
    "tags": ["dairy", "dips-pate"],
    "locations": {
      "vic": {
        "price": 3,
        "promoText": " ",
        "packageSize": "180g",
        "packagePrice": "$1.67 per 100G"
      }
    }
  },
  {
    "id": "yumis-mousse-smoked-trout",
    "brand": "Yumi's",
    "name": "Gluten Free Smoked Trout Premium Mousse Dip",
    "imageUrl": "https://shop.coles.com.au/wcsstore/Coles-CAS/images/5/6/4/5649059-th.jpg",
    "categories": ["dairy-eggs-meals"],
    "tags": ["dairy", "dips-pate"],
    "locations": {
      "vic": {
        "price": 6,
        "promoText": " ",
        "packageSize": "200g",
        "packagePrice": "$3.00 per 100G"
      }
    }
  },
  {
    "id": "yumis-hommus-with-crackers",
    "brand": "Yumi's",
    "name": "Traditional Middle Eastern Hommus With Crackers",
    "imageUrl": "https://shop.coles.com.au/wcsstore/Coles-CAS/images/3/3/5/3359626-th.jpg",
    "categories": ["dairy-eggs-meals"],
    "tags": ["dairy", "dips-pate"],
    "locations": {
      "vic": {
        "price": 2.5,
        "promoText": " ",
        "packageSize": "75g",
        "packagePrice": "$3.33 per 100G"
      }
    }
  },
  {
    "id": "black-swan-limited-edition-souvlaki-flav-dip",
    "brand": "Black Swan",
    "name": "Limited Edition Creamy Garlic & Souvlaki Spiced Flavoured Dip",
    "imageUrl": "https://shop.coles.com.au/wcsstore/Coles-CAS/images/3/7/8/3780314-th.jpg",
    "categories": ["dairy-eggs-meals"],
    "tags": ["dairy", "dips-pate"],
    "locations": {
      "vic": {
        "price": 4.3,
        "promoText": " ",
        "packageSize": "200g",
        "packagePrice": "$2.15 per 100G"
      }
    }
  },
  {
    "id": "black-swan-classic-swet-chilli-dip",
    "brand": "Black Swan",
    "name": "Classic Sweet Chilli Dip",
    "imageUrl": "https://shop.coles.com.au/wcsstore/Coles-CAS/images/3/7/8/3780290-th.jpg",
    "categories": ["dairy-eggs-meals"],
    "tags": ["dairy", "dips-pate"],
    "locations": {
      "vic": {
        "price": 3.5,
        "promoText": "Any 2 $6",
        "packageSize": "200g",
        "packagePrice": "$1.75 per 100G"
      }
    }
  },
  {
    "id": "black-swan-warming-dip-spin-mozzarella-haloumi",
    "brand": "Black Swan",
    "name": "Warming Spinach Mozzarella & Haloumi Dip",
    "imageUrl": "https://shop.coles.com.au/wcsstore/Coles-CAS/images/3/7/8/3780278-th.jpg",
    "categories": ["dairy-eggs-meals"],
    "tags": ["dairy", "dips-pate"],
    "locations": {
      "vic": {
        "price": 4.3,
        "promoText": " ",
        "packageSize": "180g",
        "packagePrice": "$2.39 per 100G"
      }
    }
  },
  {
    "id": "castlemaine-dip-hommus",
    "brand": "Castlemaine",
    "name": "Hommus Dip",
    "imageUrl": "https://shop.coles.com.au/wcsstore/Coles-CAS/images/9/6/2/9620842-th.jpg",
    "categories": ["dairy-eggs-meals"],
    "tags": ["dairy", "dips-pate"],
    "locations": {
      "vic": {
        "price": 4,
        "promoText": " ",
        "packageSize": "200g",
        "packagePrice": "$2.00 per 100G"
      }
    }
  },
  {
    "id": "coles-mini-dips-avocado",
    "brand": "Coles",
    "name": "Avocado Mini Dips 3 Pack",
    "imageUrl": "https://shop.coles.com.au/wcsstore/Coles-CAS/images/9/9/3/9933688-th.jpg",
    "categories": ["dairy-eggs-meals"],
    "tags": ["dairy", "dips-pate"],
    "locations": {
      "vic": {
        "price": 2.5,
        "promoText": " ",
        "packageSize": "180g",
        "packagePrice": "$1.39 per 100G"
      }
    }
  },
  {
    "id": "coles-salmon-dill",
    "brand": "Coles",
    "name": "Hot Smoked Salmon With Trout Lemon & Dill Dip",
    "imageUrl": "https://shop.coles.com.au/wcsstore/Coles-CAS/images/3/0/4/3048160-th.jpg",
    "categories": ["dairy-eggs-meals"],
    "tags": ["dairy", "dips-pate"],
    "locations": {
      "vic": {
        "price": 3,
        "promoText": "Was $3.50 on Jan 2020 ",
        "packageSize": "140g",
        "packagePrice": "$2.14 per 100G"
      }
    }
  },
  {
    "id": "farmers-best-dip-basil-cashew",
    "brand": "Black Swan",
    "name": "Crafted Basil With Cashew & Parmesan Dip",
    "imageUrl": "https://shop.coles.com.au/wcsstore/Coles-CAS/images/9/9/8/9980418-th.jpg",
    "categories": ["dairy-eggs-meals"],
    "tags": ["dairy", "dips-pate"],
    "locations": {
      "vic": {
        "price": 4.3,
        "promoText": " ",
        "packageSize": "200g",
        "packagePrice": "$2.15 per 100G"
      }
    }
  },
  {
    "id": "black-swan-crafted-dip-limited-edition-jalapeno",
    "brand": "Black Swan",
    "name": "Crafted Limited Edition Cheesy Jalapeno Popper Dip",
    "imageUrl": "https://shop.coles.com.au/wcsstore/Coles-CAS/images/3/5/9/3599018-th.jpg",
    "categories": ["dairy-eggs-meals"],
    "tags": ["dairy", "dips-pate"],
    "locations": {
      "vic": {
        "price": 4.3,
        "promoText": " ",
        "packageSize": "200g",
        "packagePrice": "$2.15 per 100G"
      }
    }
  },
  {
    "id": "black-swan-warming-lek-bacon-dip",
    "brand": "Black Swan",
    "name": "Warming Leek & Bacon Dip",
    "imageUrl": "https://shop.coles.com.au/wcsstore/Coles-CAS/images/3/7/8/3780267-th.jpg",
    "categories": ["dairy-eggs-meals"],
    "tags": ["dairy", "dips-pate"],
    "locations": {
      "vic": {
        "price": 4.3,
        "promoText": " ",
        "packageSize": "180g",
        "packagePrice": "$2.39 per 100G"
      }
    }
  },
  {
    "id": "castlemaine-dip-cracked-pepper-fetta",
    "brand": "Castlemaine",
    "name": "Cracked Pepper & Fetta Dip",
    "imageUrl": "https://shop.coles.com.au/wcsstore/Coles-CAS/images/9/6/2/9620300-th.jpg",
    "categories": ["dairy-eggs-meals"],
    "tags": ["dairy", "dips-pate"],
    "locations": {
      "vic": {
        "price": 4,
        "promoText": " ",
        "packageSize": "200g",
        "packagePrice": "$2.00 per 100G"
      }
    }
  },
  {
    "id": "chris--heritage-goats-cheese-truffle-dips",
    "brand": "Chris'",
    "name": "Heritage Gluten Free Goat Cheese & Black Truffle Savoury Dip",
    "imageUrl": "https://shop.coles.com.au/wcsstore/Coles-CAS/images/2/8/8/2882578-th.jpg",
    "categories": ["dairy-eggs-meals"],
    "tags": ["dairy", "dips-pate"],
    "locations": {
      "vic": {
        "price": 8,
        "promoText": " ",
        "packageSize": "170g",
        "packagePrice": "$4.71 per 100G"
      }
    }
  },
  {
    "id": "coles-dip-sweet-potato-cashew",
    "brand": "Coles",
    "name": "Moroccan Style Sweet Potato & Cashew Dip",
    "imageUrl": "https://shop.coles.com.au/wcsstore/Coles-CAS/images/2/8/7/2877487-th.jpg",
    "categories": ["dairy-eggs-meals"],
    "tags": ["dairy", "dips-pate"],
    "locations": {
      "vic": {
        "price": 2,
        "promoText": " ",
        "packageSize": "200g",
        "packagePrice": "$1.00 per 100G"
      }
    }
  },
  {
    "id": "obela-garnished-caramelised-onion-hommus-dip",
    "brand": "Obela",
    "name": "Caramelised Onion Hommus Dip",
    "imageUrl": "https://shop.coles.com.au/wcsstore/Coles-CAS/images/2/5/9/2599260-th.jpg",
    "categories": ["dairy-eggs-meals"],
    "tags": ["dairy", "dips-pate"],
    "locations": {
      "vic": {
        "price": 4.5,
        "promoText": "Any 2 $7",
        "packageSize": "220g",
        "packagePrice": "$2.05 per 100G"
      }
    }
  },
  {
    "id": "obela-hommus-to-go-smooth-classic",
    "brand": "Obela",
    "name": "Classic Hommus Crackers",
    "imageUrl": "https://shop.coles.com.au/wcsstore/Coles-CAS/images/2/8/8/2882895-th.jpg",
    "categories": ["dairy-eggs-meals"],
    "tags": ["dairy", "dips-pate"],
    "locations": {
      "vic": {
        "price": 3,
        "promoText": " ",
        "packageSize": "125g",
        "packagePrice": "$2.40 per 100G"
      }
    }
  },
  {
    "id": "red-rock-deli-dip-swet-chilli-sour-cream",
    "brand": "Red Rock Deli",
    "name": "Sweet Chilli & Sour Cream Dip",
    "imageUrl": "https://shop.coles.com.au/wcsstore/Coles-CAS/images/3/7/7/3777069-th.jpg",
    "categories": ["dairy-eggs-meals"],
    "tags": ["dairy", "dips-pate"],
    "locations": {
      "vic": {
        "price": 4.5,
        "promoText": " ",
        "packageSize": "150g",
        "packagePrice": "$3.00 per 100G"
      }
    }
  },
  {
    "id": "wattle-valley-dip-chunky-roasted-pumpkin-with-cashew-parmesan",
    "brand": "Wattle Valley",
    "name": "Chunky Roasted Pumpkin With Cashews & Parmesan Dip",
    "imageUrl": "https://shop.coles.com.au/wcsstore/Coles-CAS/images/5/3/3/5336971-th.jpg",
    "categories": ["dairy-eggs-meals"],
    "tags": ["dairy", "dips-pate"],
    "locations": {
      "vic": {
        "price": 4.6,
        "promoText": " ",
        "packageSize": "150g",
        "packagePrice": "$3.07 per 100G"
      }
    }
  },
  {
    "id": "yumis-pate-tuna",
    "brand": "Yumi's",
    "name": "Gluten Free Gourmet Tuna Mousse Dip",
    "imageUrl": "https://shop.coles.com.au/wcsstore/Coles-CAS/images/5/6/8/5686714-th.jpg",
    "categories": ["dairy-eggs-meals"],
    "tags": ["dairy", "dips-pate"],
    "locations": {
      "vic": {
        "price": 5.2,
        "promoText": " ",
        "packageSize": "200g",
        "packagePrice": "$2.60 per 100G"
      }
    }
  },
  {
    "id": "black-swan-seasonal-dip-sweet-potato-and-cashews",
    "brand": "Black Swan",
    "name": "Crafted Sweet Potato & Cashew Dip",
    "imageUrl": "https://shop.coles.com.au/wcsstore/Coles-CAS/images/9/2/1/9217293-th.jpg",
    "categories": ["dairy-eggs-meals"],
    "tags": ["dairy", "dips-pate"],
    "locations": {
      "vic": {
        "price": 4.3,
        "promoText": " ",
        "packageSize": "200g",
        "packagePrice": "$2.15 per 100G"
      }
    }
  },
  {
    "id": "black-swan-classic-multi-lt-tzatziki-hommus-dip",
    "brand": "Black Swan",
    "name": "Classic Multipack Skinny Tzatziki & Skinny Hommus Dip 4 Pack",
    "imageUrl": "https://shop.coles.com.au/wcsstore/Coles-CAS/images/3/7/8/3780336-th.jpg",
    "categories": ["dairy-eggs-meals"],
    "tags": ["dairy", "dips-pate"],
    "locations": {
      "vic": {
        "price": 4,
        "promoText": " ",
        "packageSize": "240g",
        "packagePrice": "$1.67 per 100G"
      }
    }
  },
  {
    "id": "black-swan-classic-multi-pk-tzatziki-hommus-dip",
    "brand": "Black Swan",
    "name": "Classic Multipack Tzatziki & Hommus Snacking Dip 4 Pack",
    "imageUrl": "https://shop.coles.com.au/wcsstore/Coles-CAS/images/3/7/8/3780325-th.jpg",
    "categories": ["dairy-eggs-meals"],
    "tags": ["dairy", "dips-pate"],
    "locations": {
      "vic": {
        "price": 4,
        "promoText": " ",
        "packageSize": "240g",
        "packagePrice": "$1.67 per 100G"
      }
    }
  },
  {
    "id": "black-swan-limited-edition-cheseburger-dip",
    "brand": "Black Swan",
    "name": "Limited Edition Cheeseburger Flavoured Dip",
    "imageUrl": "https://shop.coles.com.au/wcsstore/Coles-CAS/images/3/7/8/3780289-th.jpg",
    "categories": ["dairy-eggs-meals"],
    "tags": ["dairy", "dips-pate"],
    "locations": {
      "vic": {
        "price": 4.3,
        "promoText": " ",
        "packageSize": "200g",
        "packagePrice": "$2.15 per 100G"
      }
    }
  },
  {
    "id": "black-swan-limited-edition-avo-edamame-dip",
    "brand": "Black Swan",
    "name": "Crafted Smashed Avo & Edamame Dip",
    "imageUrl": "https://shop.coles.com.au/wcsstore/ColesResponsiveStorefrontAssetStore/dist/ccfc54aed6e361b650bcf0582f7b576b/img/img_product-placeholder.png",
    "categories": ["dairy-eggs-meals"],
    "tags": ["dairy", "dips-pate"],
    "locations": {
      "vic": {
        "price": 4.3,
        "promoText": " ",
        "packageSize": "200g",
        "packagePrice": "$2.15 per 100G"
      }
    }
  },
  {
    "id": "castlemaine-dip-parsley-garlic",
    "brand": "Castlemaine",
    "name": "Parsley & Garlic Dip",
    "imageUrl": "https://shop.coles.com.au/wcsstore/Coles-CAS/images/9/6/2/9620285-th.jpg",
    "categories": ["dairy-eggs-meals"],
    "tags": ["dairy", "dips-pate"],
    "locations": {
      "vic": {
        "price": 4,
        "promoText": " ",
        "packageSize": "200g",
        "packagePrice": "$2.00 per 100G"
      }
    }
  },
  {
    "id": "castlemaine-dip-roasted-capsicum-onion",
    "brand": "Castlemaine",
    "name": "Roasted Capsicum & Onion Dip",
    "imageUrl": "https://shop.coles.com.au/wcsstore/Coles-CAS/images/6/6/1/6619520-th.jpg",
    "categories": ["dairy-eggs-meals"],
    "tags": ["dairy", "dips-pate"],
    "locations": {
      "vic": {
        "price": 4,
        "promoText": " ",
        "packageSize": "200g",
        "packagePrice": "$2.00 per 100G"
      }
    }
  },
  {
    "id": "chris-heritage-vintage-cheddar-caramelised-onion-dip",
    "brand": "Chris'",
    "name": "Heritage Vintage Cheddar & Caramelised Onion Savoury Dip",
    "imageUrl": "https://shop.coles.com.au/wcsstore/Coles-CAS/images/2/5/8/2582100-th.jpg",
    "categories": ["dairy-eggs-meals"],
    "tags": ["dairy", "dips-pate"],
    "locations": {
      "vic": {
        "price": 8,
        "promoText": " ",
        "packageSize": "170g",
        "packagePrice": "$4.71 per 100G"
      }
    }
  },
  {
    "id": "chris-heritage-blue-cheese-fig-pistachio-dip",
    "brand": "Chris'",
    "name": "Heritage Blue Cheese Fig & Pistachio Savoury Dip",
    "imageUrl": "https://shop.coles.com.au/wcsstore/Coles-CAS/images/2/5/8/2582097-th.jpg",
    "categories": ["dairy-eggs-meals"],
    "tags": ["dairy", "dips-pate"],
    "locations": {
      "vic": {
        "price": 8,
        "promoText": " ",
        "packageSize": "170g",
        "packagePrice": "$4.71 per 100G"
      }
    }
  },
  {
    "id": "chris-s-plant-based-dip-swet-potato-cashew",
    "brand": "Chris's",
    "name": "Plant Based Sweet Potato & Cashew Dip",
    "imageUrl": "https://shop.coles.com.au/wcsstore/ColesResponsiveStorefrontAssetStore/dist/ccfc54aed6e361b650bcf0582f7b576b/img/img_product-placeholder.png",
    "categories": ["dairy-eggs-meals"],
    "tags": ["dairy", "dips-pate"],
    "locations": {
      "vic": {
        "price": 4,
        "promoText": " ",
        "packageSize": "200g",
        "packagePrice": "$2.00 per 100G"
      }
    }
  },
  {
    "id": "chris-s-plant-based-dip-corn-relish",
    "brand": "Chris's",
    "name": "Plant Based Corn Relish Dip",
    "imageUrl": "https://shop.coles.com.au/wcsstore/Coles-CAS/images/3/7/8/3783356-th.jpg",
    "categories": ["dairy-eggs-meals"],
    "tags": ["dairy", "dips-pate"],
    "locations": {
      "vic": {
        "price": 4,
        "promoText": " ",
        "packageSize": "200g",
        "packagePrice": "$2.00 per 100G"
      }
    }
  },
  {
    "id": "chris-s-plant-based-dip-spring-onion",
    "brand": "Chris's",
    "name": "Plant Based Spring Onion Dip",
    "imageUrl": "https://shop.coles.com.au/wcsstore/Coles-CAS/images/3/7/8/3783345-th.jpg",
    "categories": ["dairy-eggs-meals"],
    "tags": ["dairy", "dips-pate"],
    "locations": {
      "vic": {
        "price": 4,
        "promoText": " ",
        "packageSize": "200g",
        "packagePrice": "$2.00 per 100G"
      }
    }
  },
  {
    "id": "coles-mexican-corn-dip",
    "brand": "Coles",
    "name": "Mexican Corn Dip",
    "imageUrl": "https://shop.coles.com.au/wcsstore/Coles-CAS/images/3/3/5/3359706-th.jpg",
    "categories": ["dairy-eggs-meals"],
    "tags": ["dairy", "dips-pate"],
    "locations": {
      "vic": {
        "price": 3,
        "promoText": "Was $3.50 on Jan 2020 ",
        "packageSize": "150g",
        "packagePrice": "$2.00 per 100G"
      }
    }
  },
  {
    "id": "coles-roasted-capsicum-cashew-dip",
    "brand": "Coles",
    "name": "Roasted Capsicum & Cashew",
    "imageUrl": "https://shop.coles.com.au/wcsstore/ColesResponsiveStorefrontAssetStore/dist/ccfc54aed6e361b650bcf0582f7b576b/img/img_product-placeholder.png",
    "categories": ["dairy-eggs-meals"],
    "tags": ["dairy", "dips-pate"],
    "locations": {
      "vic": {
        "price": 3.5,
        "promoText": " ",
        "packageSize": "150g",
        "packagePrice": "$2.33 per 100G"
      }
    }
  },
  {
    "id": "coles-spicy-avocado-dip",
    "brand": "Coles",
    "name": "Spicy Avocado Dip",
    "imageUrl": "https://shop.coles.com.au/wcsstore/ColesResponsiveStorefrontAssetStore/dist/ccfc54aed6e361b650bcf0582f7b576b/img/img_product-placeholder.png",
    "categories": ["dairy-eggs-meals"],
    "tags": ["dairy", "dips-pate"],
    "locations": {
      "vic": {
        "price": 3.5,
        "promoText": " ",
        "packageSize": "150g",
        "packagePrice": "$2.33 per 100G"
      }
    }
  },
  {
    "id": "normandie-pate-black-peppercorn",
    "brand": "Normandie",
    "name": "Black Peppercorn Chicken Pate",
    "imageUrl": "https://shop.coles.com.au/wcsstore/Coles-CAS/images/5/6/8/5686317-th.jpg",
    "categories": ["dairy-eggs-meals"],
    "tags": ["dairy", "dips-pate"],
    "locations": {
      "vic": {
        "price": 4.5,
        "promoText": " ",
        "packageSize": "150g",
        "packagePrice": "$3.00 per 100G"
      }
    }
  },
  {
    "id": "normandie-pate-champagne",
    "brand": "Normandie",
    "name": "Chicken With Champagne Pate",
    "imageUrl": "https://shop.coles.com.au/wcsstore/Coles-CAS/images/5/6/8/5686339-th.jpg",
    "categories": ["dairy-eggs-meals"],
    "tags": ["dairy", "dips-pate"],
    "locations": {
      "vic": {
        "price": 4.5,
        "promoText": " ",
        "packageSize": "150g",
        "packagePrice": "$3.00 per 100G"
      }
    }
  },
  {
    "id": "obela-moroccan-sweet-potato-dip",
    "brand": "Obela",
    "name": "Moroccan Sweet Potato & Roasted Pistachios Dip",
    "imageUrl": "https://shop.coles.com.au/wcsstore/Coles-CAS/images/3/5/9/3599164-th.jpg",
    "categories": ["dairy-eggs-meals"],
    "tags": ["dairy", "dips-pate"],
    "locations": {
      "vic": {
        "price": 4.5,
        "promoText": " ",
        "packageSize": "220g",
        "packagePrice": "$2.05 per 100G"
      }
    }
  },
  {
    "id": "pilpel-garlic-dip",
    "brand": "Pilpel",
    "name": "Garlic Dip",
    "imageUrl": "https://shop.coles.com.au/wcsstore/Coles-CAS/images/3/8/5/3858466-th.jpg",
    "categories": ["dairy-eggs-meals"],
    "tags": ["dairy", "dips-pate"],
    "locations": {
      "vic": {
        "price": 6,
        "promoText": " ",
        "packageSize": "180g",
        "packagePrice": "$3.33 per 100G"
      }
    }
  },
  {
    "id": "planet-food-crispy-kale-artichoke-dip-3515787p",
    "brand": "Plant Life Food",
    "name": "Crispy Kale Artichoke Dip",
    "imageUrl": "https://shop.coles.com.au/wcsstore/Coles-CAS/images/3/5/1/3515787-th.jpg",
    "categories": ["dairy-eggs-meals"],
    "tags": ["dairy", "dips-pate"],
    "locations": {
      "vic": {
        "price": 4,
        "promoText": "Any 2 $7",
        "packageSize": "150g",
        "packagePrice": "$2.67 per 100G"
      }
    }
  },
  {
    "id": "plant-life-fod-co-fresh-basil-pesto-dip",
    "brand": "Plant Life Food Co",
    "name": "Fresh Basil Pesto Dip",
    "imageUrl": "https://shop.coles.com.au/wcsstore/Coles-CAS/images/3/7/7/3770478-th.jpg",
    "categories": ["dairy-eggs-meals"],
    "tags": ["dairy", "dips-pate"],
    "locations": {
      "vic": {
        "price": 4,
        "promoText": "Any 2 $7",
        "packageSize": "150g",
        "packagePrice": "$2.67 per 100G"
      }
    }
  },
  {
    "id": "pureland-dip-hommus",
    "brand": "Pureland",
    "name": "Hommus Dip",
    "imageUrl": "https://shop.coles.com.au/wcsstore/Coles-CAS/images/5/1/8/5185220-th.jpg",
    "categories": ["dairy-eggs-meals"],
    "tags": ["dairy", "dips-pate"],
    "locations": {
      "vic": {
        "price": 5.3,
        "promoText": " ",
        "packageSize": "300g",
        "packagePrice": "$1.77 per 100G"
      }
    }
  },
  {
    "id": "red-rock-deli-dip-zesty-avo-feta-gren-goddess",
    "brand": "Red Rock Deli",
    "name": "Zesty Avo & Feta Green Goddess Dip",
    "imageUrl": "https://shop.coles.com.au/wcsstore/Coles-CAS/images/3/7/7/3777091-th.jpg",
    "categories": ["dairy-eggs-meals"],
    "tags": ["dairy", "dips-pate"],
    "locations": {
      "vic": {
        "price": 4.5,
        "promoText": " ",
        "packageSize": "150g",
        "packagePrice": "$3.00 per 100G"
      }
    }
  },
  {
    "id": "red-rock-deli-parmesan-truffle-oil-hazelnut-dip",
    "brand": "Red Rock Deli",
    "name": "Parmesan Truffle Oil & Hazelnut Dip",
    "imageUrl": "https://shop.coles.com.au/wcsstore/Coles-CAS/images/3/7/7/3776995-th.jpg",
    "categories": ["dairy-eggs-meals"],
    "tags": ["dairy", "dips-pate"],
    "locations": {
      "vic": {
        "price": 4.5,
        "promoText": " ",
        "packageSize": "150g",
        "packagePrice": "$3.00 per 100G"
      }
    }
  },
  {
    "id": "wattle-valley-dip-chunky-basil-with-cashew-parmesan",
    "brand": "Wattle Valley",
    "name": "Chunky Fresh Basil With Cashews & Parmesan Dip",
    "imageUrl": "https://shop.coles.com.au/wcsstore/Coles-CAS/images/9/3/9/9394801-th.jpg",
    "categories": ["dairy-eggs-meals"],
    "tags": ["dairy", "dips-pate"],
    "locations": {
      "vic": {
        "price": 4.6,
        "promoText": " ",
        "packageSize": "150g",
        "packagePrice": "$3.07 per 100G"
      }
    }
  },
  {
    "id": "yumi-s-classic-hommus-with-pesto-rocket-almond",
    "brand": "Yumi's",
    "name": "Classic Hommus With Pesto Rocket & Almond",
    "imageUrl": "https://shop.coles.com.au/wcsstore/ColesResponsiveStorefrontAssetStore/dist/ccfc54aed6e361b650bcf0582f7b576b/img/img_product-placeholder.png",
    "categories": ["dairy-eggs-meals"],
    "tags": ["dairy", "dips-pate"],
    "locations": {
      "vic": {
        "price": 3,
        "promoText": "$1.00 ",
        "packageSize": "200g",
        "packagePrice": "$1.50 per 100G"
      }
    }
  },
  {
    "id": "yumi-s-mini-kalamata-olive-dip-3pk",
    "brand": "Yumi's",
    "name": "Mini Kalamata Olive Dip 3 Pack",
    "imageUrl": "https://shop.coles.com.au/wcsstore/ColesResponsiveStorefrontAssetStore/dist/ccfc54aed6e361b650bcf0582f7b576b/img/img_product-placeholder.png",
    "categories": ["dairy-eggs-meals"],
    "tags": ["dairy", "dips-pate"],
    "locations": {
      "vic": {
        "price": 4,
        "promoText": " ",
        "packageSize": "195g",
        "packagePrice": "$2.05 per 100G"
      }
    }
  },
  {
    "id": "yumis-classic-potato-spring-onion",
    "brand": "Yumi's",
    "name": "Classic Potato & Spring Onion",
    "imageUrl": "https://shop.coles.com.au/wcsstore/ColesResponsiveStorefrontAssetStore/dist/ccfc54aed6e361b650bcf0582f7b576b/img/img_product-placeholder.png",
    "categories": ["dairy-eggs-meals"],
    "tags": ["dairy", "dips-pate"],
    "locations": {
      "vic": {
        "price": 3,
        "promoText": "$1.00 ",
        "packageSize": "200g",
        "packagePrice": "$1.50 per 100G"
      }
    }
  },
  {
    "id": "yumi-s-mini-avocado-dip-3pack",
    "brand": "Yumi's",
    "name": "Mini Avocado Dip 3 Pack",
    "imageUrl": "https://shop.coles.com.au/wcsstore/Coles-CAS/images/3/7/7/3776678-th.jpg",
    "categories": ["dairy-eggs-meals"],
    "tags": ["dairy", "dips-pate"],
    "locations": {
      "vic": {
        "price": 4,
        "promoText": " ",
        "packageSize": "195g",
        "packagePrice": "$2.05 per 100G"
      }
    }
  },
  {
    "id": "nestle-dessert-mousse-chocolate-2-pack",
    "brand": "Nestle",
    "name": "Chocolate Mousse 2 pack",
    "imageUrl": "https://shop.coles.com.au/wcsstore/Coles-CAS/images/8/4/7/8477109-th.jpg",
    "categories": ["dairy-eggs-meals"],
    "tags": ["dairy", "desserts"],
    "locations": {
      "vic": {
        "price": 2.75,
        "promoText": "2 for $5",
        "packageSize": "124g",
        "packagePrice": "$2.22 per 100G"
      }
    }
  },
  {
    "id": "wicked-sister-vanilla-bean-rice-pudding-2-pack",
    "brand": "Wicked Sister",
    "name": "Vanilla Bean Rice Pudding 2 pack",
    "imageUrl": "https://shop.coles.com.au/wcsstore/Coles-CAS/images/2/3/6/2367389-th.jpg",
    "categories": ["dairy-eggs-meals"],
    "tags": ["dairy", "desserts"],
    "locations": {
      "vic": {
        "price": 4.2,
        "promoText": " ",
        "packageSize": "340g",
        "packagePrice": "$1.24 per 100G"
      }
    }
  },
  {
    "id": "divine-classic-dessert-creme-caramel-2-pack",
    "brand": "Divine Classic",
    "name": "Crème Caramel Dessert 2 pack",
    "imageUrl": "https://shop.coles.com.au/wcsstore/Coles-CAS/images/2/4/2/242917-th.jpg",
    "categories": ["dairy-eggs-meals"],
    "tags": ["dairy", "desserts"],
    "locations": {
      "vic": {
        "price": 3.15,
        "promoText": "Any 2 $5.50",
        "packageSize": "150g",
        "packagePrice": "$1.05 per 100G"
      }
    }
  },
  {
    "id": "yoplait-dessert-le-rice-vanilla-classic-2-pack",
    "brand": "Yoplait",
    "name": "Le Rice Classic Vanilla Dessert 2x150g",
    "imageUrl": "https://shop.coles.com.au/wcsstore/Coles-CAS/images/5/7/4/5748855-th.jpg",
    "categories": ["dairy-eggs-meals"],
    "tags": ["dairy", "desserts"],
    "locations": {
      "vic": {
        "price": 3.15,
        "promoText": "Any 2 $5.50",
        "packageSize": "2 pack",
        "packagePrice": "$1.58 per 1Ea"
      }
    }
  },
  {
    "id": "wicked-sister-gluten-free-chocolate-mousse",
    "brand": "Wicked Sister",
    "name": "Chocolate Mousse Desserts 2 pack",
    "imageUrl": "https://shop.coles.com.au/wcsstore/Coles-CAS/images/3/1/1/3111121-th.jpg",
    "categories": ["dairy-eggs-meals"],
    "tags": ["dairy", "desserts"],
    "locations": {
      "vic": {
        "price": 4,
        "promoText": " ",
        "packageSize": "160g",
        "packagePrice": "$2.50 per 100G"
      }
    }
  },
  {
    "id": "aeroplane-jelly-ready-to-eat-raspberry",
    "brand": "Aeroplane",
    "name": "Ready To Eat Raspberry Jelly",
    "imageUrl": "https://shop.coles.com.au/wcsstore/Coles-CAS/images/1/3/8/1389364-th.jpg",
    "categories": ["dairy-eggs-meals"],
    "tags": ["dairy", "desserts"],
    "locations": {
      "vic": {
        "price": 1.4,
        "promoText": " ",
        "packageSize": "120g",
        "packagePrice": "$1.17 per 100G"
      }
    }
  },
  {
    "id": "vaalia-sorbet-sensation-mango",
    "brand": "Vaalia",
    "name": "Sensation Mango Sorbet",
    "imageUrl": "https://shop.coles.com.au/wcsstore/Coles-CAS/images/3/5/3/3537826-th.jpg",
    "categories": ["dairy-eggs-meals"],
    "tags": ["dairy", "desserts"],
    "locations": {
      "vic": {
        "price": 1.5,
        "promoText": "$0.75 ",
        "packageSize": "170g",
        "packagePrice": "$0.88 per 100G"
      }
    }
  },
  {
    "id": "aeroplane-jelly-ready-to-eat-orange",
    "brand": "Aeroplane",
    "name": "Ready To Eat Orange Jelly",
    "imageUrl": "https://shop.coles.com.au/wcsstore/Coles-CAS/images/1/3/8/1389342-th.jpg",
    "categories": ["dairy-eggs-meals"],
    "tags": ["dairy", "desserts"],
    "locations": {
      "vic": {
        "price": 1.4,
        "promoText": " ",
        "packageSize": "120g",
        "packagePrice": "$1.17 per 100G"
      }
    }
  },
  {
    "id": "aeroplane-jelly-ready-to-eat-blackcurrant",
    "brand": "Aeroplane",
    "name": "Ready To Eat Blackcurrant Jelly",
    "imageUrl": "https://shop.coles.com.au/wcsstore/Coles-CAS/images/1/3/8/1389375-th.jpg",
    "categories": ["dairy-eggs-meals"],
    "tags": ["dairy", "desserts"],
    "locations": {
      "vic": {
        "price": 1.4,
        "promoText": " ",
        "packageSize": "120g",
        "packagePrice": "$1.17 per 100G"
      }
    }
  },
  {
    "id": "aeroplane-jelly-ready-to-eat-strawberry",
    "brand": "Aeroplane",
    "name": "Ready To Eat Strawberry Jelly",
    "imageUrl": "https://shop.coles.com.au/wcsstore/Coles-CAS/images/1/3/8/1389353-th.jpg",
    "categories": ["dairy-eggs-meals"],
    "tags": ["dairy", "desserts"],
    "locations": {
      "vic": {
        "price": 1.4,
        "promoText": " ",
        "packageSize": "120g",
        "packagePrice": "$1.17 per 100G"
      }
    }
  },
  {
    "id": "aeroplane--ready-to-eat-pineapple-jelly",
    "brand": "Aeroplane",
    "name": "Ready To Eat Pineapple Jelly",
    "imageUrl": "https://shop.coles.com.au/wcsstore/Coles-CAS/images/2/7/3/2738108-th.jpg",
    "categories": ["dairy-eggs-meals"],
    "tags": ["dairy", "desserts"],
    "locations": {
      "vic": {
        "price": 1.4,
        "promoText": " ",
        "packageSize": "120g",
        "packagePrice": "$1.17 per 100G"
      }
    }
  },
  {
    "id": "latina-fresh-ravioli-beef",
    "brand": "Latina",
    "name": "Fresh Beef Ravioli",
    "imageUrl": "https://shop.coles.com.au/wcsstore/Coles-CAS/images/5/4/0/5404110-th.jpg",
    "categories": ["dairy-eggs-meals"],
    "tags": ["fresh-pasta-sauces", "fresh-pasta-nodles"],
    "locations": {
      "vic": {
        "price": 8,
        "promoText": " ",
        "packageSize": "625g",
        "packagePrice": "$1.28 per 100G"
      }
    }
  },
  {
    "id": "hakubaku-noodles-soba-organic",
    "brand": "Hakubaku",
    "name": "Organic Soba Noodles",
    "imageUrl": "https://shop.coles.com.au/wcsstore/Coles-CAS/images/9/4/3/9434666-th.jpg",
    "categories": ["dairy-eggs-meals"],
    "tags": ["fresh-pasta-sauces", "fresh-pasta-nodles"],
    "locations": {
      "vic": {
        "price": 3.7,
        "promoText": " ",
        "packageSize": "270g",
        "packagePrice": "$1.37 per 100G"
      }
    }
  },
  {
    "id": "fantastic-noodles-fresh-hokkien",
    "brand": "Fantastic",
    "name": "Hokkien Noodles",
    "imageUrl": "https://shop.coles.com.au/wcsstore/Coles-CAS/images/8/6/7/8679624-th.jpg",
    "categories": ["dairy-eggs-meals"],
    "tags": ["fresh-pasta-sauces", "fresh-pasta-nodles"],
    "locations": {
      "vic": {
        "price": 2.65,
        "promoText": "2 for $4",
        "packageSize": "450g",
        "packagePrice": "$0.59 per 100G"
      }
    }
  },
  {
    "id": "latina-fresh-agnolotti-ricotta-spinach",
    "brand": "Latina",
    "name": "Fresh Ricotta & Spinach Agnolotti",
    "imageUrl": "https://shop.coles.com.au/wcsstore/Coles-CAS/images/5/4/6/5469181-th.jpg",
    "categories": ["dairy-eggs-meals"],
    "tags": ["fresh-pasta-sauces", "fresh-pasta-nodles"],
    "locations": {
      "vic": {
        "price": 8,
        "promoText": " ",
        "packageSize": "625g",
        "packagePrice": "$1.28 per 100G"
      }
    }
  },
  {
    "id": "hakubaku-noodles-udon-organic",
    "brand": "Hakubaku",
    "name": "Organic Udon Noodles",
    "imageUrl": "https://shop.coles.com.au/wcsstore/Coles-CAS/images/9/4/3/9434677-th.jpg",
    "categories": ["dairy-eggs-meals"],
    "tags": ["fresh-pasta-sauces", "fresh-pasta-nodles"],
    "locations": {
      "vic": {
        "price": 3.7,
        "promoText": " ",
        "packageSize": "270g",
        "packagePrice": "$1.37 per 100G"
      }
    }
  },
  {
    "id": "latina-fresh-pasta-ricotta-spinach-agnolotti",
    "brand": "Latina",
    "name": "Fresh Ricotta & Spinach Agnolotti",
    "imageUrl": "https://shop.coles.com.au/wcsstore/Coles-CAS/images/5/2/8/5280232-th.jpg",
    "categories": ["dairy-eggs-meals"],
    "tags": ["fresh-pasta-sauces", "fresh-pasta-nodles"],
    "locations": {
      "vic": {
        "price": 4,
        "promoText": "$2.50 ",
        "packageSize": "375g",
        "packagePrice": "$1.07 per 100G"
      }
    }
  },
  {
    "id": "coles-spinach-ricotta-agnolotti-pasta",
    "brand": "Coles",
    "name": "Ricotta & Spinach Agnolotti Pasta",
    "imageUrl": "https://shop.coles.com.au/wcsstore/Coles-CAS/images/2/7/1/2714303-th.jpg",
    "categories": ["dairy-eggs-meals"],
    "tags": ["fresh-pasta-sauces", "fresh-pasta-nodles"],
    "locations": {
      "vic": {
        "price": 4,
        "promoText": " ",
        "packageSize": "600g",
        "packagePrice": "$0.67 per 100G"
      }
    }
  },
  {
    "id": "latina-fresh-pasta-beef-ravioli",
    "brand": "Latina",
    "name": "Fresh Beef Ravioli",
    "imageUrl": "https://shop.coles.com.au/wcsstore/Coles-CAS/images/5/0/5/5051858-th.jpg",
    "categories": ["dairy-eggs-meals"],
    "tags": ["fresh-pasta-sauces", "fresh-pasta-nodles"],
    "locations": {
      "vic": {
        "price": 4,
        "promoText": "$2.50 ",
        "packageSize": "375g",
        "packagePrice": "$1.07 per 100G"
      }
    }
  },
  {
    "id": "coles-pasta-lasagne-sheets-fresh",
    "brand": "Coles",
    "name": "Lasagne Sheets 12 Pack",
    "imageUrl": "https://shop.coles.com.au/wcsstore/Coles-CAS/images/7/7/1/7712156-th.jpg",
    "categories": ["dairy-eggs-meals"],
    "tags": ["fresh-pasta-sauces", "fresh-pasta-nodles"],
    "locations": {
      "vic": {
        "price": 2.9,
        "promoText": " ",
        "packageSize": "375g",
        "packagePrice": "$0.77 per 100G"
      }
    }
  },
  {
    "id": "coles-potato-gnocchi-3167363p",
    "brand": "Coles",
    "name": "Potato Gnocchi",
    "imageUrl": "https://shop.coles.com.au/wcsstore/Coles-CAS/images/3/1/6/3167363-th.jpg",
    "categories": ["dairy-eggs-meals"],
    "tags": ["fresh-pasta-sauces", "fresh-pasta-nodles"],
    "locations": {
      "vic": {
        "price": 4,
        "promoText": " ",
        "packageSize": "500g",
        "packagePrice": "$0.80 per 100G"
      }
    }
  },
  {
    "id": "rana-spinach-ricotta-tortellini",
    "brand": "La Famiglia Rana",
    "name": "Ricotta & Spinach Tortellini",
    "imageUrl": "https://shop.coles.com.au/wcsstore/Coles-CAS/images/3/0/9/3091046-th.jpg",
    "categories": ["dairy-eggs-meals"],
    "tags": ["fresh-pasta-sauces", "fresh-pasta-nodles"],
    "locations": {
      "vic": {
        "price": 7,
        "promoText": " ",
        "packageSize": "325g",
        "packagePrice": "$2.15 per 100G"
      }
    }
  },
  {
    "id": "rana-ravioli-pumpkin-caramelised-onion",
    "brand": "La Famiglia Rana",
    "name": "Pumpkin & Roasted Onion Ravioli",
    "imageUrl": "https://shop.coles.com.au/wcsstore/Coles-CAS/images/3/0/9/3091148-th.jpg",
    "categories": ["dairy-eggs-meals"],
    "tags": ["fresh-pasta-sauces", "fresh-pasta-nodles"],
    "locations": {
      "vic": {
        "price": 7,
        "promoText": " ",
        "packageSize": "325g",
        "packagePrice": "$2.15 per 100G"
      }
    }
  },
  {
    "id": "latina-fresh-lasagne-sheets",
    "brand": "Latina",
    "name": "Fresh Lasagne Sheets 8 Pack",
    "imageUrl": "https://shop.coles.com.au/wcsstore/Coles-CAS/images/5/1/6/5165427-th.jpg",
    "categories": ["dairy-eggs-meals"],
    "tags": ["fresh-pasta-sauces", "fresh-pasta-nodles"],
    "locations": {
      "vic": {
        "price": 5,
        "promoText": " ",
        "packageSize": "375g",
        "packagePrice": "$1.33 per 100G"
      }
    }
  },
  {
    "id": "coles-beef-ravioli-pasta",
    "brand": "Coles",
    "name": "Beef Ravioli Pasta",
    "imageUrl": "https://shop.coles.com.au/wcsstore/Coles-CAS/images/2/7/1/2716080-th.jpg",
    "categories": ["dairy-eggs-meals"],
    "tags": ["fresh-pasta-sauces", "fresh-pasta-nodles"],
    "locations": {
      "vic": {
        "price": 4,
        "promoText": " ",
        "packageSize": "600g",
        "packagePrice": "$0.67 per 100G"
      }
    }
  },
  {
    "id": "coles-veal-tortellini",
    "brand": "Coles",
    "name": "Veal Tortellini Pasta",
    "imageUrl": "https://shop.coles.com.au/wcsstore/Coles-CAS/images/2/7/1/2714289-th.jpg",
    "categories": ["dairy-eggs-meals"],
    "tags": ["fresh-pasta-sauces", "fresh-pasta-nodles"],
    "locations": {
      "vic": {
        "price": 4,
        "promoText": " ",
        "packageSize": "600g",
        "packagePrice": "$0.67 per 100G"
      }
    }
  },
  {
    "id": "latina-fresh-tortellini-veal-5051836p",
    "brand": "Latina",
    "name": "Fresh Veal Tortellini",
    "imageUrl": "https://shop.coles.com.au/wcsstore/Coles-CAS/images/5/0/5/5051836-th.jpg",
    "categories": ["dairy-eggs-meals"],
    "tags": ["fresh-pasta-sauces", "fresh-pasta-nodles"],
    "locations": {
      "vic": {
        "price": 4,
        "promoText": "$2.50 ",
        "packageSize": "375g",
        "packagePrice": "$1.07 per 100G"
      }
    }
  },
  {
    "id": "changs-noodles-wok-ready-lo-cal",
    "brand": "Chang's",
    "name": "Super Lo-Cal Traditional Noodles",
    "imageUrl": "https://shop.coles.com.au/wcsstore/Coles-CAS/images/8/8/6/8864976-th.jpg",
    "categories": ["dairy-eggs-meals"],
    "tags": ["fresh-pasta-sauces", "fresh-pasta-nodles"],
    "locations": {
      "vic": {
        "price": 2.6,
        "promoText": " ",
        "packageSize": "390g",
        "packagePrice": "$0.67 per 100G"
      }
    }
  },
  {
    "id": "latina-pasta-tortellini-spinach-ricotta",
    "brand": "Latina",
    "name": "Fresh Spinach & Ricotta Tortellini",
    "imageUrl": "https://shop.coles.com.au/wcsstore/Coles-CAS/images/1/2/0/1202146-th.jpg",
    "categories": ["dairy-eggs-meals"],
    "tags": ["fresh-pasta-sauces", "fresh-pasta-nodles"],
    "locations": {
      "vic": {
        "price": 8,
        "promoText": " ",
        "packageSize": "625g",
        "packagePrice": "$1.28 per 100G"
      }
    }
  },
  {
    "id": "latina-fresh-tortellini-veal",
    "brand": "Latina",
    "name": "Fresh Veal Tortellini",
    "imageUrl": "https://shop.coles.com.au/wcsstore/Coles-CAS/images/5/4/0/5404131-th.jpg",
    "categories": ["dairy-eggs-meals"],
    "tags": ["fresh-pasta-sauces", "fresh-pasta-nodles"],
    "locations": {
      "vic": {
        "price": 8,
        "promoText": " ",
        "packageSize": "625g",
        "packagePrice": "$1.28 per 100G"
      }
    }
  },
  {
    "id": "latina-fresh-fettuccine-egg-5051790p",
    "brand": "Latina",
    "name": "Fresh Egg Fettuccine",
    "imageUrl": "https://shop.coles.com.au/wcsstore/Coles-CAS/images/5/0/5/5051790-th.jpg",
    "categories": ["dairy-eggs-meals"],
    "tags": ["fresh-pasta-sauces", "fresh-pasta-nodles"],
    "locations": {
      "vic": {
        "price": 5,
        "promoText": " ",
        "packageSize": "375g",
        "packagePrice": "$1.33 per 100G"
      }
    }
  },
  {
    "id": "coles-finest-filled-pasta-pork-fennel",
    "brand": "Coles Finest",
    "name": "Italian Style Pork & Fennel Mezzalune Pasta",
    "imageUrl": "https://shop.coles.com.au/wcsstore/Coles-CAS/images/3/1/6/3166101-th.jpg",
    "categories": ["dairy-eggs-meals"],
    "tags": ["fresh-pasta-sauces", "fresh-pasta-nodles"],
    "locations": {
      "vic": {
        "price": 5,
        "promoText": " ",
        "packageSize": "350g",
        "packagePrice": "$1.43 per 100G"
      }
    }
  },
  {
    "id": "latina-roast-chicken-garlic-ravioli",
    "brand": "Latina",
    "name": "Fresh Roast Chicken & Garlic Ravioli",
    "imageUrl": "https://shop.coles.com.au/wcsstore/Coles-CAS/images/7/2/9/7294409-th.jpg",
    "categories": ["dairy-eggs-meals"],
    "tags": ["fresh-pasta-sauces", "fresh-pasta-nodles"],
    "locations": {
      "vic": {
        "price": 8,
        "promoText": " ",
        "packageSize": "625g",
        "packagePrice": "$1.28 per 100G"
      }
    }
  },
  {
    "id": "latina-fresh-gluten-free-beef-ravioli",
    "brand": "Latina",
    "name": "Gluten Free Beef Ravioli",
    "imageUrl": "https://shop.coles.com.au/wcsstore/Coles-CAS/images/2/2/7/2271450-th.jpg",
    "categories": ["dairy-eggs-meals"],
    "tags": ["fresh-pasta-sauces", "fresh-pasta-nodles"],
    "locations": {
      "vic": {
        "price": 7.5,
        "promoText": " ",
        "packageSize": "280g",
        "packagePrice": "$2.68 per 100G"
      }
    }
  },
  {
    "id": "latina-fresh-pasta-sauce-creamy-sundried-tomato",
    "brand": "Latina",
    "name": "Fresh Creamy Sundried Tomato Pasta Sauce",
    "imageUrl": "https://shop.coles.com.au/wcsstore/Coles-CAS/images/6/0/2/6026890-th.jpg",
    "categories": ["dairy-eggs-meals"],
    "tags": ["fresh-pasta-sauces", "pasta-sauces"],
    "locations": {
      "vic": {
        "price": 6,
        "promoText": " ",
        "packageSize": "425g",
        "packagePrice": "$1.41 per 100G"
      }
    }
  },
  {
    "id": "latina-fresh-pasta-sauce-bolognese",
    "brand": "Latina",
    "name": "Fresh Beef Bolognese",
    "imageUrl": "https://shop.coles.com.au/wcsstore/Coles-CAS/images/5/2/2/5220241-th.jpg",
    "categories": ["dairy-eggs-meals"],
    "tags": ["fresh-pasta-sauces", "pasta-sauces"],
    "locations": {
      "vic": {
        "price": 6,
        "promoText": " ",
        "packageSize": "425g",
        "packagePrice": "$1.41 per 100G"
      }
    }
  },
  {
    "id": "latina-fresh-pasta-sauce-creamy-carbonara-5404109p",
    "brand": "Latina",
    "name": "Fresh Creamy Carbonara Pasta Sauce",
    "imageUrl": "https://shop.coles.com.au/wcsstore/Coles-CAS/images/5/4/0/5404109-th.jpg",
    "categories": ["dairy-eggs-meals"],
    "tags": ["fresh-pasta-sauces", "pasta-sauces"],
    "locations": {
      "vic": {
        "price": 6,
        "promoText": " ",
        "packageSize": "425g",
        "packagePrice": "$1.41 per 100G"
      }
    }
  },
  {
    "id": "coles-pasta-sauce-tomato-basil",
    "brand": "Coles",
    "name": "Tomato & Basil Pasta Sauce",
    "imageUrl": "https://shop.coles.com.au/wcsstore/Coles-CAS/images/2/8/7/2877330-th.jpg",
    "categories": ["dairy-eggs-meals"],
    "tags": ["fresh-pasta-sauces", "pasta-sauces"],
    "locations": {
      "vic": {
        "price": 3.7,
        "promoText": " ",
        "packageSize": "425g",
        "packagePrice": "$0.87 per 100G"
      }
    }
  },
  {
    "id": "latina-fresh-pasta-sauce-italian-tomato-garlic-5233232p",
    "brand": "Latina",
    "name": "Fresh Italian Tomato & Garlic Pasta Sauce",
    "imageUrl": "https://shop.coles.com.au/wcsstore/Coles-CAS/images/5/2/3/5233232-th.jpg",
    "categories": ["dairy-eggs-meals"],
    "tags": ["fresh-pasta-sauces", "pasta-sauces"],
    "locations": {
      "vic": {
        "price": 6,
        "promoText": " ",
        "packageSize": "425g",
        "packagePrice": "$1.41 per 100G"
      }
    }
  },
  {
    "id": "coles-pasta-sauce-carbonara",
    "brand": "Coles",
    "name": "Carbonara Pasta Sauce",
    "imageUrl": "https://shop.coles.com.au/wcsstore/Coles-CAS/images/2/8/7/2877341-th.jpg",
    "categories": ["dairy-eggs-meals"],
    "tags": ["fresh-pasta-sauces", "pasta-sauces"],
    "locations": {
      "vic": {
        "price": 3.7,
        "promoText": " ",
        "packageSize": "425g",
        "packagePrice": "$0.87 per 100G"
      }
    }
  },
  {
    "id": "latina-stir-through-sauce-tomato-smoked-bacon",
    "brand": "Latina Fresh",
    "name": "Tomato & Smoked Bacon Stir Through Sauce",
    "imageUrl": "https://shop.coles.com.au/wcsstore/Coles-CAS/images/3/6/5/3653725-th.jpg",
    "categories": ["dairy-eggs-meals"],
    "tags": ["fresh-pasta-sauces", "pasta-sauces"],
    "locations": {
      "vic": {
        "price": 3,
        "promoText": "$1.00 ",
        "packageSize": "250g",
        "packagePrice": "$1.20 per 100G"
      }
    }
  },
  {
    "id": "coles-pasta-sauce-chese",
    "brand": "Coles",
    "name": "Creamy Cheese Pasta Sauce",
    "imageUrl": "https://shop.coles.com.au/wcsstore/Coles-CAS/images/3/7/7/3776962-th.jpg",
    "categories": ["dairy-eggs-meals"],
    "tags": ["fresh-pasta-sauces", "pasta-sauces"],
    "locations": {
      "vic": {
        "price": 3.7,
        "promoText": " ",
        "packageSize": "425g",
        "packagePrice": "$0.87 per 100G"
      }
    }
  },
  {
    "id": "coles-bread-garlic-twin-pack",
    "brand": "Coles",
    "name": "Garlic Baguette Twin Pack",
    "imageUrl": "https://shop.coles.com.au/wcsstore/Coles-CAS/images/6/1/1/6113633-th.jpg",
    "categories": ["dairy-eggs-meals"],
    "tags": ["garlic-bread-pastry-shets", "chilled-garlic-specialty-breads"],
    "locations": {
      "vic": {
        "price": 2.8,
        "promoText": " ",
        "packageSize": "450g",
        "packagePrice": "$0.62 per 100G"
      }
    }
  },
  {
    "id": "la-famiglia-bread-garlic",
    "brand": "La Famiglia",
    "name": "Garlic Bread",
    "imageUrl": "https://shop.coles.com.au/wcsstore/Coles-CAS/images/6/1/4/6146213-th.jpg",
    "categories": ["dairy-eggs-meals"],
    "tags": ["garlic-bread-pastry-shets", "chilled-garlic-specialty-breads"],
    "locations": {
      "vic": {
        "price": 4,
        "promoText": " ",
        "packageSize": "400g",
        "packagePrice": "$1.00 per 100G"
      }
    }
  },
  {
    "id": "coles-smart-buy-bread-garlic-twin-pack",
    "brand": "Coles",
    "name": "Garlic Bread Twin Pack",
    "imageUrl": "https://shop.coles.com.au/wcsstore/Coles-CAS/images/7/3/1/7319725-th.jpg",
    "categories": ["dairy-eggs-meals"],
    "tags": ["garlic-bread-pastry-shets", "chilled-garlic-specialty-breads"],
    "locations": {
      "vic": {
        "price": 1.9,
        "promoText": " ",
        "packageSize": "450g",
        "packagePrice": "$0.42 per 100G"
      }
    }
  },
  {
    "id": "la-famiglia--garlic-bread-for-2",
    "brand": "La Famiglia",
    "name": "Garlic Bread",
    "imageUrl": "https://shop.coles.com.au/wcsstore/Coles-CAS/images/2/6/8/2681882-th.jpg",
    "categories": ["dairy-eggs-meals"],
    "tags": ["garlic-bread-pastry-shets", "chilled-garlic-specialty-breads"],
    "locations": {
      "vic": {
        "price": 3,
        "promoText": " ",
        "packageSize": "170g",
        "packagePrice": "$1.76 per 100G"
      }
    }
  },
  {
    "id": "mission-garlic-naan",
    "brand": "Mission",
    "name": "Garlic Naan",
    "imageUrl": "https://shop.coles.com.au/wcsstore/Coles-CAS/images/3/6/3/3639600-th.jpg",
    "categories": ["dairy-eggs-meals"],
    "tags": ["garlic-bread-pastry-shets", "chilled-garlic-specialty-breads"],
    "locations": {
      "vic": {
        "price": 3.79,
        "promoText": " ",
        "packageSize": "280g",
        "packagePrice": "$1.35 per 100G"
      }
    }
  },
  {
    "id": "la-famiglia-bread-garlic-slices",
    "brand": "La Famiglia",
    "name": "Garlic Bread Slices 9 pack",
    "imageUrl": "https://shop.coles.com.au/wcsstore/Coles-CAS/images/9/4/3/9435160-th.jpg",
    "categories": ["dairy-eggs-meals"],
    "tags": ["garlic-bread-pastry-shets", "chilled-garlic-specialty-breads"],
    "locations": {
      "vic": {
        "price": 5.2,
        "promoText": " ",
        "packageSize": "270g",
        "packagePrice": "$1.93 per 100G"
      }
    }
  },
  {
    "id": "antoniou-pastry-filo",
    "brand": "Antoniou",
    "name": "Filo Pastry Chilled",
    "imageUrl": "https://shop.coles.com.au/wcsstore/Coles-CAS/images/2/9/7/297384-th.jpg",
    "categories": ["dairy-eggs-meals"],
    "tags": ["garlic-bread-pastry-shets", "chilled-pastry-dough"],
    "locations": {
      "vic": {
        "price": 4,
        "promoText": " ",
        "packageSize": "375g",
        "packagePrice": "$1.07 per 100G"
      }
    }
  },
  {
    "id": "gerry-pittes-bread-pita-souvlaki-pizza",
    "brand": "Gerry Pittes",
    "name": "Souvlaki Pizza Pita Bread",
    "imageUrl": "https://shop.coles.com.au/wcsstore/Coles-CAS/images/4/8/5/485602-th.jpg",
    "categories": ["dairy-eggs-meals"],
    "tags": ["garlic-bread-pastry-shets", "chilled-pastry-dough"],
    "locations": {
      "vic": {
        "price": 3.15,
        "promoText": " ",
        "packageSize": "450g",
        "packagePrice": "$0.70 per 100G"
      }
    }
  },
  {
    "id": "coles-asian-thai-green-chicken-curry-with-rice",
    "brand": "Coles",
    "name": "Kitchen Thai Green Chicken Curry With Rice",
    "imageUrl": "https://shop.coles.com.au/wcsstore/Coles-CAS/images/2/8/7/2875110-th.jpg",
    "categories": ["dairy-eggs-meals"],
    "tags": ["ready-to-eat-meals", "thai-meals"],
    "locations": {
      "vic": {
        "price": 6.5,
        "promoText": "Any 2 $12",
        "packageSize": "350g",
        "packagePrice": "$1.86 per 100G"
      }
    }
  },
  {
    "id": "coles-asian-beef-massaman-curry-with-rice-meal",
    "brand": "Coles",
    "name": "Kitchen Beef Massaman Curry With Rice",
    "imageUrl": "https://shop.coles.com.au/wcsstore/Coles-CAS/images/2/8/7/2875120-th.jpg",
    "categories": ["dairy-eggs-meals"],
    "tags": ["ready-to-eat-meals", "thai-meals"],
    "locations": {
      "vic": {
        "price": 6.5,
        "promoText": "Any 2 $12",
        "packageSize": "350g",
        "packagePrice": "$1.86 per 100G"
      }
    }
  },
  {
    "id": "coles-curry-pot-half-pack-butter-chicken-rice",
    "brand": "Coles",
    "name": "Kitchen Butter Chicken With Rice",
    "imageUrl": "https://shop.coles.com.au/wcsstore/Coles-CAS/images/7/3/2/7325091-th.jpg",
    "categories": ["dairy-eggs-meals"],
    "tags": ["ready-to-eat-meals", "indian-fod-meals"],
    "locations": {
      "vic": {
        "price": 6.5,
        "promoText": "Any 2 $12",
        "packageSize": "350g",
        "packagePrice": "$1.86 per 100G"
      }
    }
  },
  {
    "id": "stonefire-garlic-naan",
    "brand": "Stonefire",
    "name": "Roasted Garlic Naan 2 pack",
    "imageUrl": "https://shop.coles.com.au/wcsstore/Coles-CAS/images/2/8/8/2885532-th.jpg",
    "categories": ["dairy-eggs-meals"],
    "tags": ["ready-to-eat-meals", "indian-fod-meals"],
    "locations": {
      "vic": {
        "price": 3,
        "promoText": " ",
        "packageSize": "250g",
        "packagePrice": "$1.20 per 100G"
      }
    }
  },
  {
    "id": "coles-natures-kitchen-meat-free-butter-chicken",
    "brand": "Coles",
    "name": "Natures Kitchen Meat Free Butter Chicken",
    "imageUrl": "https://shop.coles.com.au/wcsstore/Coles-CAS/images/3/6/4/3649648-th.jpg",
    "categories": ["dairy-eggs-meals"],
    "tags": ["ready-to-eat-meals", "indian-fod-meals"],
    "locations": {
      "vic": {
        "price": 7.5,
        "promoText": "Any 2 $12",
        "packageSize": "350g",
        "packagePrice": "$2.14 per 100G"
      }
    }
  },
  {
    "id": "coles-tikka-masala-chicken-curry-meal",
    "brand": "Coles",
    "name": "Kitchen Chicken Tikka Masala With Rice",
    "imageUrl": "https://shop.coles.com.au/wcsstore/Coles-CAS/images/2/8/7/2877523-th.jpg",
    "categories": ["dairy-eggs-meals"],
    "tags": ["ready-to-eat-meals", "indian-fod-meals"],
    "locations": {
      "vic": {
        "price": 6.5,
        "promoText": "Any 2 $12",
        "packageSize": "350g",
        "packagePrice": "$1.86 per 100G"
      }
    }
  },
  {
    "id": "coles-finest-butter-chicken",
    "brand": "Coles",
    "name": "Finest Creamy Butter Chicken",
    "imageUrl": "https://shop.coles.com.au/wcsstore/Coles-CAS/images/3/7/7/3771313-th.jpg",
    "categories": ["dairy-eggs-meals"],
    "tags": ["ready-to-eat-meals", "indian-fod-meals"],
    "locations": {
      "vic": {
        "price": 8.5,
        "promoText": " ",
        "packageSize": "400g",
        "packagePrice": "$2.13 per 100G"
      }
    }
  },
  {
    "id": "ready-chef-beef-lasagne",
    "brand": "Ready Chef",
    "name": "Beef Lasagne",
    "imageUrl": "https://shop.coles.com.au/wcsstore/Coles-CAS/images/9/1/9/9196207-th.jpg",
    "categories": ["dairy-eggs-meals"],
    "tags": ["ready-to-eat-meals", "italian-meals-pasta"],
    "locations": {
      "vic": {
        "price": 15,
        "promoText": " ",
        "packageSize": "2kg",
        "packagePrice": "$0.75 per 100G"
      }
    }
  },
  {
    "id": "coles-cuisine-beef-lasagne",
    "brand": "Coles",
    "name": "Kitchen Beef Lasagne",
    "imageUrl": "https://shop.coles.com.au/wcsstore/Coles-CAS/images/1/7/2/1728062-th.jpg",
    "categories": ["dairy-eggs-meals"],
    "tags": ["ready-to-eat-meals", "italian-meals-pasta"],
    "locations": {
      "vic": {
        "price": 7.5,
        "promoText": "Any 2 $12",
        "packageSize": "400g",
        "packagePrice": "$1.88 per 100G"
      }
    }
  },
  {
    "id": "coles-kitchen-cannelloni-spnch-ricta",
    "brand": "Coles",
    "name": "Kitchen Spinach & Ricotta Cannelloni",
    "imageUrl": "https://shop.coles.com.au/wcsstore/Coles-CAS/images/3/7/7/3771277-th.jpg",
    "categories": ["dairy-eggs-meals"],
    "tags": ["ready-to-eat-meals", "italian-meals-pasta"],
    "locations": {
      "vic": {
        "price": 6.5,
        "promoText": "Any 2 $12",
        "packageSize": "350g",
        "packagePrice": "$1.86 per 100G"
      }
    }
  },
  {
    "id": "coles-natures-kitchen-lentil-spag-bolognese",
    "brand": "Coles",
    "name": "Natures Kitchen Lentil Spag Bolognese",
    "imageUrl": "https://shop.coles.com.au/wcsstore/Coles-CAS/images/3/4/6/3468031-th.jpg",
    "categories": ["dairy-eggs-meals"],
    "tags": ["ready-to-eat-meals", "italian-meals-pasta"],
    "locations": {
      "vic": {
        "price": 7.5,
        "promoText": "Any 2 $12",
        "packageSize": "350g",
        "packagePrice": "$2.14 per 100G"
      }
    }
  },
  {
    "id": "coles-spaghetti-carbonara-pasta",
    "brand": "Coles",
    "name": "Kitchen Spaghetti Carbonara",
    "imageUrl": "https://shop.coles.com.au/wcsstore/Coles-CAS/images/2/6/8/2680802-th.jpg",
    "categories": ["dairy-eggs-meals"],
    "tags": ["ready-to-eat-meals", "italian-meals-pasta"],
    "locations": {
      "vic": {
        "price": 7.5,
        "promoText": "Any 2 $12",
        "packageSize": "350g",
        "packagePrice": "$2.14 per 100G"
      }
    }
  },
  {
    "id": "latina-lasagne-angus-beef-vegetable-9991403p",
    "brand": "Latina",
    "name": "Lasagne with Angus Beef & Vegetables",
    "imageUrl": "https://shop.coles.com.au/wcsstore/Coles-CAS/images/9/9/9/9991403-th.jpg",
    "categories": ["dairy-eggs-meals"],
    "tags": ["ready-to-eat-meals", "italian-meals-pasta"],
    "locations": {
      "vic": {
        "price": 13.75,
        "promoText": " ",
        "packageSize": "800g",
        "packagePrice": "$1.72 per 100G"
      }
    }
  },
  {
    "id": "coles-beef-lasagne-3165991p",
    "brand": "Coles",
    "name": "Beef Lasagne",
    "imageUrl": "https://shop.coles.com.au/wcsstore/Coles-CAS/images/3/1/6/3165991-th.jpg",
    "categories": ["dairy-eggs-meals"],
    "tags": ["ready-to-eat-meals", "italian-meals-pasta"],
    "locations": {
      "vic": {
        "price": 10,
        "promoText": " ",
        "packageSize": "1.8kg",
        "packagePrice": "$5.56 per 1KG"
      }
    }
  },
  {
    "id": "pitango-godness-bowl-butter-chicken",
    "brand": "Pitango",
    "name": "Goodness Bowl Butter Chicken",
    "imageUrl": "https://shop.coles.com.au/wcsstore/Coles-CAS/images/3/7/6/3761841-th.jpg",
    "categories": ["dairy-eggs-meals"],
    "tags": ["ready-to-eat-meals", "italian-meals-pasta"],
    "locations": {
      "vic": {
        "price": 6,
        "promoText": " ",
        "packageSize": "350g",
        "packagePrice": "$1.71 per 100G"
      }
    }
  },
  {
    "id": "banquet--everyday-quiche-lorraine",
    "brand": "Banquet",
    "name": "Quiche Lorraine",
    "imageUrl": "https://shop.coles.com.au/wcsstore/Coles-CAS/images/2/8/1/2815898-th.jpg",
    "categories": ["dairy-eggs-meals"],
    "tags": ["ready-to-eat-meals", "pies-pastries"],
    "locations": {
      "vic": {
        "price": 9,
        "promoText": " ",
        "packageSize": "700g",
        "packagePrice": "$1.29 per 100G"
      }
    }
  },
  {
    "id": "pomodoro-bros-pizza-bases-stone-baked",
    "brand": "Pomodoro Bros",
    "name": "Stone Baked Pizza Base Twin pack",
    "imageUrl": "https://shop.coles.com.au/wcsstore/Coles-CAS/images/8/7/1/8714656-th.jpg",
    "categories": ["dairy-eggs-meals"],
    "tags": ["ready-to-eat-meals", "pizzas"],
    "locations": {
      "vic": {
        "price": 4.2,
        "promoText": " ",
        "packageSize": "560g",
        "packagePrice": "$0.75 per 100G"
      }
    }
  },
  {
    "id": "pitango-free-range-chicken-vegetable-soup",
    "brand": "Pitango",
    "name": "Free Range Chicken & Vegetable Soup",
    "imageUrl": "https://shop.coles.com.au/wcsstore/Coles-CAS/images/3/1/8/3183122-th.jpg",
    "categories": ["dairy-eggs-meals"],
    "tags": ["ready-to-eat-meals", "soups-stews"],
    "locations": {
      "vic": {
        "price": 6,
        "promoText": " ",
        "packageSize": "500g",
        "packagePrice": "$1.20 per 100G"
      }
    }
  },
  {
    "id": "darikay-hearty-chicken-soup",
    "brand": "Darikay",
    "name": "Hearty Chicken Soup",
    "imageUrl": "https://shop.coles.com.au/wcsstore/Coles-CAS/images/1/1/9/1196600-th.jpg",
    "categories": ["dairy-eggs-meals"],
    "tags": ["ready-to-eat-meals", "soups-stews"],
    "locations": {
      "vic": {
        "price": 6.5,
        "promoText": " ",
        "packageSize": "550g",
        "packagePrice": "$1.18 per 100G"
      }
    }
  },
  {
    "id": "coles-butternut-pumpkin-soup",
    "brand": "Coles",
    "name": "Kitchen Butternut Pumpkin Soup",
    "imageUrl": "https://shop.coles.com.au/wcsstore/Coles-CAS/images/3/4/6/3467447-th.jpg",
    "categories": ["dairy-eggs-meals"],
    "tags": ["ready-to-eat-meals", "soups-stews"],
    "locations": {
      "vic": {
        "price": 3,
        "promoText": "Any 2 $5",
        "packageSize": "300g",
        "packagePrice": "$1.00 per 100G"
      }
    }
  },
  {
    "id": "darikay-chicken-noodle-soup",
    "brand": "Darikay",
    "name": "Chicken Noodle Soup",
    "imageUrl": "https://shop.coles.com.au/wcsstore/Coles-CAS/images/1/1/9/1196611-th.jpg",
    "categories": ["dairy-eggs-meals"],
    "tags": ["ready-to-eat-meals", "soups-stews"],
    "locations": {
      "vic": {
        "price": 6.5,
        "promoText": " ",
        "packageSize": "550g",
        "packagePrice": "$1.18 per 100G"
      }
    }
  },
  {
    "id": "coles-hard-tofu",
    "brand": "Coles",
    "name": "Nature's Kitchen Firm Tofu",
    "imageUrl": "https://shop.coles.com.au/wcsstore/Coles-CAS/images/2/7/5/2752255-th.jpg",
    "categories": ["dairy-eggs-meals"],
    "tags": ["vegetarian-options", "tofu"],
    "locations": {
      "vic": {
        "price": 2.5,
        "promoText": " ",
        "packageSize": "300g",
        "packagePrice": "$0.83 per 100G"
      }
    }
  },
  {
    "id": "tly-joyce-tofu-silken-firm",
    "brand": "TLY Joyce",
    "name": "Silken Firm Tofu",
    "imageUrl": "https://shop.coles.com.au/wcsstore/Coles-CAS/images/6/7/0/6701132-th.jpg",
    "categories": ["dairy-eggs-meals"],
    "tags": ["vegetarian-options", "tofu"],
    "locations": {
      "vic": {
        "price": 2.7,
        "promoText": " ",
        "packageSize": "300g",
        "packagePrice": "$0.90 per 100G"
      }
    }
  },
  {
    "id": "coles-natures-kitchen-silken-tofu",
    "brand": "Coles",
    "name": "Natures Kitchen Silken Tofu",
    "imageUrl": "https://shop.coles.com.au/wcsstore/Coles-CAS/images/3/6/5/3655108-th.jpg",
    "categories": ["dairy-eggs-meals"],
    "tags": ["vegetarian-options", "tofu"],
    "locations": {
      "vic": {
        "price": 2.5,
        "promoText": " ",
        "packageSize": "300g",
        "packagePrice": "$0.83 per 100G"
      }
    }
  },
  {
    "id": "beijing-tofu-pieces-chilli",
    "brand": "Beijing",
    "name": "Chilli Tofu Pieces",
    "imageUrl": "https://shop.coles.com.au/wcsstore/Coles-CAS/images/8/8/7/8879601-th.jpg",
    "categories": ["dairy-eggs-meals"],
    "tags": ["vegetarian-options", "tofu"],
    "locations": {
      "vic": {
        "price": 5,
        "promoText": " ",
        "packageSize": "200g",
        "packagePrice": "$2.50 per 100G"
      }
    }
  },
  {
    "id": "coles-tofu",
    "brand": "Coles",
    "name": "Nature's Kitchen Firm Tofu",
    "imageUrl": "https://shop.coles.com.au/wcsstore/Coles-CAS/images/3/5/1/3513180-th.jpg",
    "categories": ["dairy-eggs-meals"],
    "tags": ["vegetarian-options", "tofu"],
    "locations": {
      "vic": {
        "price": 3.75,
        "promoText": " ",
        "packageSize": "450g",
        "packagePrice": "$0.83 per 100G"
      }
    }
  },
  {
    "id": "coles-sweet-chilli-tofu-nuggets-3512360p",
    "brand": "Coles",
    "name": "Nature's Kitchen Sweet Chilli Tofu Nuggets Mild",
    "imageUrl": "https://shop.coles.com.au/wcsstore/Coles-CAS/images/3/5/1/3512360-th.jpg",
    "categories": ["dairy-eggs-meals"],
    "tags": ["vegetarian-options", "tofu"],
    "locations": {
      "vic": {
        "price": 5.9,
        "promoText": " ",
        "packageSize": "350g",
        "packagePrice": "$1.69 per 100G"
      }
    }
  },
  {
    "id": "yumis-falafel-balls-plain",
    "brand": "Yumi's",
    "name": "Classic Falafel Balls",
    "imageUrl": "https://shop.coles.com.au/wcsstore/Coles-CAS/images/7/8/4/7844306-th.jpg",
    "categories": ["dairy-eggs-meals"],
    "tags": ["vegetarian-options", "falafels"],
    "locations": {
      "vic": {
        "price": 5,
        "promoText": " ",
        "packageSize": "225g",
        "packagePrice": "$2.22 per 100G"
      }
    }
  },
  {
    "id": "yumis-falafel-balls-sesame",
    "brand": "Yumi's",
    "name": "Sesame Falafel Balls",
    "imageUrl": "https://shop.coles.com.au/wcsstore/Coles-CAS/images/7/8/4/7844317-th.jpg",
    "categories": ["dairy-eggs-meals"],
    "tags": ["vegetarian-options", "falafels"],
    "locations": {
      "vic": {
        "price": 5,
        "promoText": " ",
        "packageSize": "225g",
        "packagePrice": "$2.22 per 100G"
      }
    }
  },
  {
    "id": "wildly-good-beetroot-black-bean-burger-3516189p",
    "brand": "Wildly Good",
    "name": "Beetroot & Black Bean Burgers",
    "imageUrl": "https://shop.coles.com.au/wcsstore/Coles-CAS/images/3/5/1/3516189-th.jpg",
    "categories": ["dairy-eggs-meals"],
    "tags": ["vegetarian-options", "vegie-burgers-sausages"],
    "locations": {
      "vic": {
        "price": 6,
        "promoText": " ",
        "packageSize": "250g",
        "packagePrice": "$2.40 per 100G"
      }
    }
  },
  {
    "id": "bean-supreme-tomato-basil-sausage-3516429p",
    "brand": "Bean Supreme",
    "name": "Mozzarella Tomato & Basil Sausages 6 Pack",
    "imageUrl": "https://shop.coles.com.au/wcsstore/Coles-CAS/images/3/5/1/3516429-th.jpg",
    "categories": ["dairy-eggs-meals"],
    "tags": ["vegetarian-options", "vegie-burgers-sausages"],
    "locations": {
      "vic": {
        "price": 8,
        "promoText": " ",
        "packageSize": "375g",
        "packagePrice": "$2.13 per 100G"
      }
    }
  },
  {
    "id": "bean-supreme-masala-burger-3516418p",
    "brand": "Bean Supreme",
    "name": "Masala Burgers 4 Pack",
    "imageUrl": "https://shop.coles.com.au/wcsstore/Coles-CAS/images/3/5/1/3516418-th.jpg",
    "categories": ["dairy-eggs-meals"],
    "tags": ["vegetarian-options", "vegie-burgers-sausages"],
    "locations": {
      "vic": {
        "price": 5,
        "promoText": "$3.00 ",
        "packageSize": "340g",
        "packagePrice": "$1.47 per 100G"
      }
    }
  },
  {
    "id": "coles-original-meat-free-sausages",
    "brand": "Coles",
    "name": "Nature's Kitchen Original Meat Free Sausages",
    "imageUrl": "https://shop.coles.com.au/wcsstore/Coles-CAS/images/3/5/1/3513169-th.jpg",
    "categories": ["dairy-eggs-meals"],
    "tags": ["vegetarian-options", "vegie-burgers-sausages"],
    "locations": {
      "vic": {
        "price": 6,
        "promoText": " ",
        "packageSize": "270g",
        "packagePrice": "$2.22 per 100G"
      }
    }
  },
  {
    "id": "coles-meat-free-chicken-tenderloins-3512916p",
    "brand": "Coles",
    "name": "Nature's Kitchen Meat Free Chicken Style Tenders",
    "imageUrl": "https://shop.coles.com.au/wcsstore/Coles-CAS/images/3/5/1/3512916-th.jpg",
    "categories": ["dairy-eggs-meals"],
    "tags": ["vegetarian-options", "vegie-burgers-sausages"],
    "locations": {
      "vic": {
        "price": 7,
        "promoText": " ",
        "packageSize": "240g",
        "packagePrice": "$2.92 per 100G"
      }
    }
  },
  {
    "id": "wildly-god-fritter-bites-swet-corn-spring-onion",
    "brand": "Wildly Good",
    "name": "Sweet Corn Spring Onion Fritter Bites",
    "imageUrl": "https://shop.coles.com.au/wcsstore/Coles-CAS/images/3/7/6/3767098-th.jpg",
    "categories": ["dairy-eggs-meals"],
    "tags": ["vegetarian-options", "vegie-burgers-sausages"],
    "locations": {
      "vic": {
        "price": 6,
        "promoText": " ",
        "packageSize": "210g",
        "packagePrice": "$2.86 per 100G"
      }
    }
  },
  {
    "id": "yumis-delights-sweet-potato-herb-dip",
    "brand": "Yumis",
    "name": "Vegetable Delights Sweet Potato & Herb",
    "imageUrl": "https://shop.coles.com.au/wcsstore/Coles-CAS/images/2/1/2/2122020-th.jpg",
    "categories": ["dairy-eggs-meals"],
    "tags": ["vegetarian-options", "vegie-burgers-sausages"],
    "locations": {
      "vic": {
        "price": 5.5,
        "promoText": " ",
        "packageSize": "225g",
        "packagePrice": "$2.44 per 100G"
      }
    }
  },
  {
    "id": "keep-it-cleaner-protein-bars-apple-crumble-3515583p",
    "brand": "Keep It Cleaner",
    "name": "Probiotic Apple Cinnamon Protein Bar",
    "imageUrl": "https://shop.coles.com.au/wcsstore/Coles-CAS/images/3/5/1/3515583-th.jpg",
    "categories": ["dairy-eggs-meals"],
    "tags": ["vegetarian-options", "vegie-burgers-sausages"],
    "locations": {
      "vic": {
        "price": 3,
        "promoText": " ",
        "packageSize": "40g",
        "packagePrice": "$7.50 per 100G"
      }
    }
  },
  {
    "id": "hudsons-jackfruit-massaman-curry",
    "brand": "Hudson's",
    "name": "Jackfruit Massaman Curry",
    "imageUrl": "https://shop.coles.com.au/wcsstore/Coles-CAS/images/3/5/8/3582875-th.jpg",
    "categories": ["dairy-eggs-meals"],
    "tags": ["vegetarian-options", "vegie-burgers-sausages"],
    "locations": {
      "vic": {
        "price": 6,
        "promoText": " ",
        "packageSize": "250g",
        "packagePrice": "$2.40 per 100G"
      }
    }
  },
  {
    "id": "quorn-pieces-3515732p",
    "brand": "Quorn",
    "name": "Pieces",
    "imageUrl": "https://shop.coles.com.au/wcsstore/Coles-CAS/images/3/5/1/3515732-th.jpg",
    "categories": ["dairy-eggs-meals"],
    "tags": ["vegetarian-options", "vegie-burgers-sausages"],
    "locations": {
      "vic": {
        "price": 5.5,
        "promoText": " ",
        "packageSize": "200g",
        "packagePrice": "$2.75 per 100G"
      }
    }
  },
  {
    "id": "wildly-good-smoky-cauliflower-burger-3516167p",
    "brand": "Wildly Good",
    "name": "Smoky Cauliflower Burgers 2 Pack",
    "imageUrl": "https://shop.coles.com.au/wcsstore/Coles-CAS/images/3/5/1/3516167-th.jpg",
    "categories": ["dairy-eggs-meals"],
    "tags": ["vegetarian-options", "vegie-burgers-sausages"],
    "locations": {
      "vic": {
        "price": 6,
        "promoText": " ",
        "packageSize": "250g",
        "packagePrice": "$2.40 per 100G"
      }
    }
  },
  {
    "id": "hudsons-jackfruit-tex-mex",
    "brand": "Hudson's",
    "name": "Jackfruit Tex Mex",
    "imageUrl": "https://shop.coles.com.au/wcsstore/Coles-CAS/images/3/5/8/3582886-th.jpg",
    "categories": ["dairy-eggs-meals"],
    "tags": ["vegetarian-options", "vegie-burgers-sausages"],
    "locations": {
      "vic": {
        "price": 6,
        "promoText": " ",
        "packageSize": "250g",
        "packagePrice": "$2.40 per 100G"
      }
    }
  },
  {
    "id": "quorn-burger-3515700p",
    "brand": "Quorn",
    "name": "Burgers 2 pack",
    "imageUrl": "https://shop.coles.com.au/wcsstore/Coles-CAS/images/3/5/1/3515700-th.jpg",
    "categories": ["dairy-eggs-meals"],
    "tags": ["vegetarian-options", "vegie-burgers-sausages"],
    "locations": {
      "vic": {
        "price": 5.5,
        "promoText": " ",
        "packageSize": "160g",
        "packagePrice": "$3.44 per 100G"
      }
    }
  },
  {
    "id": "wildly-good-sweet-potato-kimchi-burger-3516145p",
    "brand": "Wildly Good",
    "name": "Sweet Potato & Kimchi Burgers 2 pack",
    "imageUrl": "https://shop.coles.com.au/wcsstore/Coles-CAS/images/3/5/1/3516145-th.jpg",
    "categories": ["dairy-eggs-meals"],
    "tags": ["vegetarian-options", "vegie-burgers-sausages"],
    "locations": {
      "vic": {
        "price": 6,
        "promoText": " ",
        "packageSize": "250g",
        "packagePrice": "$2.40 per 100G"
      }
    }
  }
]

